[
    {
        "date": "2025-09-28",
        "symbol": "ATI",
        "reportedCurrency": "USD",
        "cik": "0001018963",
        "fillingDate": "2025-10-28",
        "acceptedDate": "2025-10-28 13:41:03",
        "calendarYear": "2025",
        "period": "Q3",
        "revenue": 1125500000,
        "costOfRevenue": 870200000,
        "grossProfit": 255300000,
        "grossProfitRatio": 0.2268325189,
        "researchAndDevelopmentExpenses": 0,
        "generalAndAdministrativeExpenses": 94600000,
        "sellingAndMarketingExpenses": 0,
        "sellingGeneralAndAdministrativeExpenses": 94600000,
        "otherExpenses": -1700000,
        "operatingExpenses": 92900000,
        "costAndExpenses": 963100000,
        "interestIncome": 0,
        "interestExpense": 26100000,
        "depreciationAndAmortization": 42600000,
        "ebitda": 213300000,
        "ebitdaratio": 0.1895157708,
        "operatingIncome": 162400000,
        "operatingIncomeRatio": 0.144291426,
        "totalOtherIncomeExpensesNet": -17800000,
        "incomeBeforeTax": 144600000,
        "incomeBeforeTaxRatio": 0.1284762328,
        "incomeTaxExpense": 31000000,
        "netIncome": 110000000,
        "netIncomeRatio": 0.0977343403,
        "eps": 0.8,
        "epsdiluted": 0.78,
        "weightedAverageShsOut": 137500000,
        "weightedAverageShsOutDil": 141026000,
        "link": "https://www.sec.gov/Archives/edgar/data/1018963/000162828025046675/0001628280-25-046675-index.htm",
        "finalLink": "https://www.sec.gov/Archives/edgar/data/1018963/000162828025046675/ati-20250928.htm"
    },
    {
        "date": "2025-06-29",
        "symbol": "ATI",
        "reportedCurrency": "USD",
        "cik": "0001018963",
        "fillingDate": "2025-07-31",
        "acceptedDate": "2025-07-31 15:19:21",
        "calendarYear": "2025",
        "period": "Q2",
        "revenue": 1140400000,
        "costOfRevenue": 890800000,
        "grossProfit": 249600000,
        "grossProfitRatio": 0.2188705717,
        "researchAndDevelopmentExpenses": 0,
        "generalAndAdministrativeExpenses": 0,
        "sellingAndMarketingExpenses": 0,
        "sellingGeneralAndAdministrativeExpenses": 85300000,
        "otherExpenses": 3300000,
        "operatingExpenses": 88600000,
        "costAndExpenses": 979400000,
        "interestIncome": 0,
        "interestExpense": 25400000,
        "depreciationAndAmortization": 41600000,
        "ebitda": 205900000,
        "ebitdaratio": 0.180550684,
        "operatingIncome": 161000000,
        "operatingIncomeRatio": 0.1411785338,
        "totalOtherIncomeExpensesNet": -27700000,
        "incomeBeforeTax": 133300000,
        "incomeBeforeTaxRatio": 0.1168888109,
        "incomeTaxExpense": 29300000,
        "netIncome": 100700000,
        "netIncomeRatio": 0.0883023501,
        "eps": 0.72,
        "epsdiluted": 0.7,
        "weightedAverageShsOut": 139800000,
        "weightedAverageShsOutDil": 143100000,
        "link": "https://www.sec.gov/Archives/edgar/data/1018963/000162828025036963/0001628280-25-036963-index.htm",
        "finalLink": "https://www.sec.gov/Archives/edgar/data/1018963/000162828025036963/ati-20250629.htm"
    },
    {
        "date": "2025-03-31",
        "symbol": "ATI",
        "reportedCurrency": "USD",
        "cik": "0001018963",
        "fillingDate": "2025-05-01",
        "acceptedDate": "2025-05-01 14:36:01",
        "calendarYear": "2025",
        "period": "Q1",
        "revenue": 1144400000,
        "costOfRevenue": 904600000,
        "grossProfit": 239800000,
        "grossProfitRatio": 0.2095421181,
        "researchAndDevelopmentExpenses": 0,
        "generalAndAdministrativeExpenses": 0,
        "sellingAndMarketingExpenses": 0,
        "sellingGeneralAndAdministrativeExpenses": 88900000,
        "otherExpenses": 4000000,
        "operatingExpenses": 92900000,
        "costAndExpenses": 997500000,
        "interestIncome": 0,
        "interestExpense": 23000000,
        "depreciationAndAmortization": 40800000,
        "ebitda": 191700000,
        "ebitdaratio": 0.1675113597,
        "operatingIncome": 146900000,
        "operatingIncomeRatio": 0.1283642083,
        "totalOtherIncomeExpensesNet": -25400000,
        "incomeBeforeTax": 121500000,
        "incomeBeforeTaxRatio": 0.1061691716,
        "incomeTaxExpense": 21000000,
        "netIncome": 97000000,
        "netIncomeRatio": 0.0847605732,
        "eps": 0.68,
        "epsdiluted": 0.67,
        "weightedAverageShsOut": 141700000,
        "weightedAverageShsOutDil": 146800000,
        "link": "https://www.sec.gov/Archives/edgar/data/1018963/000162828025021463/0001628280-25-021463-index.htm",
        "finalLink": "https://www.sec.gov/Archives/edgar/data/1018963/000162828025021463/ati-20250330.htm"
    },
    {
        "date": "2024-12-31",
        "symbol": "ATI",
        "reportedCurrency": "USD",
        "cik": "0001018963",
        "fillingDate": "2025-02-21",
        "acceptedDate": "2025-02-21 15:40:28",
        "calendarYear": "2024",
        "period": "Q4",
        "revenue": 1172700000,
        "costOfRevenue": 913900000,
        "grossProfit": 258800000,
        "grossProfitRatio": 0.2206873028,
        "researchAndDevelopmentExpenses": 22100000,
        "generalAndAdministrativeExpenses": 64000000,
        "sellingAndMarketingExpenses": 40200000,
        "sellingGeneralAndAdministrativeExpenses": 104200000,
        "otherExpenses": -76400000,
        "operatingExpenses": 49900000,
        "costAndExpenses": 963800000,
        "interestIncome": 0,
        "interestExpense": 25200000,
        "depreciationAndAmortization": 13400000,
        "ebitda": 168000000,
        "ebitdaratio": 0.1432591456,
        "operatingIncome": 208900000,
        "operatingIncomeRatio": 0.1781359256,
        "totalOtherIncomeExpensesNet": -33900000,
        "incomeBeforeTax": 175000000,
        "incomeBeforeTaxRatio": 0.1492282766,
        "incomeTaxExpense": 32900000,
        "netIncome": 137100000,
        "netIncomeRatio": 0.1169096956,
        "eps": 0.97,
        "epsdiluted": 0.94,
        "weightedAverageShsOut": 142000000,
        "weightedAverageShsOutDil": 145600000,
        "link": "https://www.sec.gov/Archives/edgar/data/1018963/000162828025007092/0001628280-25-007092-index.htm",
        "finalLink": "https://www.sec.gov/Archives/edgar/data/1018963/000162828025007092/ati-20241229.htm"
    },
    {
        "date": "2024-09-30",
        "symbol": "ATI",
        "reportedCurrency": "USD",
        "cik": "0001018963",
        "fillingDate": "2024-10-29",
        "acceptedDate": "2024-10-29 13:59:48",
        "calendarYear": "2024",
        "period": "Q3",
        "revenue": 1051200000,
        "costOfRevenue": 826800000,
        "grossProfit": 224400000,
        "grossProfitRatio": 0.2134703196,
        "researchAndDevelopmentExpenses": 0,
        "generalAndAdministrativeExpenses": 0,
        "sellingAndMarketingExpenses": 0,
        "sellingGeneralAndAdministrativeExpenses": 86100000,
        "otherExpenses": -3900000,
        "operatingExpenses": 82200000,
        "costAndExpenses": 909000000,
        "interestIncome": 0,
        "interestExpense": 28000000,
        "depreciationAndAmortization": 38500000,
        "ebitda": 176800000,
        "ebitdaratio": 0.1681887367,
        "operatingIncome": 142200000,
        "operatingIncomeRatio": 0.1352739726,
        "totalOtherIncomeExpensesNet": -27300000,
        "incomeBeforeTax": 114900000,
        "incomeBeforeTaxRatio": 0.109303653,
        "incomeTaxExpense": 28300000,
        "netIncome": 82700000,
        "netIncomeRatio": 0.0786719939,
        "eps": 0.64,
        "epsdiluted": 0.57,
        "weightedAverageShsOut": 128700000,
        "weightedAverageShsOutDil": 146800000,
        "link": "https://www.sec.gov/Archives/edgar/data/1018963/000162828024044066/0001628280-24-044066-index.htm",
        "finalLink": "https://www.sec.gov/Archives/edgar/data/1018963/000162828024044066/ati-20240929.htm"
    },
    {
        "date": "2024-06-30",
        "symbol": "ATI",
        "reportedCurrency": "USD",
        "cik": "0001018963",
        "fillingDate": "2024-08-06",
        "acceptedDate": "2024-08-06 15:50:31",
        "calendarYear": "2024",
        "period": "Q2",
        "revenue": 1095300000,
        "costOfRevenue": 860600000,
        "grossProfit": 234700000,
        "grossProfitRatio": 0.2142791929,
        "researchAndDevelopmentExpenses": 0,
        "generalAndAdministrativeExpenses": 0,
        "sellingAndMarketingExpenses": 0,
        "sellingGeneralAndAdministrativeExpenses": 92600000,
        "otherExpenses": -500000,
        "operatingExpenses": 92100000,
        "costAndExpenses": 952700000,
        "interestIncome": 0,
        "interestExpense": 28400000,
        "depreciationAndAmortization": 37900000,
        "ebitda": 180000000,
        "ebitdaratio": 0.1643385374,
        "operatingIncome": 142600000,
        "operatingIncomeRatio": 0.1301926413,
        "totalOtherIncomeExpensesNet": -31700000,
        "incomeBeforeTax": 110900000,
        "incomeBeforeTaxRatio": 0.1012507989,
        "incomeTaxExpense": 25300000,
        "netIncome": 81900000,
        "netIncomeRatio": 0.0747740345,
        "eps": 0.66,
        "epsdiluted": 0.57,
        "weightedAverageShsOut": 124400000,
        "weightedAverageShsOutDil": 146300000,
        "link": "https://www.sec.gov/Archives/edgar/data/1018963/000162828024035141/0001628280-24-035141-index.htm",
        "finalLink": "https://www.sec.gov/Archives/edgar/data/1018963/000162828024035141/ati-20240630.htm"
    },
    {
        "date": "2024-03-31",
        "symbol": "ATI",
        "reportedCurrency": "USD",
        "cik": "0001018963",
        "fillingDate": "2024-04-30",
        "acceptedDate": "2024-04-30 13:52:26",
        "calendarYear": "2024",
        "period": "Q1",
        "revenue": 1042900000,
        "costOfRevenue": 842600000,
        "grossProfit": 200300000,
        "grossProfitRatio": 0.1920606002,
        "researchAndDevelopmentExpenses": 0,
        "generalAndAdministrativeExpenses": 0,
        "sellingAndMarketingExpenses": 0,
        "sellingGeneralAndAdministrativeExpenses": 85700000,
        "otherExpenses": -600000,
        "operatingExpenses": 85100000,
        "costAndExpenses": 927700000,
        "interestIncome": 0,
        "interestExpense": 26600000,
        "depreciationAndAmortization": 36000000,
        "ebitda": 150600000,
        "ebitdaratio": 0.1444050245,
        "operatingIncome": 115200000,
        "operatingIncomeRatio": 0.1104612139,
        "totalOtherIncomeExpensesNet": -29900000,
        "incomeBeforeTax": 85300000,
        "incomeBeforeTaxRatio": 0.0817911593,
        "incomeTaxExpense": 16900000,
        "netIncome": 66099999,
        "netIncomeRatio": 0.063380956,
        "eps": 0.52,
        "epsdiluted": 0.46,
        "weightedAverageShsOut": 142958481,
        "weightedAverageShsOutDil": 147500000,
        "link": "https://www.sec.gov/Archives/edgar/data/1018963/000162828024019285/0001628280-24-019285-index.htm",
        "finalLink": "https://www.sec.gov/Archives/edgar/data/1018963/000162828024019285/ati-20240331.htm"
    },
    {
        "date": "2023-12-31",
        "symbol": "ATI",
        "reportedCurrency": "USD",
        "cik": "0001018963",
        "fillingDate": "2024-02-23",
        "acceptedDate": "2024-02-23 13:54:13",
        "calendarYear": "2023",
        "period": "Q4",
        "revenue": 1064000000,
        "costOfRevenue": 836600000,
        "grossProfit": 227400000,
        "grossProfitRatio": 0.2137218045,
        "researchAndDevelopmentExpenses": 22100000,
        "generalAndAdministrativeExpenses": 62300000,
        "sellingAndMarketingExpenses": 102400000,
        "sellingGeneralAndAdministrativeExpenses": 164700000,
        "otherExpenses": -67700000,
        "operatingExpenses": 119100000,
        "costAndExpenses": 955700000,
        "interestIncome": 400000,
        "interestExpense": 28200000,
        "depreciationAndAmortization": 14000000,
        "ebitda": 76700000,
        "ebitdaratio": 0.0720864662,
        "operatingIncome": 108300000,
        "operatingIncomeRatio": 0.1017857143,
        "totalOtherIncomeExpensesNet": -100200000,
        "incomeBeforeTax": 8100000,
        "incomeBeforeTaxRatio": 0.007612782,
        "incomeTaxExpense": -141100000,
        "netIncome": 145700000,
        "netIncomeRatio": 0.1369360902,
        "eps": 1.15,
        "epsdiluted": 0.99,
        "weightedAverageShsOut": 127200000,
        "weightedAverageShsOutDil": 149400000,
        "link": "https://www.sec.gov/Archives/edgar/data/1018963/000162828024006606/0001628280-24-006606-index.htm",
        "finalLink": "https://www.sec.gov/Archives/edgar/data/1018963/000162828024006606/ati-20231231.htm"
    },
    {
        "date": "2023-09-30",
        "symbol": "ATI",
        "reportedCurrency": "USD",
        "cik": "0001018963",
        "fillingDate": "2023-11-02",
        "acceptedDate": "2023-11-02 14:51:54",
        "calendarYear": "2023",
        "period": "Q3",
        "revenue": 1025599999,
        "costOfRevenue": 831000000,
        "grossProfit": 194600000,
        "grossProfitRatio": 0.1897425899,
        "researchAndDevelopmentExpenses": 0,
        "generalAndAdministrativeExpenses": 0,
        "sellingAndMarketingExpenses": 0,
        "sellingGeneralAndAdministrativeExpenses": 72200000,
        "otherExpenses": -2800000,
        "operatingExpenses": 69399999,
        "costAndExpenses": 900399999,
        "interestIncome": 0,
        "interestExpense": 23800000,
        "depreciationAndAmortization": 36400000,
        "ebitda": 158800000,
        "ebitdaratio": 0.1548361936,
        "operatingIncome": 125200000,
        "operatingIncomeRatio": 0.1220748831,
        "totalOtherIncomeExpensesNet": -26200000,
        "incomeBeforeTax": 99000000,
        "incomeBeforeTaxRatio": 0.0965288612,
        "incomeTaxExpense": 4900000,
        "netIncome": 90200000,
        "netIncomeRatio": 0.087948518,
        "eps": 0.7,
        "epsdiluted": 0.62,
        "weightedAverageShsOut": 128100000,
        "weightedAverageShsOutDil": 150200000,
        "link": "https://www.sec.gov/Archives/edgar/data/1018963/000162828023036343/0001628280-23-036343-index.htm",
        "finalLink": "https://www.sec.gov/Archives/edgar/data/1018963/000162828023036343/ati-20230930.htm"
    },
    {
        "date": "2023-06-30",
        "symbol": "ATI",
        "reportedCurrency": "USD",
        "cik": "0001018963",
        "fillingDate": "2023-08-02",
        "acceptedDate": "2023-08-02 14:05:15",
        "calendarYear": "2023",
        "period": "Q2",
        "revenue": 1046000000,
        "costOfRevenue": 836900000,
        "grossProfit": 209100000,
        "grossProfitRatio": 0.1999043977,
        "researchAndDevelopmentExpenses": 0,
        "generalAndAdministrativeExpenses": 0,
        "sellingAndMarketingExpenses": 0,
        "sellingGeneralAndAdministrativeExpenses": 87900000,
        "otherExpenses": 900000,
        "operatingExpenses": 88800000,
        "costAndExpenses": 925700000,
        "interestIncome": 0,
        "interestExpense": 21300000,
        "depreciationAndAmortization": 35100000,
        "ebitda": 156300000,
        "ebitdaratio": 0.1494263862,
        "operatingIncome": 120300000,
        "operatingIncomeRatio": 0.1150095602,
        "totalOtherIncomeExpensesNet": -23100000,
        "incomeBeforeTax": 97200000,
        "incomeBeforeTaxRatio": 0.0929254302,
        "incomeTaxExpense": 3700000,
        "netIncome": 90400000,
        "netIncomeRatio": 0.0864244742,
        "eps": 0.7,
        "epsdiluted": 0.62,
        "weightedAverageShsOut": 128500000,
        "weightedAverageShsOutDil": 150100000,
        "link": "https://www.sec.gov/Archives/edgar/data/1018963/000162828023026678/0001628280-23-026678-index.htm",
        "finalLink": "https://www.sec.gov/Archives/edgar/data/1018963/000162828023026678/ati-20230630.htm"
    },
    {
        "date": "2023-03-31",
        "symbol": "ATI",
        "reportedCurrency": "USD",
        "cik": "0001018963",
        "fillingDate": "2023-05-04",
        "acceptedDate": "2023-05-04 14:22:26",
        "calendarYear": "2023",
        "period": "Q1",
        "revenue": 1038099999,
        "costOfRevenue": 844900000,
        "grossProfit": 193200000,
        "grossProfitRatio": 0.1861092382,
        "researchAndDevelopmentExpenses": 0,
        "generalAndAdministrativeExpenses": 0,
        "sellingAndMarketingExpenses": 0,
        "sellingGeneralAndAdministrativeExpenses": 83000000,
        "otherExpenses": -2400000,
        "operatingExpenses": 80599999,
        "costAndExpenses": 925499999,
        "interestIncome": 0,
        "interestExpense": 19900000,
        "depreciationAndAmortization": 35100000,
        "ebitda": 145300000,
        "ebitdaratio": 0.139967248,
        "operatingIncome": 112600000,
        "operatingIncomeRatio": 0.1084673925,
        "totalOtherIncomeExpensesNet": -21700000,
        "incomeBeforeTax": 90900000,
        "incomeBeforeTaxRatio": 0.0875638186,
        "incomeTaxExpense": 4300000,
        "netIncome": 84500000,
        "netIncomeRatio": 0.0813987093,
        "eps": 0.66,
        "epsdiluted": 0.58,
        "weightedAverageShsOut": 128500000,
        "weightedAverageShsOutDil": 150100000,
        "link": "https://www.sec.gov/Archives/edgar/data/1018963/000162828023015639/0001628280-23-015639-index.htm",
        "finalLink": "https://www.sec.gov/Archives/edgar/data/1018963/000162828023015639/ati-20230331.htm"
    },
    {
        "date": "2022-12-31",
        "symbol": "ATI",
        "reportedCurrency": "USD",
        "cik": "0001018963",
        "fillingDate": "2023-02-24",
        "acceptedDate": "2023-02-24 14:28:42",
        "calendarYear": "2022",
        "period": "Q4",
        "revenue": 1010400000,
        "costOfRevenue": 824700000,
        "grossProfit": 185700000,
        "grossProfitRatio": 0.1837885986,
        "researchAndDevelopmentExpenses": 17700000,
        "generalAndAdministrativeExpenses": 60300000,
        "sellingAndMarketingExpenses": 20200000,
        "sellingGeneralAndAdministrativeExpenses": 80500000,
        "otherExpenses": -50000000,
        "operatingExpenses": 48200000,
        "costAndExpenses": 872900000,
        "interestIncome": 0,
        "interestExpense": 19600000,
        "depreciationAndAmortization": 16300000,
        "ebitda": 282500000,
        "ebitdaratio": 0.2795922407,
        "operatingIncome": 137500000,
        "operatingIncomeRatio": 0.1360847189,
        "totalOtherIncomeExpensesNet": 140500000,
        "incomeBeforeTax": 278000000,
        "incomeBeforeTaxRatio": 0.275138559,
        "incomeTaxExpense": 4200000,
        "netIncome": 269500000,
        "netIncomeRatio": 0.2667260491,
        "eps": 2.09,
        "epsdiluted": 1.88,
        "weightedAverageShsOut": 143295346,
        "weightedAverageShsOutDil": 150400000,
        "link": "https://www.sec.gov/Archives/edgar/data/1018963/000162828023005017/0001628280-23-005017-index.htm",
        "finalLink": "https://www.sec.gov/Archives/edgar/data/1018963/000162828023005017/ati-20221231.htm"
    },
    {
        "date": "2022-09-30",
        "symbol": "ATI",
        "reportedCurrency": "USD",
        "cik": "0001018963",
        "fillingDate": "2022-11-03",
        "acceptedDate": "2022-11-03 15:02:19",
        "calendarYear": "2022",
        "period": "Q3",
        "revenue": 1032000000,
        "costOfRevenue": 848200000,
        "grossProfit": 183800000,
        "grossProfitRatio": 0.1781007752,
        "researchAndDevelopmentExpenses": 0,
        "generalAndAdministrativeExpenses": 0,
        "sellingAndMarketingExpenses": 0,
        "sellingGeneralAndAdministrativeExpenses": 79700000,
        "otherExpenses": -9100000,
        "operatingExpenses": 70600000,
        "costAndExpenses": 918800000,
        "interestIncome": 0,
        "interestExpense": 20800000,
        "depreciationAndAmortization": 35600000,
        "ebitda": 139700000,
        "ebitdaratio": 0.1353682171,
        "operatingIncome": 113200000,
        "operatingIncomeRatio": 0.1096899225,
        "totalOtherIncomeExpensesNet": -45800000,
        "incomeBeforeTax": 67400000,
        "incomeBeforeTaxRatio": 0.0653100775,
        "incomeTaxExpense": 3000000,
        "netIncome": 61100000,
        "netIncomeRatio": 0.0592054264,
        "eps": 0.47,
        "epsdiluted": 0.42,
        "weightedAverageShsOut": 144192193,
        "weightedAverageShsOutDil": 150800000,
        "link": "https://www.sec.gov/Archives/edgar/data/1018963/000162828022028121/0001628280-22-028121-index.htm",
        "finalLink": "https://www.sec.gov/Archives/edgar/data/1018963/000162828022028121/ati-20220930.htm"
    },
    {
        "date": "2022-06-30",
        "symbol": "ATI",
        "reportedCurrency": "USD",
        "cik": "0001018963",
        "fillingDate": "2022-08-04",
        "acceptedDate": "2022-08-04 14:57:42",
        "calendarYear": "2022",
        "period": "Q2",
        "revenue": 959500000,
        "costOfRevenue": 784200000,
        "grossProfit": 175300000,
        "grossProfitRatio": 0.1826993226,
        "researchAndDevelopmentExpenses": 0,
        "generalAndAdministrativeExpenses": 0,
        "sellingAndMarketingExpenses": 0,
        "sellingGeneralAndAdministrativeExpenses": 78900000,
        "otherExpenses": 108000000,
        "operatingExpenses": 186900000,
        "costAndExpenses": 971100000,
        "interestIncome": 0,
        "interestExpense": 23400000,
        "depreciationAndAmortization": 36000000,
        "ebitda": 132400000,
        "ebitdaratio": 0.1379885357,
        "operatingIncome": -11600000,
        "operatingIncomeRatio": -0.01208963,
        "totalOtherIncomeExpensesNet": -19300000,
        "incomeBeforeTax": -30900000,
        "incomeBeforeTaxRatio": -0.0322042731,
        "incomeTaxExpense": 3400000,
        "netIncome": -38000000,
        "netIncomeRatio": -0.0396039604,
        "eps": -0.3,
        "epsdiluted": -0.31,
        "weightedAverageShsOut": 124600000,
        "weightedAverageShsOutDil": 124600000,
        "link": "https://www.sec.gov/Archives/edgar/data/1018963/000162828022021008/0001628280-22-021008-index.htm",
        "finalLink": "https://www.sec.gov/Archives/edgar/data/1018963/000162828022021008/ati-20220630.htm"
    },
    {
        "date": "2022-03-31",
        "symbol": "ATI",
        "reportedCurrency": "USD",
        "cik": "0001018963",
        "fillingDate": "2022-05-04",
        "acceptedDate": "2022-05-04 13:31:05",
        "calendarYear": "2022",
        "period": "Q1",
        "revenue": 834100000,
        "costOfRevenue": 664700000,
        "grossProfit": 169400000,
        "grossProfitRatio": 0.2030931543,
        "researchAndDevelopmentExpenses": 0,
        "generalAndAdministrativeExpenses": 0,
        "sellingAndMarketingExpenses": 0,
        "sellingGeneralAndAdministrativeExpenses": 81000000,
        "otherExpenses": 11400000,
        "operatingExpenses": 92400000,
        "costAndExpenses": 757100000,
        "interestIncome": 0,
        "interestExpense": 23600000,
        "depreciationAndAmortization": 35500000,
        "ebitda": 123900000,
        "ebitdaratio": 0.1485433401,
        "operatingIncome": 77000000,
        "operatingIncomeRatio": 0.0923150701,
        "totalOtherIncomeExpensesNet": -36900000,
        "incomeBeforeTax": 40100000,
        "incomeBeforeTaxRatio": 0.0480757703,
        "incomeTaxExpense": 4900000,
        "netIncome": 30900000,
        "netIncomeRatio": 0.0370459178,
        "eps": 0.24,
        "epsdiluted": 0.23,
        "weightedAverageShsOut": 152800000,
        "weightedAverageShsOutDil": 152800000,
        "link": "https://www.sec.gov/Archives/edgar/data/1018963/000162828022012220/0001628280-22-012220-index.htm",
        "finalLink": "https://www.sec.gov/Archives/edgar/data/1018963/000162828022012220/ati-20220331.htm"
    },
    {
        "date": "2021-12-31",
        "symbol": "ATI",
        "reportedCurrency": "USD",
        "cik": "0001018963",
        "fillingDate": "2022-02-25",
        "acceptedDate": "2022-02-25 13:25:12",
        "calendarYear": "2021",
        "period": "Q4",
        "revenue": 765400000,
        "costOfRevenue": 642400000,
        "grossProfit": 123000000,
        "grossProfitRatio": 0.1607002874,
        "researchAndDevelopmentExpenses": 20000000,
        "generalAndAdministrativeExpenses": 55900000,
        "sellingAndMarketingExpenses": 9000000,
        "sellingGeneralAndAdministrativeExpenses": 64900000,
        "otherExpenses": -29100000,
        "operatingExpenses": 55800000,
        "costAndExpenses": 698200000,
        "interestIncome": 0,
        "interestExpense": 24700000,
        "depreciationAndAmortization": 43900000,
        "ebitda": 102000000,
        "ebitdaratio": 0.133263653,
        "operatingIncome": 67200000,
        "operatingIncomeRatio": 0.0877972302,
        "totalOtherIncomeExpensesNet": -96500000,
        "incomeBeforeTax": -29300000,
        "incomeBeforeTaxRatio": -0.0382806376,
        "incomeTaxExpense": -4700000,
        "netIncome": -29800000,
        "netIncomeRatio": -0.0389338908,
        "eps": -0.23,
        "epsdiluted": -0.23,
        "weightedAverageShsOut": 127200000,
        "weightedAverageShsOutDil": 127200000,
        "link": "https://www.sec.gov/Archives/edgar/data/1018963/000162828022003961/0001628280-22-003961-index.htm",
        "finalLink": "https://www.sec.gov/Archives/edgar/data/1018963/000162828022003961/ati-20211231.htm"
    },
    {
        "date": "2021-09-30",
        "symbol": "ATI",
        "reportedCurrency": "USD",
        "cik": "0001018963",
        "fillingDate": "2021-11-02",
        "acceptedDate": "2021-11-02 09:38:01",
        "calendarYear": "2021",
        "period": "Q3",
        "revenue": 725700000,
        "costOfRevenue": 643200000,
        "grossProfit": 82500000,
        "grossProfitRatio": 0.1136833402,
        "researchAndDevelopmentExpenses": 0,
        "generalAndAdministrativeExpenses": 0,
        "sellingAndMarketingExpenses": 0,
        "sellingGeneralAndAdministrativeExpenses": 3000000,
        "otherExpenses": 49600000,
        "operatingExpenses": 52600000,
        "costAndExpenses": 695800000,
        "interestIncome": 0,
        "interestExpense": 25100000,
        "depreciationAndAmortization": 35600000,
        "ebitda": 121100000,
        "ebitdaratio": 0.1668733636,
        "operatingIncome": 29900000,
        "operatingIncomeRatio": 0.0412015985,
        "totalOtherIncomeExpensesNet": 47300000,
        "incomeBeforeTax": 77200000,
        "incomeBeforeTaxRatio": 0.1063800469,
        "incomeTaxExpense": 22000000,
        "netIncome": 48700000,
        "netIncomeRatio": 0.0671076202,
        "eps": 0.38,
        "epsdiluted": 0.35,
        "weightedAverageShsOut": 127200000,
        "weightedAverageShsOutDil": 152600000,
        "link": "https://www.sec.gov/Archives/edgar/data/1018963/000162828021021098/0001628280-21-021098-index.htm",
        "finalLink": "https://www.sec.gov/Archives/edgar/data/1018963/000162828021021098/ati-20210930.htm"
    },
    {
        "date": "2021-06-30",
        "symbol": "ATI",
        "reportedCurrency": "USD",
        "cik": "0001018963",
        "fillingDate": "2021-08-03",
        "acceptedDate": "2021-08-03 11:28:04",
        "calendarYear": "2021",
        "period": "Q2",
        "revenue": 616200000,
        "costOfRevenue": 573500000,
        "grossProfit": 42700000,
        "grossProfitRatio": 0.0692956832,
        "researchAndDevelopmentExpenses": 0,
        "generalAndAdministrativeExpenses": 0,
        "sellingAndMarketingExpenses": 0,
        "sellingGeneralAndAdministrativeExpenses": 67000000,
        "otherExpenses": -13000000,
        "operatingExpenses": 54000000,
        "costAndExpenses": 627500000,
        "interestIncome": 0,
        "interestExpense": 23700000,
        "depreciationAndAmortization": 36300000,
        "ebitda": 12000000,
        "ebitdaratio": 0.0194741967,
        "operatingIncome": -11300000,
        "operatingIncomeRatio": -0.0183382019,
        "totalOtherIncomeExpensesNet": -29100000,
        "incomeBeforeTax": -40400000,
        "incomeBeforeTaxRatio": -0.0655631289,
        "incomeTaxExpense": 4000000,
        "netIncome": -49200000,
        "netIncomeRatio": -0.0798442064,
        "eps": -0.39,
        "epsdiluted": -0.39,
        "weightedAverageShsOut": 126153846,
        "weightedAverageShsOutDil": 127100000,
        "link": "https://www.sec.gov/Archives/edgar/data/1018963/000162828021015267/0001628280-21-015267-index.htm",
        "finalLink": "https://www.sec.gov/Archives/edgar/data/1018963/000162828021015267/ati-20210630.htm"
    },
    {
        "date": "2021-03-31",
        "symbol": "ATI",
        "reportedCurrency": "USD",
        "cik": "0001018963",
        "fillingDate": "2021-04-29",
        "acceptedDate": "2021-04-29 10:03:03",
        "calendarYear": "2021",
        "period": "Q1",
        "revenue": 692500000,
        "costOfRevenue": 606700000,
        "grossProfit": 85800000,
        "grossProfitRatio": 0.123898917,
        "researchAndDevelopmentExpenses": 0,
        "generalAndAdministrativeExpenses": 0,
        "sellingAndMarketingExpenses": 0,
        "sellingGeneralAndAdministrativeExpenses": 60800000,
        "otherExpenses": -6800000,
        "operatingExpenses": 54000000,
        "costAndExpenses": 660700000,
        "interestIncome": 0,
        "interestExpense": 23400000,
        "depreciationAndAmortization": 36100000,
        "ebitda": 61100000,
        "ebitdaratio": 0.0882310469,
        "operatingIncome": 31800000,
        "operatingIncomeRatio": 0.0459205776,
        "totalOtherIncomeExpensesNet": -28700000,
        "incomeBeforeTax": 3100000,
        "incomeBeforeTaxRatio": 0.0044765343,
        "incomeTaxExpense": 5500000,
        "netIncome": -7900000,
        "netIncomeRatio": -0.0114079422,
        "eps": -0.0623,
        "epsdiluted": -0.0623,
        "weightedAverageShsOut": 126800000,
        "weightedAverageShsOutDil": 126800000,
        "link": "https://www.sec.gov/Archives/edgar/data/1018963/000162828021008044/0001628280-21-008044-index.htm",
        "finalLink": "https://www.sec.gov/Archives/edgar/data/1018963/000162828021008044/ati-20210331.htm"
    },
    {
        "date": "2020-12-31",
        "symbol": "ATI",
        "reportedCurrency": "USD",
        "cik": "0001018963",
        "fillingDate": "2021-02-26",
        "acceptedDate": "2021-02-26 13:52:31",
        "calendarYear": "2020",
        "period": "Q4",
        "revenue": 658300000,
        "costOfRevenue": 605900000,
        "grossProfit": 52400000,
        "grossProfitRatio": 0.079598967,
        "researchAndDevelopmentExpenses": 14800000,
        "generalAndAdministrativeExpenses": 40900000,
        "sellingAndMarketingExpenses": 23100000,
        "sellingGeneralAndAdministrativeExpenses": 64000000,
        "otherExpenses": 1061700000,
        "operatingExpenses": 1140500000,
        "costAndExpenses": 1746400000,
        "interestIncome": 0,
        "interestExpense": 25700000,
        "depreciationAndAmortization": 35000000,
        "ebitda": 23400000,
        "ebitdaratio": 0.0355461036,
        "operatingIncome": -1088100000,
        "operatingIncomeRatio": -1.6528938174,
        "totalOtherIncomeExpensesNet": -54700000,
        "incomeBeforeTax": -1142800000,
        "incomeBeforeTaxRatio": -1.7359866322,
        "incomeTaxExpense": -26500000,
        "netIncome": -1121000000,
        "netIncomeRatio": -1.7028710314,
        "eps": -8.85,
        "epsdiluted": -8.85,
        "weightedAverageShsOut": 126600000,
        "weightedAverageShsOutDil": 126600000,
        "link": "https://www.sec.gov/Archives/edgar/data/1018963/000162828021003434/0001628280-21-003434-index.htm",
        "finalLink": "https://www.sec.gov/Archives/edgar/data/1018963/000162828021003434/ati-20201231.htm"
    },
    {
        "date": "2020-09-30",
        "symbol": "ATI",
        "reportedCurrency": "USD",
        "cik": "0001018963",
        "fillingDate": "2020-10-29",
        "acceptedDate": "2020-10-29 12:42:41",
        "calendarYear": "2020",
        "period": "Q3",
        "revenue": 598000000,
        "costOfRevenue": 559900000,
        "grossProfit": 38100000,
        "grossProfitRatio": 0.0637123746,
        "researchAndDevelopmentExpenses": 0,
        "generalAndAdministrativeExpenses": 0,
        "sellingAndMarketingExpenses": 0,
        "sellingGeneralAndAdministrativeExpenses": 56500000,
        "otherExpenses": -8800000,
        "operatingExpenses": 47700000,
        "costAndExpenses": 607600000,
        "interestIncome": 0,
        "interestExpense": 25100000,
        "depreciationAndAmortization": 35400000,
        "ebitda": 17000000,
        "ebitdaratio": 0.0284280936,
        "operatingIncome": -9600000,
        "operatingIncomeRatio": -0.0160535117,
        "totalOtherIncomeExpensesNet": -36600000,
        "incomeBeforeTax": -46200000,
        "incomeBeforeTaxRatio": -0.0772575251,
        "incomeTaxExpense": 800000,
        "netIncome": -50100000,
        "netIncomeRatio": -0.0837792642,
        "eps": -0.4,
        "epsdiluted": -0.4,
        "weightedAverageShsOut": 125250000,
        "weightedAverageShsOutDil": 126600000,
        "link": "https://www.sec.gov/Archives/edgar/data/1018963/000162828020015070/0001628280-20-015070-index.htm",
        "finalLink": "https://www.sec.gov/Archives/edgar/data/1018963/000162828020015070/ati-20200930.htm"
    },
    {
        "date": "2020-06-30",
        "symbol": "ATI",
        "reportedCurrency": "USD",
        "cik": "0001018963",
        "fillingDate": "2020-08-04",
        "acceptedDate": "2020-08-04 13:08:01",
        "calendarYear": "2020",
        "period": "Q2",
        "revenue": 770300000,
        "costOfRevenue": 695600000,
        "grossProfit": 74700000,
        "grossProfitRatio": 0.0969752045,
        "researchAndDevelopmentExpenses": 0,
        "generalAndAdministrativeExpenses": 0,
        "sellingAndMarketingExpenses": 0,
        "sellingGeneralAndAdministrativeExpenses": 55600000,
        "otherExpenses": 292500000,
        "operatingExpenses": 348100000,
        "costAndExpenses": 1043700000,
        "interestIncome": 0,
        "interestExpense": 21700000,
        "depreciationAndAmortization": 35600000,
        "ebitda": 54700000,
        "ebitdaratio": 0.0710112943,
        "operatingIncome": -273400000,
        "operatingIncomeRatio": -0.354926652,
        "totalOtherIncomeExpensesNet": -53900000,
        "incomeBeforeTax": -327300000,
        "incomeBeforeTaxRatio": -0.4248993898,
        "incomeTaxExpense": 92600000,
        "netIncome": -422600000,
        "netIncomeRatio": -0.5486174218,
        "eps": -3.34,
        "epsdiluted": -3.34,
        "weightedAverageShsOut": 126526946,
        "weightedAverageShsOutDil": 126600000,
        "link": "https://www.sec.gov/Archives/edgar/data/1018963/000162828020011588/0001628280-20-011588-index.htm",
        "finalLink": "https://www.sec.gov/Archives/edgar/data/1018963/000162828020011588/ati-20200630.htm"
    },
    {
        "date": "2020-03-31",
        "symbol": "ATI",
        "reportedCurrency": "USD",
        "cik": "0001018963",
        "fillingDate": "2020-05-05",
        "acceptedDate": "2020-05-05 11:01:50",
        "calendarYear": "2020",
        "period": "Q1",
        "revenue": 955500000,
        "costOfRevenue": 820700000,
        "grossProfit": 134800000,
        "grossProfitRatio": 0.1410779696,
        "researchAndDevelopmentExpenses": 0,
        "generalAndAdministrativeExpenses": 0,
        "sellingAndMarketingExpenses": 0,
        "sellingGeneralAndAdministrativeExpenses": 69600000,
        "otherExpenses": -3200000,
        "operatingExpenses": 66400000,
        "costAndExpenses": 887100000,
        "interestIncome": 0,
        "interestExpense": 21900000,
        "depreciationAndAmortization": 37300000,
        "ebitda": 102500000,
        "ebitdaratio": 0.1072736787,
        "operatingIncome": 68400000,
        "operatingIncomeRatio": 0.0715855573,
        "totalOtherIncomeExpensesNet": -34000000,
        "incomeBeforeTax": 34400000,
        "incomeBeforeTaxRatio": 0.0360020931,
        "incomeTaxExpense": 10800000,
        "netIncome": 21100000,
        "netIncomeRatio": 0.0220826792,
        "eps": 0.17,
        "epsdiluted": 0.16,
        "weightedAverageShsOut": 126100000,
        "weightedAverageShsOutDil": 146400000,
        "link": "https://www.sec.gov/Archives/edgar/data/1018963/000162828020006369/0001628280-20-006369-index.htm",
        "finalLink": "https://www.sec.gov/Archives/edgar/data/1018963/000162828020006369/ati10-qq12020.htm"
    },
    {
        "date": "2019-12-31",
        "symbol": "ATI",
        "reportedCurrency": "USD",
        "cik": "0001018963",
        "fillingDate": "2020-02-25",
        "acceptedDate": "2020-02-25 12:44:37",
        "calendarYear": "2019",
        "period": "Q4",
        "revenue": 1018600000,
        "costOfRevenue": 849300000,
        "grossProfit": 169300000,
        "grossProfitRatio": 0.1662085215,
        "researchAndDevelopmentExpenses": 20200000,
        "generalAndAdministrativeExpenses": 65300000,
        "sellingAndMarketingExpenses": 19400000,
        "sellingGeneralAndAdministrativeExpenses": 84700000,
        "otherExpenses": -34100000,
        "operatingExpenses": 70800000,
        "costAndExpenses": 920100000,
        "interestIncome": 0,
        "interestExpense": 24100000,
        "depreciationAndAmortization": 36500000,
        "ebitda": 121100000,
        "ebitdaratio": 0.1188886707,
        "operatingIncome": 98500000,
        "operatingIncomeRatio": 0.0967013548,
        "totalOtherIncomeExpensesNet": -77300000,
        "incomeBeforeTax": 21200000,
        "incomeBeforeTaxRatio": 0.0208128804,
        "incomeTaxExpense": 38800000,
        "netIncome": 56500000,
        "netIncomeRatio": 0.0554682898,
        "eps": 0.45,
        "epsdiluted": 0.41,
        "weightedAverageShsOut": 125900000,
        "weightedAverageShsOutDil": 147100000,
        "link": "https://www.sec.gov/Archives/edgar/data/1018963/000101896320000004/0001018963-20-000004-index.htm",
        "finalLink": "https://www.sec.gov/Archives/edgar/data/1018963/000101896320000004/atify201910-k.htm"
    },
    {
        "date": "2019-09-30",
        "symbol": "ATI",
        "reportedCurrency": "USD",
        "cik": "0001018963",
        "fillingDate": "2019-11-01",
        "acceptedDate": "2019-11-01 09:34:19",
        "calendarYear": "2019",
        "period": "Q3",
        "revenue": 1018700000,
        "costOfRevenue": 859000000,
        "grossProfit": 159700000,
        "grossProfitRatio": 0.1567684304,
        "researchAndDevelopmentExpenses": 0,
        "generalAndAdministrativeExpenses": 0,
        "sellingAndMarketingExpenses": 0,
        "sellingGeneralAndAdministrativeExpenses": 83700000,
        "otherExpenses": -18500000,
        "operatingExpenses": 65200000,
        "costAndExpenses": 924200000,
        "interestIncome": 0,
        "interestExpense": 24200000,
        "depreciationAndAmortization": 37000000,
        "ebitda": 113000000,
        "ebitdaratio": 0.1109256896,
        "operatingIncome": 94500000,
        "operatingIncomeRatio": 0.0927652891,
        "totalOtherIncomeExpensesNet": 24500000,
        "incomeBeforeTax": 119000000,
        "incomeBeforeTaxRatio": 0.1168155492,
        "incomeTaxExpense": 3700000,
        "netIncome": 111000000,
        "netIncomeRatio": 0.1089624031,
        "eps": 0.88,
        "epsdiluted": 0.78,
        "weightedAverageShsOut": 125900000,
        "weightedAverageShsOutDil": 146700000,
        "link": "https://www.sec.gov/Archives/edgar/data/1018963/000101896319000024/0001018963-19-000024-index.htm",
        "finalLink": "https://www.sec.gov/Archives/edgar/data/1018963/000101896319000024/ati10-qq32019.htm"
    },
    {
        "date": "2019-06-30",
        "symbol": "ATI",
        "reportedCurrency": "USD",
        "cik": "0001018963",
        "fillingDate": "2019-08-06",
        "acceptedDate": "2019-08-06 09:33:21",
        "calendarYear": "2019",
        "period": "Q2",
        "revenue": 1080400000,
        "costOfRevenue": 902700000,
        "grossProfit": 177700000,
        "grossProfitRatio": 0.16447612,
        "researchAndDevelopmentExpenses": 0,
        "generalAndAdministrativeExpenses": 0,
        "sellingAndMarketingExpenses": 0,
        "sellingGeneralAndAdministrativeExpenses": 86100000,
        "otherExpenses": -18400000,
        "operatingExpenses": 67700000,
        "costAndExpenses": 970400000,
        "interestIncome": 0,
        "interestExpense": 25900000,
        "depreciationAndAmortization": 38900000,
        "ebitda": 130500000,
        "ebitdaratio": 0.1207885968,
        "operatingIncome": 110000000,
        "operatingIncomeRatio": 0.1018141429,
        "totalOtherIncomeExpensesNet": -25700000,
        "incomeBeforeTax": 84300000,
        "incomeBeforeTaxRatio": 0.0780266568,
        "incomeTaxExpense": 5800000,
        "netIncome": 75100000,
        "netIncomeRatio": 0.0695112921,
        "eps": 0.6,
        "epsdiluted": 0.53,
        "weightedAverageShsOut": 125166667,
        "weightedAverageShsOutDil": 139074074,
        "link": "https://www.sec.gov/Archives/edgar/data/1018963/000101896319000020/0001018963-19-000020-index.htm",
        "finalLink": "https://www.sec.gov/Archives/edgar/data/1018963/000101896319000020/ati10-qq22019.htm"
    },
    {
        "date": "2019-03-31",
        "symbol": "ATI",
        "reportedCurrency": "USD",
        "cik": "0001018963",
        "fillingDate": "2019-04-30",
        "acceptedDate": "2019-04-30 10:53:07",
        "calendarYear": "2019",
        "period": "Q1",
        "revenue": 1004800000,
        "costOfRevenue": 873700000,
        "grossProfit": 131100000,
        "grossProfitRatio": 0.1304737261,
        "researchAndDevelopmentExpenses": 0,
        "generalAndAdministrativeExpenses": 0,
        "sellingAndMarketingExpenses": 0,
        "sellingGeneralAndAdministrativeExpenses": 86300000,
        "otherExpenses": -18300000,
        "operatingExpenses": 68000000,
        "costAndExpenses": 941700000,
        "interestIncome": 0,
        "interestExpense": 24800000,
        "depreciationAndAmortization": 38700000,
        "ebitda": 83500000,
        "ebitdaratio": 0.0831011146,
        "operatingIncome": 63100000,
        "operatingIncomeRatio": 0.0627985669,
        "totalOtherIncomeExpensesNet": -46000000,
        "incomeBeforeTax": 17100000,
        "incomeBeforeTaxRatio": 0.0170183121,
        "incomeTaxExpense": 800000,
        "netIncome": 15000000,
        "netIncomeRatio": 0.0149283439,
        "eps": 0.12,
        "epsdiluted": 0.12,
        "weightedAverageShsOut": 125400000,
        "weightedAverageShsOutDil": 126100000,
        "link": "https://www.sec.gov/Archives/edgar/data/1018963/000101896319000010/0001018963-19-000010-index.htm",
        "finalLink": "https://www.sec.gov/Archives/edgar/data/1018963/000101896319000010/ati10-qq12019.htm"
    },
    {
        "date": "2018-12-31",
        "symbol": "ATI",
        "reportedCurrency": "USD",
        "cik": "0001018963",
        "fillingDate": "2019-02-28",
        "acceptedDate": "2019-02-28 12:20:24",
        "calendarYear": "2018",
        "period": "Q4",
        "revenue": 1037900000,
        "costOfRevenue": 890300000,
        "grossProfit": 147600000,
        "grossProfitRatio": 0.1422102322,
        "researchAndDevelopmentExpenses": 24900000,
        "generalAndAdministrativeExpenses": 58100000,
        "sellingAndMarketingExpenses": 23200000,
        "sellingGeneralAndAdministrativeExpenses": 81300000,
        "otherExpenses": -33300000,
        "operatingExpenses": 72900000,
        "costAndExpenses": 963200000,
        "interestIncome": 0,
        "interestExpense": 25200000,
        "depreciationAndAmortization": 24800000,
        "ebitda": 91100000,
        "ebitdaratio": 0.0877733886,
        "operatingIncome": 74700000,
        "operatingIncomeRatio": 0.0719722517,
        "totalOtherIncomeExpensesNet": -35500000,
        "incomeBeforeTax": 39200000,
        "incomeBeforeTaxRatio": 0.0377685712,
        "incomeTaxExpense": 5800000,
        "netIncome": 41100000,
        "netIncomeRatio": 0.0395991907,
        "eps": 0.33,
        "epsdiluted": 0.3,
        "weightedAverageShsOut": 125200000,
        "weightedAverageShsOutDil": 146500000,
        "link": "https://www.sec.gov/Archives/edgar/data/1018963/000101896319000007/0001018963-19-000007-index.htm",
        "finalLink": "https://www.sec.gov/Archives/edgar/data/1018963/000101896319000007/atify201810-k.htm"
    },
    {
        "date": "2018-09-30",
        "symbol": "ATI",
        "reportedCurrency": "USD",
        "cik": "0001018963",
        "fillingDate": "2018-10-31",
        "acceptedDate": "2018-10-31 10:51:00",
        "calendarYear": "2018",
        "period": "Q3",
        "revenue": 1020200000,
        "costOfRevenue": 859800000,
        "grossProfit": 160400000,
        "grossProfitRatio": 0.1572240737,
        "researchAndDevelopmentExpenses": 0,
        "generalAndAdministrativeExpenses": 0,
        "sellingAndMarketingExpenses": 0,
        "sellingGeneralAndAdministrativeExpenses": 73900000,
        "otherExpenses": -8400000,
        "operatingExpenses": 65500000,
        "costAndExpenses": 925300000,
        "interestIncome": 0,
        "interestExpense": 24800000,
        "depreciationAndAmortization": 38400000,
        "ebitda": 124900000,
        "ebitdaratio": 0.1224269751,
        "operatingIncome": 94900000,
        "operatingIncomeRatio": 0.0930209763,
        "totalOtherIncomeExpensesNet": -32400000,
        "incomeBeforeTax": 62500000,
        "incomeBeforeTaxRatio": 0.0612624975,
        "incomeTaxExpense": 6900000,
        "netIncome": 50500000,
        "netIncomeRatio": 0.049500098,
        "eps": 0.4,
        "epsdiluted": 0.37,
        "weightedAverageShsOut": 125200000,
        "weightedAverageShsOutDil": 146000000,
        "link": "https://www.sec.gov/Archives/edgar/data/1018963/000101896318000027/0001018963-18-000027-index.htm",
        "finalLink": "https://www.sec.gov/Archives/edgar/data/1018963/000101896318000027/ati10-qq32018.htm"
    },
    {
        "date": "2018-06-30",
        "symbol": "ATI",
        "reportedCurrency": "USD",
        "cik": "0001018963",
        "fillingDate": "2018-08-07",
        "acceptedDate": "2018-08-07 08:48:20",
        "calendarYear": "2018",
        "period": "Q2",
        "revenue": 1009500000,
        "costOfRevenue": 835800000,
        "grossProfit": 173700000,
        "grossProfitRatio": 0.1720653789,
        "researchAndDevelopmentExpenses": 0,
        "generalAndAdministrativeExpenses": 0,
        "sellingAndMarketingExpenses": 0,
        "sellingGeneralAndAdministrativeExpenses": 71500000,
        "otherExpenses": -8800000,
        "operatingExpenses": 62700000,
        "costAndExpenses": 898500000,
        "interestIncome": 0,
        "interestExpense": 25500000,
        "depreciationAndAmortization": 38900000,
        "ebitda": 141100000,
        "ebitdaratio": 0.1397721644,
        "operatingIncome": 111000000,
        "operatingIncomeRatio": 0.1099554235,
        "totalOtherIncomeExpensesNet": -30500000,
        "incomeBeforeTax": 80500000,
        "incomeBeforeTaxRatio": 0.0797424468,
        "incomeTaxExpense": 4900000,
        "netIncome": 72800000,
        "netIncomeRatio": 0.0721149084,
        "eps": 0.58,
        "epsdiluted": 0.52,
        "weightedAverageShsOut": 125200000,
        "weightedAverageShsOutDil": 145800000,
        "link": "https://www.sec.gov/Archives/edgar/data/1018963/000101896318000023/0001018963-18-000023-index.htm",
        "finalLink": "https://www.sec.gov/Archives/edgar/data/1018963/000101896318000023/ati10-qq22018.htm"
    },
    {
        "date": "2018-03-31",
        "symbol": "ATI",
        "reportedCurrency": "USD",
        "cik": "0001018963",
        "fillingDate": "2018-05-01",
        "acceptedDate": "2018-05-01 13:04:31",
        "calendarYear": "2018",
        "period": "Q1",
        "revenue": 979000000,
        "costOfRevenue": 830400000,
        "grossProfit": 148600000,
        "grossProfitRatio": 0.1517875383,
        "researchAndDevelopmentExpenses": 0,
        "generalAndAdministrativeExpenses": 0,
        "sellingAndMarketingExpenses": 0,
        "sellingGeneralAndAdministrativeExpenses": 75400000,
        "otherExpenses": -8300000,
        "operatingExpenses": 67100000,
        "costAndExpenses": 897500000,
        "interestIncome": 0,
        "interestExpense": 25500000,
        "depreciationAndAmortization": 39800000,
        "ebitda": 113000000,
        "ebitdaratio": 0.1154239019,
        "operatingIncome": 81500000,
        "operatingIncomeRatio": 0.0832482125,
        "totalOtherIncomeExpensesNet": -16000000,
        "incomeBeforeTax": 65500000,
        "incomeBeforeTaxRatio": 0.0669050051,
        "incomeTaxExpense": 5000000,
        "netIncome": 58000000,
        "netIncomeRatio": 0.0592441267,
        "eps": 0.46,
        "epsdiluted": 0.42,
        "weightedAverageShsOut": 125000000,
        "weightedAverageShsOutDil": 145500000,
        "link": "https://www.sec.gov/Archives/edgar/data/1018963/000101896318000008/0001018963-18-000008-index.htm",
        "finalLink": "https://www.sec.gov/Archives/edgar/data/1018963/000101896318000008/ati10-qq12018.htm"
    },
    {
        "date": "2017-12-31",
        "symbol": "ATI",
        "reportedCurrency": "USD",
        "cik": "0001018963",
        "fillingDate": "2018-02-20",
        "acceptedDate": "2018-02-20 14:30:21",
        "calendarYear": "2017",
        "period": "Q4",
        "revenue": 909900000,
        "costOfRevenue": 767300000,
        "grossProfit": 142600000,
        "grossProfitRatio": 0.1567205187,
        "researchAndDevelopmentExpenses": 14700000,
        "generalAndAdministrativeExpenses": 50500000,
        "sellingAndMarketingExpenses": 23400000,
        "sellingGeneralAndAdministrativeExpenses": 73900000,
        "otherExpenses": -28100000,
        "operatingExpenses": 60500000,
        "costAndExpenses": 827800000,
        "interestIncome": 0,
        "interestExpense": 31600000,
        "depreciationAndAmortization": 24500000,
        "ebitda": 93200000,
        "ebitdaratio": 0.1024288383,
        "operatingIncome": 82100000,
        "operatingIncomeRatio": 0.0902296956,
        "totalOtherIncomeExpensesNet": -81700000,
        "incomeBeforeTax": 400000,
        "incomeBeforeTaxRatio": 0.0004396087,
        "incomeTaxExpense": 4800000,
        "netIncome": 1700000,
        "netIncomeRatio": 0.0018683372,
        "eps": 0.0145,
        "epsdiluted": 0.0145,
        "weightedAverageShsOut": 117500000,
        "weightedAverageShsOutDil": 118600000,
        "link": "https://www.sec.gov/Archives/edgar/data/1018963/000101896318000004/0001018963-18-000004-index.htm",
        "finalLink": "https://www.sec.gov/Archives/edgar/data/1018963/000101896318000004/atify201710-k.htm"
    },
    {
        "date": "2017-09-30",
        "symbol": "ATI",
        "reportedCurrency": "USD",
        "cik": "0001018963",
        "fillingDate": "2017-11-01",
        "acceptedDate": "2017-11-01 08:10:51",
        "calendarYear": "2017",
        "period": "Q3",
        "revenue": 869100000,
        "costOfRevenue": 763800000,
        "grossProfit": 105300000,
        "grossProfitRatio": 0.1211598205,
        "researchAndDevelopmentExpenses": 0,
        "generalAndAdministrativeExpenses": 0,
        "sellingAndMarketingExpenses": 0,
        "sellingGeneralAndAdministrativeExpenses": 78200000,
        "otherExpenses": 100800000,
        "operatingExpenses": 179000000,
        "costAndExpenses": 942800000,
        "interestIncome": 0,
        "interestExpense": 34200000,
        "depreciationAndAmortization": 40100000,
        "ebitda": 67200000,
        "ebitdaratio": 0.0773213669,
        "operatingIncome": -73700000,
        "operatingIncomeRatio": -0.0848003682,
        "totalOtherIncomeExpensesNet": -47600000,
        "incomeBeforeTax": -121300000,
        "incomeBeforeTaxRatio": -0.1395696698,
        "incomeTaxExpense": 1900000,
        "netIncome": -121200000,
        "netIncomeRatio": -0.1394546082,
        "eps": -1.13,
        "epsdiluted": -1.13,
        "weightedAverageShsOut": 107700000,
        "weightedAverageShsOutDil": 107700000,
        "link": "https://www.sec.gov/Archives/edgar/data/1018963/000101896317000034/0001018963-17-000034-index.htm",
        "finalLink": "https://www.sec.gov/Archives/edgar/data/1018963/000101896317000034/ati10-qq32017.htm"
    },
    {
        "date": "2017-06-30",
        "symbol": "ATI",
        "reportedCurrency": "USD",
        "cik": "0001018963",
        "fillingDate": "2017-08-02",
        "acceptedDate": "2017-08-02 16:02:46",
        "calendarYear": "2017",
        "period": "Q2",
        "revenue": 880200000,
        "costOfRevenue": 755900000,
        "grossProfit": 124300000,
        "grossProfitRatio": 0.141217905,
        "researchAndDevelopmentExpenses": 0,
        "generalAndAdministrativeExpenses": 0,
        "sellingAndMarketingExpenses": 0,
        "sellingGeneralAndAdministrativeExpenses": 78700000,
        "otherExpenses": -13700000,
        "operatingExpenses": 65000000,
        "costAndExpenses": 820900000,
        "interestIncome": 0,
        "interestExpense": 34500000,
        "depreciationAndAmortization": 40300000,
        "ebitda": 85900000,
        "ebitdaratio": 0.0975914565,
        "operatingIncome": 59300000,
        "operatingIncomeRatio": 0.067371052,
        "totalOtherIncomeExpensesNet": -48000000,
        "incomeBeforeTax": 11300000,
        "incomeBeforeTaxRatio": 0.0128379914,
        "incomeTaxExpense": 2100000,
        "netIncome": 10100000,
        "netIncomeRatio": 0.0114746648,
        "eps": 0.0938,
        "epsdiluted": 0.0928,
        "weightedAverageShsOut": 107700000,
        "weightedAverageShsOutDil": 128300000,
        "link": "https://www.sec.gov/Archives/edgar/data/1018963/000101896317000028/0001018963-17-000028-index.htm",
        "finalLink": "https://www.sec.gov/Archives/edgar/data/1018963/000101896317000028/ati10-qq22017.htm"
    },
    {
        "date": "2017-03-31",
        "symbol": "ATI",
        "reportedCurrency": "USD",
        "cik": "0001018963",
        "fillingDate": "2017-05-02",
        "acceptedDate": "2017-05-02 16:05:16",
        "calendarYear": "2017",
        "period": "Q1",
        "revenue": 865900000,
        "costOfRevenue": 741100000,
        "grossProfit": 124800000,
        "grossProfitRatio": 0.1441274974,
        "researchAndDevelopmentExpenses": 0,
        "generalAndAdministrativeExpenses": 0,
        "sellingAndMarketingExpenses": 0,
        "sellingGeneralAndAdministrativeExpenses": 71500000,
        "otherExpenses": -13600000,
        "operatingExpenses": 57900000,
        "costAndExpenses": 799000000,
        "interestIncome": 0,
        "interestExpense": 33500000,
        "depreciationAndAmortization": 40300000,
        "ebitda": 93600000,
        "ebitdaratio": 0.1080956231,
        "operatingIncome": 66900000,
        "operatingIncomeRatio": 0.0772606537,
        "totalOtherIncomeExpensesNet": -43800000,
        "incomeBeforeTax": 23100000,
        "incomeBeforeTaxRatio": 0.0266774454,
        "incomeTaxExpense": 2000000,
        "netIncome": 17500000,
        "netIncomeRatio": 0.0202101859,
        "eps": 0.16,
        "epsdiluted": 0.16,
        "weightedAverageShsOut": 107500000,
        "weightedAverageShsOutDil": 128200000,
        "link": "https://www.sec.gov/Archives/edgar/data/1018963/000101896317000012/0001018963-17-000012-index.htm",
        "finalLink": "https://www.sec.gov/Archives/edgar/data/1018963/000101896317000012/ati201710-qq1.htm"
    },
    {
        "date": "2016-12-31",
        "symbol": "ATI",
        "reportedCurrency": "USD",
        "cik": "0001018963",
        "fillingDate": "2017-02-24",
        "acceptedDate": "2017-02-24 14:11:15",
        "calendarYear": "2016",
        "period": "Q4",
        "revenue": 796100000,
        "costOfRevenue": 698800000,
        "grossProfit": 97300000,
        "grossProfitRatio": 0.1222208265,
        "researchAndDevelopmentExpenses": 16900000,
        "generalAndAdministrativeExpenses": 43400000,
        "sellingAndMarketingExpenses": 21500000,
        "sellingGeneralAndAdministrativeExpenses": 64900000,
        "otherExpenses": 12100000,
        "operatingExpenses": 93900000,
        "costAndExpenses": 792700000,
        "interestIncome": 0,
        "interestExpense": 32800000,
        "depreciationAndAmortization": 21700000,
        "ebitda": 53700000,
        "ebitdaratio": 0.0674538375,
        "operatingIncome": 3400000,
        "operatingIncomeRatio": 0.0042708202,
        "totalOtherIncomeExpensesNet": -32200000,
        "incomeBeforeTax": -28800000,
        "incomeBeforeTaxRatio": -0.0361763598,
        "incomeTaxExpense": 42500000,
        "netIncome": 9900000,
        "netIncomeRatio": 0.0124356237,
        "eps": 0.0923,
        "epsdiluted": 0.0923,
        "weightedAverageShsOut": 107300000,
        "weightedAverageShsOutDil": 108700000,
        "link": "https://www.sec.gov/Archives/edgar/data/1018963/000101896317000007/0001018963-17-000007-index.htm",
        "finalLink": "https://www.sec.gov/Archives/edgar/data/1018963/000101896317000007/atify201610-k.htm"
    },
    {
        "date": "2016-09-30",
        "symbol": "ATI",
        "reportedCurrency": "USD",
        "cik": "0001018963",
        "fillingDate": "2016-11-02",
        "acceptedDate": "2016-11-02 16:03:02",
        "calendarYear": "2016",
        "period": "Q3",
        "revenue": 770500000,
        "costOfRevenue": 709000000,
        "grossProfit": 61500000,
        "grossProfitRatio": 0.0798182998,
        "researchAndDevelopmentExpenses": 0,
        "generalAndAdministrativeExpenses": 0,
        "sellingAndMarketingExpenses": 0,
        "sellingGeneralAndAdministrativeExpenses": 60100000,
        "otherExpenses": 500300000,
        "operatingExpenses": 560400000,
        "costAndExpenses": 1269400000,
        "interestIncome": 0,
        "interestExpense": 32600000,
        "depreciationAndAmortization": 42400000,
        "ebitda": 43400000,
        "ebitdaratio": 0.0563270604,
        "operatingIncome": -498900000,
        "operatingIncomeRatio": -0.6475016223,
        "totalOtherIncomeExpensesNet": -32600000,
        "incomeBeforeTax": -531500000,
        "incomeBeforeTaxRatio": -0.6898118105,
        "incomeTaxExpense": 4300000,
        "netIncome": -530799999,
        "netIncomeRatio": -0.6889033082,
        "eps": -4.95,
        "epsdiluted": -4.95,
        "weightedAverageShsOut": 107232323,
        "weightedAverageShsOutDil": 107300000,
        "link": "https://www.sec.gov/Archives/edgar/data/1018963/000101896316000085/0001018963-16-000085-index.htm",
        "finalLink": "https://www.sec.gov/Archives/edgar/data/1018963/000101896316000085/ati201610-qq3.htm"
    },
    {
        "date": "2016-06-30",
        "symbol": "ATI",
        "reportedCurrency": "USD",
        "cik": "0001018963",
        "fillingDate": "2016-08-03",
        "acceptedDate": "2016-08-03 16:02:51",
        "calendarYear": "2016",
        "period": "Q2",
        "revenue": 810500000,
        "costOfRevenue": 762300000,
        "grossProfit": 48200000,
        "grossProfitRatio": 0.0594694633,
        "researchAndDevelopmentExpenses": 0,
        "generalAndAdministrativeExpenses": 0,
        "sellingAndMarketingExpenses": 0,
        "sellingGeneralAndAdministrativeExpenses": 59100000,
        "otherExpenses": 1200000,
        "operatingExpenses": 60300000,
        "costAndExpenses": 822600000,
        "interestIncome": 0,
        "interestExpense": 30300000,
        "depreciationAndAmortization": 43700000,
        "ebitda": 32600000,
        "ebitdaratio": 0.0402220851,
        "operatingIncome": -12100000,
        "operatingIncomeRatio": -0.0149290561,
        "totalOtherIncomeExpensesNet": -29300000,
        "incomeBeforeTax": -41400000,
        "incomeBeforeTaxRatio": -0.0510795805,
        "incomeTaxExpense": 25900000,
        "netIncome": -18800000,
        "netIncomeRatio": -0.0231955583,
        "eps": -0.18,
        "epsdiluted": -0.18,
        "weightedAverageShsOut": 104444444,
        "weightedAverageShsOutDil": 107300000,
        "link": "https://www.sec.gov/Archives/edgar/data/1018963/000101896316000079/0001018963-16-000079-index.htm",
        "finalLink": "https://www.sec.gov/Archives/edgar/data/1018963/000101896316000079/ati201610-qq2.htm"
    },
    {
        "date": "2016-03-31",
        "symbol": "ATI",
        "reportedCurrency": "USD",
        "cik": "0001018963",
        "fillingDate": "2016-05-06",
        "acceptedDate": "2016-05-06 15:07:25",
        "calendarYear": "2016",
        "period": "Q1",
        "revenue": 757500000,
        "costOfRevenue": 790700000,
        "grossProfit": -33200000,
        "grossProfitRatio": -0.0438283828,
        "researchAndDevelopmentExpenses": 0,
        "generalAndAdministrativeExpenses": 0,
        "sellingAndMarketingExpenses": 0,
        "sellingGeneralAndAdministrativeExpenses": 62600000,
        "otherExpenses": 9000000,
        "operatingExpenses": 71600000,
        "costAndExpenses": 862300000,
        "interestIncome": 0,
        "interestExpense": 28300000,
        "depreciationAndAmortization": 44100000,
        "ebitda": -51700000,
        "ebitdaratio": -0.0682508251,
        "operatingIncome": -104800000,
        "operatingIncomeRatio": -0.138349835,
        "totalOtherIncomeExpensesNet": -27500000,
        "incomeBeforeTax": -132300000,
        "incomeBeforeTaxRatio": -0.1746534653,
        "incomeTaxExpense": 34200000,
        "netIncome": -101200000,
        "netIncomeRatio": -0.1335973597,
        "eps": -0.94,
        "epsdiluted": -0.94,
        "weightedAverageShsOut": 107300000,
        "weightedAverageShsOutDil": 107300000,
        "link": "https://www.sec.gov/Archives/edgar/data/1018963/000101896316000054/0001018963-16-000054-index.htm",
        "finalLink": "https://www.sec.gov/Archives/edgar/data/1018963/000101896316000054/ati201610-qq1.htm"
    },
    {
        "date": "2015-12-31",
        "symbol": "ATI",
        "reportedCurrency": "USD",
        "cik": "0001018963",
        "fillingDate": "2016-02-26",
        "acceptedDate": "2016-02-26 16:03:59",
        "calendarYear": "2015",
        "period": "Q4",
        "revenue": 738900000,
        "costOfRevenue": 836400000,
        "grossProfit": -97500000,
        "grossProfitRatio": -0.131952903,
        "researchAndDevelopmentExpenses": 15700000,
        "generalAndAdministrativeExpenses": 44700000,
        "sellingAndMarketingExpenses": -14700000,
        "sellingGeneralAndAdministrativeExpenses": 30000000,
        "otherExpenses": 186000000,
        "operatingExpenses": 231700000,
        "costAndExpenses": 1068100000,
        "interestIncome": 0,
        "interestExpense": 29200000,
        "depreciationAndAmortization": 28200000,
        "ebitda": -119000000,
        "ebitdaratio": -0.1610502098,
        "operatingIncome": -329200000,
        "operatingIncomeRatio": -0.4455271349,
        "totalOtherIncomeExpensesNet": -29900000,
        "incomeBeforeTax": -359100000,
        "incomeBeforeTaxRatio": -0.4859926918,
        "incomeTaxExpense": 135800000,
        "netIncome": -226900000,
        "netIncomeRatio": -0.3070780891,
        "eps": -2.11,
        "epsdiluted": -2.11,
        "weightedAverageShsOut": 107300000,
        "weightedAverageShsOutDil": 107300000,
        "link": "https://www.sec.gov/Archives/edgar/data/1018963/000101896316000049/0001018963-16-000049-index.htm",
        "finalLink": "https://www.sec.gov/Archives/edgar/data/1018963/000101896316000049/atify201510-k.htm"
    },
    {
        "date": "2015-09-30",
        "symbol": "ATI",
        "reportedCurrency": "USD",
        "cik": "0001018963",
        "fillingDate": "2015-10-29",
        "acceptedDate": "2015-10-29 16:04:44",
        "calendarYear": "2015",
        "period": "Q3",
        "revenue": 832700000,
        "costOfRevenue": 861400000,
        "grossProfit": -28700000,
        "grossProfitRatio": -0.0344661943,
        "researchAndDevelopmentExpenses": 0,
        "generalAndAdministrativeExpenses": 0,
        "sellingAndMarketingExpenses": 0,
        "sellingGeneralAndAdministrativeExpenses": 62500000,
        "otherExpenses": 0,
        "operatingExpenses": 62500000,
        "costAndExpenses": 923900000,
        "interestIncome": 0,
        "interestExpense": 27500000,
        "depreciationAndAmortization": 47800000,
        "ebitda": -43400000,
        "ebitdaratio": -0.0521196109,
        "operatingIncome": -91200000,
        "operatingIncomeRatio": -0.1095232377,
        "totalOtherIncomeExpensesNet": -26700000,
        "incomeBeforeTax": -117900000,
        "incomeBeforeTaxRatio": -0.1415876066,
        "incomeTaxExpense": 23400000,
        "netIncome": -144600000,
        "netIncomeRatio": -0.1736519755,
        "eps": -1.35,
        "epsdiluted": -1.35,
        "weightedAverageShsOut": 107151828,
        "weightedAverageShsOutDil": 107300000,
        "link": "https://www.sec.gov/Archives/edgar/data/1018963/000101896315000045/0001018963-15-000045-index.htm",
        "finalLink": "https://www.sec.gov/Archives/edgar/data/1018963/000101896315000045/ati201510-qq3.htm"
    },
    {
        "date": "2015-06-30",
        "symbol": "ATI",
        "reportedCurrency": "USD",
        "cik": "0001018963",
        "fillingDate": "2015-07-30",
        "acceptedDate": "2015-07-30 16:24:25",
        "calendarYear": "2015",
        "period": "Q2",
        "revenue": 1022500000,
        "costOfRevenue": 945500000,
        "grossProfit": 77000000,
        "grossProfitRatio": 0.0753056235,
        "researchAndDevelopmentExpenses": 0,
        "generalAndAdministrativeExpenses": 0,
        "sellingAndMarketingExpenses": 0,
        "sellingGeneralAndAdministrativeExpenses": 72400000,
        "otherExpenses": 0,
        "operatingExpenses": 72400000,
        "costAndExpenses": 1017900000,
        "interestIncome": 0,
        "interestExpense": 26800000,
        "depreciationAndAmortization": 48000000,
        "ebitda": 52600000,
        "ebitdaratio": 0.0514425428,
        "operatingIncome": 4600000,
        "operatingIncomeRatio": 0.0044987775,
        "totalOtherIncomeExpensesNet": -26200000,
        "incomeBeforeTax": -21600000,
        "incomeBeforeTaxRatio": -0.0211246944,
        "incomeTaxExpense": 7700000,
        "netIncome": -16399999,
        "netIncomeRatio": -0.0160391198,
        "eps": -0.15,
        "epsdiluted": -0.15,
        "weightedAverageShsOut": 107300000,
        "weightedAverageShsOutDil": 107300000,
        "link": "https://www.sec.gov/Archives/edgar/data/1018963/000101896315000037/0001018963-15-000037-index.htm",
        "finalLink": "https://www.sec.gov/Archives/edgar/data/1018963/000101896315000037/ati201510-qq2.htm"
    },
    {
        "date": "2015-03-31",
        "symbol": "ATI",
        "reportedCurrency": "USD",
        "cik": "0001018963",
        "fillingDate": "2015-05-04",
        "acceptedDate": "2015-05-04 16:03:07",
        "calendarYear": "2015",
        "period": "Q1",
        "revenue": 1125500000,
        "costOfRevenue": 1016000000,
        "grossProfit": 109500000,
        "grossProfitRatio": 0.0972900933,
        "researchAndDevelopmentExpenses": 0,
        "generalAndAdministrativeExpenses": 0,
        "sellingAndMarketingExpenses": 0,
        "sellingGeneralAndAdministrativeExpenses": 63100000,
        "otherExpenses": 0,
        "operatingExpenses": 63100000,
        "costAndExpenses": 1079100000,
        "interestIncome": 0,
        "interestExpense": 26700000,
        "depreciationAndAmortization": 45600000,
        "ebitda": 92000000,
        "ebitdaratio": 0.0817414482,
        "operatingIncome": 46400000,
        "operatingIncomeRatio": 0.0412261217,
        "totalOtherIncomeExpensesNet": -25800000,
        "incomeBeforeTax": 20600000,
        "incomeBeforeTaxRatio": 0.0183029765,
        "incomeTaxExpense": 8000000,
        "netIncome": 10000000,
        "netIncomeRatio": 0.00888494,
        "eps": 0.0933,
        "epsdiluted": 0.0917,
        "weightedAverageShsOut": 107200000,
        "weightedAverageShsOutDil": 108000000,
        "link": "https://www.sec.gov/Archives/edgar/data/1018963/000101896315000010/0001018963-15-000010-index.htm",
        "finalLink": "https://www.sec.gov/Archives/edgar/data/1018963/000101896315000010/ati201510-qq1.htm"
    },
    {
        "date": "2014-12-31",
        "symbol": "ATI",
        "reportedCurrency": "USD",
        "cik": "0001018963",
        "fillingDate": "2015-02-26",
        "acceptedDate": "2015-02-26 16:05:15",
        "calendarYear": "2014",
        "period": "Q4",
        "revenue": 1047500000,
        "costOfRevenue": 925600000,
        "grossProfit": 121900000,
        "grossProfitRatio": 0.116372315,
        "researchAndDevelopmentExpenses": 20100000,
        "generalAndAdministrativeExpenses": 0,
        "sellingAndMarketingExpenses": 0,
        "sellingGeneralAndAdministrativeExpenses": 69700000,
        "otherExpenses": 0,
        "operatingExpenses": 89800000,
        "costAndExpenses": 1015400000,
        "interestIncome": 0,
        "interestExpense": 25900000,
        "depreciationAndAmortization": 45200000,
        "ebitda": 97400000,
        "ebitdaratio": 0.0929832936,
        "operatingIncome": 32100000,
        "operatingIncomeRatio": 0.0306443914,
        "totalOtherIncomeExpensesNet": -5300000,
        "incomeBeforeTax": 26800000,
        "incomeBeforeTaxRatio": 0.0255847255,
        "incomeTaxExpense": 3700000,
        "netIncome": 22100000,
        "netIncomeRatio": 0.021097852,
        "eps": 0.19,
        "epsdiluted": 0.18,
        "weightedAverageShsOut": 107200000,
        "weightedAverageShsOutDil": 107900000,
        "link": "https://www.sec.gov/Archives/edgar/data/1018963/000101896315000005/0001018963-15-000005-index.htm",
        "finalLink": "https://www.sec.gov/Archives/edgar/data/1018963/000101896315000005/atify201410-k.htm"
    },
    {
        "date": "2014-09-30",
        "symbol": "ATI",
        "reportedCurrency": "USD",
        "cik": "0001018963",
        "fillingDate": "2014-10-31",
        "acceptedDate": "2014-10-31 09:12:27",
        "calendarYear": "2014",
        "period": "Q3",
        "revenue": 1069599999,
        "costOfRevenue": 972600000,
        "grossProfit": 97000000,
        "grossProfitRatio": 0.0906881077,
        "researchAndDevelopmentExpenses": 0,
        "generalAndAdministrativeExpenses": 0,
        "sellingAndMarketingExpenses": 0,
        "sellingGeneralAndAdministrativeExpenses": 68700000,
        "otherExpenses": 0,
        "operatingExpenses": 68700000,
        "costAndExpenses": 1041300000,
        "interestIncome": 0,
        "interestExpense": 25200000,
        "depreciationAndAmortization": 44100000,
        "ebitda": 72400000,
        "ebitdaratio": 0.0676888556,
        "operatingIncome": 28299999,
        "operatingIncomeRatio": 0.0264584892,
        "totalOtherIncomeExpensesNet": -24200000,
        "incomeBeforeTax": 4099999,
        "incomeBeforeTaxRatio": 0.0038332087,
        "incomeTaxExpense": 500000,
        "netIncome": -700000,
        "netIncomeRatio": -0.0006544503,
        "eps": 0.0002,
        "epsdiluted": -0.0035,
        "weightedAverageShsOut": 107200000,
        "weightedAverageShsOutDil": 108000000,
        "link": "https://www.sec.gov/Archives/edgar/data/1018963/000101896314000030/0001018963-14-000030-index.htm",
        "finalLink": "https://www.sec.gov/Archives/edgar/data/1018963/000101896314000030/ati201410-qq3.htm"
    },
    {
        "date": "2014-06-30",
        "symbol": "ATI",
        "reportedCurrency": "USD",
        "cik": "0001018963",
        "fillingDate": "2014-08-04",
        "acceptedDate": "2014-08-04 16:10:27",
        "calendarYear": "2014",
        "period": "Q2",
        "revenue": 1119000000,
        "costOfRevenue": 1029500000,
        "grossProfit": 89500000,
        "grossProfitRatio": 0.0799821269,
        "researchAndDevelopmentExpenses": 0,
        "generalAndAdministrativeExpenses": 0,
        "sellingAndMarketingExpenses": 0,
        "sellingGeneralAndAdministrativeExpenses": 65700000,
        "otherExpenses": 0,
        "operatingExpenses": 65700000,
        "costAndExpenses": 1095200000,
        "interestIncome": 0,
        "interestExpense": 28500000,
        "depreciationAndAmortization": 43500000,
        "ebitda": 67300000,
        "ebitdaratio": 0.0601429848,
        "operatingIncome": 23800000,
        "operatingIncomeRatio": 0.0212689902,
        "totalOtherIncomeExpensesNet": -27200000,
        "incomeBeforeTax": -3400000,
        "incomeBeforeTaxRatio": -0.0030384272,
        "incomeTaxExpense": -2900000,
        "netIncome": -4000000,
        "netIncomeRatio": -0.0035746202,
        "eps": -0.0355,
        "epsdiluted": -0.0355,
        "weightedAverageShsOut": 107100000,
        "weightedAverageShsOutDil": 107100000,
        "link": "https://www.sec.gov/Archives/edgar/data/1018963/000101896314000026/0001018963-14-000026-index.htm",
        "finalLink": "https://www.sec.gov/Archives/edgar/data/1018963/000101896314000026/ati201410-qq2.htm"
    },
    {
        "date": "2014-03-31",
        "symbol": "ATI",
        "reportedCurrency": "USD",
        "cik": "0001018963",
        "fillingDate": "2014-05-05",
        "acceptedDate": "2014-05-05 16:13:37",
        "calendarYear": "2014",
        "period": "Q1",
        "revenue": 987300000,
        "costOfRevenue": 917100000,
        "grossProfit": 70200000,
        "grossProfitRatio": 0.0711030082,
        "researchAndDevelopmentExpenses": 0,
        "generalAndAdministrativeExpenses": 0,
        "sellingAndMarketingExpenses": 0,
        "sellingGeneralAndAdministrativeExpenses": 67700000,
        "otherExpenses": 0,
        "operatingExpenses": 67700000,
        "costAndExpenses": 984800000,
        "interestIncome": 0,
        "interestExpense": 29100000,
        "depreciationAndAmortization": 44000000,
        "ebitda": 46500000,
        "ebitdaratio": 0.0470981465,
        "operatingIncome": 2500000,
        "operatingIncomeRatio": 0.0025321584,
        "totalOtherIncomeExpensesNet": -28500000,
        "incomeBeforeTax": -26000000,
        "incomeBeforeTaxRatio": -0.0263344475,
        "incomeTaxExpense": -10000000,
        "netIncome": -20000000,
        "netIncomeRatio": -0.0202572673,
        "eps": -0.17,
        "epsdiluted": -0.17,
        "weightedAverageShsOut": 106470588,
        "weightedAverageShsOutDil": 107000000,
        "link": "https://www.sec.gov/Archives/edgar/data/1018963/000144530514001825/0001445305-14-001825-index.htm",
        "finalLink": "https://www.sec.gov/Archives/edgar/data/1018963/000144530514001825/ati201410-qq1.htm"
    },
    {
        "date": "2013-12-31",
        "symbol": "ATI",
        "reportedCurrency": "USD",
        "cik": "0001018963",
        "fillingDate": "2014-02-27",
        "acceptedDate": "2014-02-27 16:08:51",
        "calendarYear": "2013",
        "period": "Q4",
        "revenue": 915300000,
        "costOfRevenue": 904000000,
        "grossProfit": 11300000,
        "grossProfitRatio": 0.012345679,
        "researchAndDevelopmentExpenses": 0,
        "generalAndAdministrativeExpenses": 0,
        "sellingAndMarketingExpenses": 0,
        "sellingGeneralAndAdministrativeExpenses": 66300000,
        "otherExpenses": 0,
        "operatingExpenses": 66300000,
        "costAndExpenses": 970300000,
        "interestIncome": 0,
        "interestExpense": 18700000,
        "depreciationAndAmortization": 46400000,
        "ebitda": -8600000,
        "ebitdaratio": -0.0093958265,
        "operatingIncome": -55000000,
        "operatingIncomeRatio": -0.0600895881,
        "totalOtherIncomeExpensesNet": -85800000,
        "incomeBeforeTax": -140800000,
        "incomeBeforeTaxRatio": -0.1538293456,
        "incomeTaxExpense": -59200000,
        "netIncome": 173400000,
        "netIncomeRatio": 0.1894460833,
        "eps": -0.78,
        "epsdiluted": -0.79,
        "weightedAverageShsOut": 106154019,
        "weightedAverageShsOutDil": 106800000,
        "link": "https://www.sec.gov/Archives/edgar/data/1018963/000144530514000663/0001445305-14-000663-index.htm",
        "finalLink": "https://www.sec.gov/Archives/edgar/data/1018963/000144530514000663/atify201310-k.htm"
    },
    {
        "date": "2013-09-30",
        "symbol": "ATI",
        "reportedCurrency": "USD",
        "cik": "0001018963",
        "fillingDate": "2013-11-01",
        "acceptedDate": "2013-11-01 16:07:38",
        "calendarYear": "2013",
        "period": "Q3",
        "revenue": 972400000,
        "costOfRevenue": 919300000,
        "grossProfit": 53100000,
        "grossProfitRatio": 0.0546071575,
        "researchAndDevelopmentExpenses": 0,
        "generalAndAdministrativeExpenses": 0,
        "sellingAndMarketingExpenses": 0,
        "sellingGeneralAndAdministrativeExpenses": 70600000,
        "otherExpenses": 0,
        "operatingExpenses": 70600000,
        "costAndExpenses": 989900000,
        "interestIncome": 0,
        "interestExpense": 18200000,
        "depreciationAndAmortization": 46600000,
        "ebitda": 29100000,
        "ebitdaratio": 0.0299259564,
        "operatingIncome": -17500000,
        "operatingIncomeRatio": -0.0179967092,
        "totalOtherIncomeExpensesNet": -17800000,
        "incomeBeforeTax": -35300000,
        "incomeBeforeTaxRatio": -0.0363019334,
        "incomeTaxExpense": -8500000,
        "netIncome": -33800000,
        "netIncomeRatio": -0.0347593583,
        "eps": -0.27,
        "epsdiluted": -0.27,
        "weightedAverageShsOut": 105185185,
        "weightedAverageShsOutDil": 106800000,
        "link": "https://www.sec.gov/Archives/edgar/data/1018963/000144530513002639/0001445305-13-002639-index.htm",
        "finalLink": "https://www.sec.gov/Archives/edgar/data/1018963/000144530513002639/ati201310-qq3.htm"
    },
    {
        "date": "2013-06-30",
        "symbol": "ATI",
        "reportedCurrency": "USD",
        "cik": "0001018963",
        "fillingDate": "2013-08-05",
        "acceptedDate": "2013-08-05 16:36:09",
        "calendarYear": "2013",
        "period": "Q2",
        "revenue": 1056800000,
        "costOfRevenue": 969100000,
        "grossProfit": 87700000,
        "grossProfitRatio": 0.082986374,
        "researchAndDevelopmentExpenses": 0,
        "generalAndAdministrativeExpenses": 0,
        "sellingAndMarketingExpenses": 0,
        "sellingGeneralAndAdministrativeExpenses": 67099999,
        "otherExpenses": 0,
        "operatingExpenses": 67300000,
        "costAndExpenses": 1036400000,
        "interestIncome": 0,
        "interestExpense": 13900000,
        "depreciationAndAmortization": 48400000,
        "ebitda": 69000000,
        "ebitdaratio": 0.0652914459,
        "operatingIncome": 20600000,
        "operatingIncomeRatio": 0.0194928085,
        "totalOtherIncomeExpensesNet": -14100000,
        "incomeBeforeTax": 6500000,
        "incomeBeforeTaxRatio": 0.0061506435,
        "incomeTaxExpense": 600000,
        "netIncome": 3700000,
        "netIncomeRatio": 0.0035011355,
        "eps": 0.0346,
        "epsdiluted": 0.0346,
        "weightedAverageShsOut": 106800000,
        "weightedAverageShsOutDil": 107200000,
        "link": "https://www.sec.gov/Archives/edgar/data/1018963/000119312513319181/0001193125-13-319181-index.htm",
        "finalLink": "https://www.sec.gov/Archives/edgar/data/1018963/000119312513319181/d575027d10q.htm"
    },
    {
        "date": "2013-03-31",
        "symbol": "ATI",
        "reportedCurrency": "USD",
        "cik": "0001018963",
        "fillingDate": "2013-05-06",
        "acceptedDate": "2013-05-06 16:16:03",
        "calendarYear": "2013",
        "period": "Q1",
        "revenue": 1099000000,
        "costOfRevenue": 998500000,
        "grossProfit": 100500000,
        "grossProfitRatio": 0.0914467698,
        "researchAndDevelopmentExpenses": 0,
        "generalAndAdministrativeExpenses": 0,
        "sellingAndMarketingExpenses": 0,
        "sellingGeneralAndAdministrativeExpenses": 72400000,
        "otherExpenses": 0,
        "operatingExpenses": 71300000,
        "costAndExpenses": 1069800000,
        "interestIncome": 0,
        "interestExpense": 14400000,
        "depreciationAndAmortization": 48500000,
        "ebitda": 76600000,
        "ebitdaratio": 0.069699727,
        "operatingIncome": 28100000,
        "operatingIncomeRatio": 0.0255686988,
        "totalOtherIncomeExpensesNet": -13300000,
        "incomeBeforeTax": 14800000,
        "incomeBeforeTaxRatio": 0.013466788,
        "incomeTaxExpense": 3500000,
        "netIncome": 9700000,
        "netIncomeRatio": 0.0088262056,
        "eps": 0.091,
        "epsdiluted": 0.09,
        "weightedAverageShsOut": 106600000,
        "weightedAverageShsOutDil": 107100000,
        "link": "https://www.sec.gov/Archives/edgar/data/1018963/000119312513201622/0001193125-13-201622-index.htm",
        "finalLink": "https://www.sec.gov/Archives/edgar/data/1018963/000119312513201622/d531236d10q.htm"
    },
    {
        "date": "2012-12-31",
        "symbol": "ATI",
        "reportedCurrency": "USD",
        "cik": "0001018963",
        "fillingDate": "2013-02-28",
        "acceptedDate": "2013-02-28 16:24:23",
        "calendarYear": "2012",
        "period": "Q4",
        "revenue": 1021400000,
        "costOfRevenue": 901800000,
        "grossProfit": 119600000,
        "grossProfitRatio": 0.1170941845,
        "researchAndDevelopmentExpenses": 23800000,
        "generalAndAdministrativeExpenses": 0,
        "sellingAndMarketingExpenses": 0,
        "sellingGeneralAndAdministrativeExpenses": 78300000,
        "otherExpenses": 0,
        "operatingExpenses": 78899999,
        "costAndExpenses": 980699999,
        "interestIncome": 0,
        "interestExpense": 15900000,
        "depreciationAndAmortization": 48900000,
        "ebitda": 90200000,
        "ebitdaratio": 0.0883101625,
        "operatingIncome": 41300000,
        "operatingIncomeRatio": 0.0404346975,
        "totalOtherIncomeExpensesNet": -16500000,
        "incomeBeforeTax": 24800000,
        "incomeBeforeTaxRatio": 0.0242803995,
        "incomeTaxExpense": 5800000,
        "netIncome": 16000000,
        "netIncomeRatio": 0.0156647738,
        "eps": 0.15,
        "epsdiluted": 0.15,
        "weightedAverageShsOut": 106300000,
        "weightedAverageShsOutDil": 107200000,
        "link": "https://www.sec.gov/Archives/edgar/data/1018963/000119312513084310/0001193125-13-084310-index.htm",
        "finalLink": "https://www.sec.gov/Archives/edgar/data/1018963/000119312513084310/d492316d10k.htm"
    },
    {
        "date": "2012-09-30",
        "symbol": "ATI",
        "reportedCurrency": "USD",
        "cik": "0001018963",
        "fillingDate": "2012-11-02",
        "acceptedDate": "2012-11-02 16:32:23",
        "calendarYear": "2012",
        "period": "Q3",
        "revenue": 1131500000,
        "costOfRevenue": 988800000,
        "grossProfit": 142700000,
        "grossProfitRatio": 0.1261157755,
        "researchAndDevelopmentExpenses": 0,
        "generalAndAdministrativeExpenses": 0,
        "sellingAndMarketingExpenses": 0,
        "sellingGeneralAndAdministrativeExpenses": 77600000,
        "otherExpenses": 0,
        "operatingExpenses": 77399999,
        "costAndExpenses": 911400000,
        "interestIncome": 0,
        "interestExpense": 17200000,
        "depreciationAndAmortization": 48900000,
        "ebitda": 114000000,
        "ebitdaratio": 0.1007512152,
        "operatingIncome": 65099999,
        "operatingIncomeRatio": 0.0575342457,
        "totalOtherIncomeExpensesNet": -16999999,
        "incomeBeforeTax": 48100000,
        "incomeBeforeTaxRatio": 0.0425099426,
        "incomeTaxExpense": 14800000,
        "netIncome": 31300000,
        "netIncomeRatio": 0.0276623951,
        "eps": 0.29,
        "epsdiluted": 0.29,
        "weightedAverageShsOut": 106200000,
        "weightedAverageShsOutDil": 116700000,
        "link": "https://www.sec.gov/Archives/edgar/data/1018963/000119312512449198/0001193125-12-449198-index.htm",
        "finalLink": "https://www.sec.gov/Archives/edgar/data/1018963/000119312512449198/d430842d10q.htm"
    },
    {
        "date": "2012-06-30",
        "symbol": "ATI",
        "reportedCurrency": "USD",
        "cik": "0001018963",
        "fillingDate": "2012-08-03",
        "acceptedDate": "2012-08-03 16:34:10",
        "calendarYear": "2012",
        "period": "Q2",
        "revenue": 1357400000,
        "costOfRevenue": 1158500000,
        "grossProfit": 198900000,
        "grossProfitRatio": 0.1465301311,
        "researchAndDevelopmentExpenses": 0,
        "generalAndAdministrativeExpenses": 0,
        "sellingAndMarketingExpenses": 0,
        "sellingGeneralAndAdministrativeExpenses": 90700000,
        "otherExpenses": 0,
        "operatingExpenses": 90700000,
        "costAndExpenses": 1249200000,
        "interestIncome": 0,
        "interestExpense": 18600000,
        "depreciationAndAmortization": 48200000,
        "ebitda": 156500000,
        "ebitdaratio": 0.1152939443,
        "operatingIncome": 108200000,
        "operatingIncomeRatio": 0.0797112126,
        "totalOtherIncomeExpensesNet": -18500000,
        "incomeBeforeTax": 89700000,
        "incomeBeforeTaxRatio": 0.066082216,
        "incomeTaxExpense": 31000000,
        "netIncome": 56400000,
        "netIncomeRatio": 0.0415500221,
        "eps": 0.53,
        "epsdiluted": 0.5,
        "weightedAverageShsOut": 106100000,
        "weightedAverageShsOutDil": 116600000,
        "link": "https://www.sec.gov/Archives/edgar/data/1018963/000119312512334956/0001193125-12-334956-index.htm",
        "finalLink": "https://www.sec.gov/Archives/edgar/data/1018963/000119312512334956/d387856d10q.htm"
    },
    {
        "date": "2012-03-31",
        "symbol": "ATI",
        "reportedCurrency": "USD",
        "cik": "0001018963",
        "fillingDate": "2012-05-04",
        "acceptedDate": "2012-05-04 16:28:59",
        "calendarYear": "2012",
        "period": "Q1",
        "revenue": 1352500000,
        "costOfRevenue": 1145500000,
        "grossProfit": 207000000,
        "grossProfitRatio": 0.1530499076,
        "researchAndDevelopmentExpenses": 0,
        "generalAndAdministrativeExpenses": 0,
        "sellingAndMarketingExpenses": 0,
        "sellingGeneralAndAdministrativeExpenses": 103400000,
        "otherExpenses": 0,
        "operatingExpenses": 103400000,
        "costAndExpenses": 1248900000,
        "interestIncome": 0,
        "interestExpense": 19900000,
        "depreciationAndAmortization": 48000000,
        "ebitda": 152000000,
        "ebitdaratio": 0.1123844732,
        "operatingIncome": 103600000,
        "operatingIncomeRatio": 0.0765988909,
        "totalOtherIncomeExpensesNet": -19500000,
        "incomeBeforeTax": 84100000,
        "incomeBeforeTaxRatio": 0.062181146,
        "incomeTaxExpense": 25800000,
        "netIncome": 56200000,
        "netIncomeRatio": 0.0415526802,
        "eps": 0.53,
        "epsdiluted": 0.5,
        "weightedAverageShsOut": 105900000,
        "weightedAverageShsOutDil": 116400000,
        "link": "https://www.sec.gov/Archives/edgar/data/1018963/000119312512212043/0001193125-12-212043-index.htm",
        "finalLink": "https://www.sec.gov/Archives/edgar/data/1018963/000119312512212043/d345708d10q.htm"
    },
    {
        "date": "2011-12-31",
        "symbol": "ATI",
        "reportedCurrency": "USD",
        "cik": "0001018963",
        "fillingDate": "2012-02-27",
        "acceptedDate": "2012-02-27 16:41:07",
        "calendarYear": "2011",
        "period": "Q4",
        "revenue": 1251400000,
        "costOfRevenue": 1082400000,
        "grossProfit": 169000000,
        "grossProfitRatio": 0.1350487454,
        "researchAndDevelopmentExpenses": 0,
        "generalAndAdministrativeExpenses": 0,
        "sellingAndMarketingExpenses": 0,
        "sellingGeneralAndAdministrativeExpenses": 97400000,
        "otherExpenses": 0,
        "operatingExpenses": 97400000,
        "costAndExpenses": 1179800000,
        "interestIncome": 0,
        "interestExpense": 22200000,
        "depreciationAndAmortization": 47200000,
        "ebitda": 118800000,
        "ebitdaratio": 0.0949336743,
        "operatingIncome": 71600000,
        "operatingIncomeRatio": 0.0572159182,
        "totalOtherIncomeExpensesNet": -21700000,
        "incomeBeforeTax": 49900000,
        "incomeBeforeTaxRatio": 0.0398753396,
        "incomeTaxExpense": 15700000,
        "netIncome": 31700000,
        "netIncomeRatio": 0.0253316286,
        "eps": 0.3,
        "epsdiluted": 0.27,
        "weightedAverageShsOut": 105900000,
        "weightedAverageShsOutDil": 116400000,
        "link": "https://www.sec.gov/Archives/edgar/data/1018963/000119312512081765/0001193125-12-081765-index.htm",
        "finalLink": "https://www.sec.gov/Archives/edgar/data/1018963/000119312512081765/d304866d10k.htm"
    },
    {
        "date": "2011-09-30",
        "symbol": "ATI",
        "reportedCurrency": "USD",
        "cik": "0001018963",
        "fillingDate": "2011-11-04",
        "acceptedDate": "2011-11-04 16:36:51",
        "calendarYear": "2011",
        "period": "Q3",
        "revenue": 1352600000,
        "costOfRevenue": 1136800000,
        "grossProfit": 215800000,
        "grossProfitRatio": 0.1595445808,
        "researchAndDevelopmentExpenses": 0,
        "generalAndAdministrativeExpenses": 0,
        "sellingAndMarketingExpenses": 0,
        "sellingGeneralAndAdministrativeExpenses": 96700000,
        "otherExpenses": 0,
        "operatingExpenses": 96700000,
        "costAndExpenses": 1233500000,
        "interestIncome": 0,
        "interestExpense": 23400000,
        "depreciationAndAmortization": 46600000,
        "ebitda": 165400000,
        "ebitdaratio": 0.1222830105,
        "operatingIncome": 119100000,
        "operatingIncomeRatio": 0.0880526394,
        "totalOtherIncomeExpensesNet": -23700000,
        "incomeBeforeTax": 95400000,
        "incomeBeforeTaxRatio": 0.0705308295,
        "incomeTaxExpense": 31200000,
        "netIncome": 62300000,
        "netIncomeRatio": 0.0460594411,
        "eps": 0.59,
        "epsdiluted": 0.56,
        "weightedAverageShsOut": 105100000,
        "weightedAverageShsOutDil": 116500000,
        "link": "https://www.sec.gov/Archives/edgar/data/1018963/000119312511297514/0001193125-11-297514-index.htm",
        "finalLink": "https://www.sec.gov/Archives/edgar/data/1018963/000119312511297514/d249610d10q.htm"
    },
    {
        "date": "2011-06-30",
        "symbol": "ATI",
        "reportedCurrency": "USD",
        "cik": "0001018963",
        "fillingDate": "2011-08-04",
        "acceptedDate": "2011-08-04 16:58:03",
        "calendarYear": "2011",
        "period": "Q2",
        "revenue": 1351600000,
        "costOfRevenue": 1128600000,
        "grossProfit": 223000000,
        "grossProfitRatio": 0.1649896419,
        "researchAndDevelopmentExpenses": 0,
        "generalAndAdministrativeExpenses": 0,
        "sellingAndMarketingExpenses": 0,
        "sellingGeneralAndAdministrativeExpenses": 99300000,
        "otherExpenses": 0,
        "operatingExpenses": 99300000,
        "costAndExpenses": 1227900000,
        "interestIncome": 0,
        "interestExpense": 23700000,
        "depreciationAndAmortization": 43200000,
        "ebitda": 167200000,
        "ebitdaratio": 0.1237052382,
        "operatingIncome": 123700000,
        "operatingIncomeRatio": 0.0915211601,
        "totalOtherIncomeExpensesNet": -23400000,
        "incomeBeforeTax": 100300000,
        "incomeBeforeTaxRatio": 0.0742083457,
        "incomeTaxExpense": 34300000,
        "netIncome": 64000000,
        "netIncomeRatio": 0.0473512874,
        "eps": 0.63,
        "epsdiluted": 0.59,
        "weightedAverageShsOut": 102100000,
        "weightedAverageShsOutDil": 113500000,
        "link": "https://www.sec.gov/Archives/edgar/data/1018963/000119312511210518/0001193125-11-210518-index.htm",
        "finalLink": "https://www.sec.gov/Archives/edgar/data/1018963/000119312511210518/d10q.htm"
    },
    {
        "date": "2011-03-31",
        "symbol": "ATI",
        "reportedCurrency": "USD",
        "cik": "0001018963",
        "fillingDate": "2011-05-05",
        "acceptedDate": "2011-05-05 16:46:40",
        "calendarYear": "2011",
        "period": "Q1",
        "revenue": 1227400000,
        "costOfRevenue": 1022000000,
        "grossProfit": 205400000,
        "grossProfitRatio": 0.1673456086,
        "researchAndDevelopmentExpenses": 0,
        "generalAndAdministrativeExpenses": 0,
        "sellingAndMarketingExpenses": 0,
        "sellingGeneralAndAdministrativeExpenses": 88700000,
        "otherExpenses": 0,
        "operatingExpenses": 88700000,
        "costAndExpenses": 1110700000,
        "interestIncome": 0,
        "interestExpense": 23000000,
        "depreciationAndAmortization": 37400000,
        "ebitda": 154200000,
        "ebitdaratio": 0.125631416,
        "operatingIncome": 116700000,
        "operatingIncomeRatio": 0.0950790288,
        "totalOtherIncomeExpensesNet": -22900000,
        "incomeBeforeTax": 93800000,
        "incomeBeforeTaxRatio": 0.0764217044,
        "incomeTaxExpense": 35100000,
        "netIncome": 56300000,
        "netIncomeRatio": 0.0458693173,
        "eps": 0.58,
        "epsdiluted": 0.54,
        "weightedAverageShsOut": 97600000,
        "weightedAverageShsOutDil": 109000000,
        "link": "https://www.sec.gov/Archives/edgar/data/1018963/000095012311045711/0000950123-11-045711-index.htm",
        "finalLink": "https://www.sec.gov/Archives/edgar/data/1018963/000095012311045711/l42581e10vq.htm"
    },
    {
        "date": "2010-12-31",
        "symbol": "ATI",
        "reportedCurrency": "USD",
        "cik": "0001018963",
        "fillingDate": "2011-02-28",
        "acceptedDate": "2011-02-28 17:07:42",
        "calendarYear": "2010",
        "period": "Q4",
        "revenue": 1037600000,
        "costOfRevenue": 910300000,
        "grossProfit": 127300000,
        "grossProfitRatio": 0.1226869699,
        "researchAndDevelopmentExpenses": 0,
        "generalAndAdministrativeExpenses": 0,
        "sellingAndMarketingExpenses": 0,
        "sellingGeneralAndAdministrativeExpenses": 88800000,
        "otherExpenses": 0,
        "operatingExpenses": 88800000,
        "costAndExpenses": 999100000,
        "interestIncome": 0,
        "interestExpense": 0,
        "depreciationAndAmortization": 35500000,
        "ebitda": 77000000,
        "ebitdaratio": 0.0742097147,
        "operatingIncome": 38500000,
        "operatingIncomeRatio": 0.0371048574,
        "totalOtherIncomeExpensesNet": -15900000,
        "incomeBeforeTax": 22600000,
        "incomeBeforeTaxRatio": 0.0217810332,
        "incomeTaxExpense": 5200000,
        "netIncome": 15100000,
        "netIncomeRatio": 0.0145528142,
        "eps": 0.15,
        "epsdiluted": 0.14,
        "weightedAverageShsOut": 97600000,
        "weightedAverageShsOutDil": 109000000,
        "link": "https://www.sec.gov/Archives/edgar/data/1018963/000095012311019865/0000950123-11-019865-index.htm",
        "finalLink": "https://www.sec.gov/Archives/edgar/data/1018963/000095012311019865/l41886e10vk.htm"
    },
    {
        "date": "2010-09-30",
        "symbol": "ATI",
        "reportedCurrency": "USD",
        "cik": "0001018963",
        "fillingDate": "2010-11-03",
        "acceptedDate": "2010-11-03 16:19:40",
        "calendarYear": "2010",
        "period": "Q3",
        "revenue": 1058800000,
        "costOfRevenue": 969000000,
        "grossProfit": 89800000,
        "grossProfitRatio": 0.0848129958,
        "researchAndDevelopmentExpenses": 0,
        "generalAndAdministrativeExpenses": 0,
        "sellingAndMarketingExpenses": 0,
        "sellingGeneralAndAdministrativeExpenses": 65900000,
        "otherExpenses": 0,
        "operatingExpenses": 65900000,
        "costAndExpenses": 1034900000,
        "interestIncome": 0,
        "interestExpense": 16400000,
        "depreciationAndAmortization": 36200000,
        "ebitda": 62100000,
        "ebitdaratio": 0.0586513034,
        "operatingIncome": 23900000,
        "operatingIncomeRatio": 0.0225727238,
        "totalOtherIncomeExpensesNet": -14400000,
        "incomeBeforeTax": 9500000,
        "incomeBeforeTaxRatio": 0.0089724216,
        "incomeTaxExpense": 6200000,
        "netIncome": 1000000,
        "netIncomeRatio": 0.0009444654,
        "eps": 0.01,
        "epsdiluted": 0.01,
        "weightedAverageShsOut": 97500000,
        "weightedAverageShsOutDil": 98600000,
        "link": "https://www.sec.gov/Archives/edgar/data/1018963/000095012310100114/0000950123-10-100114-index.htm",
        "finalLink": "https://www.sec.gov/Archives/edgar/data/1018963/000095012310100114/l40832e10vq.htm"
    },
    {
        "date": "2010-06-30",
        "symbol": "ATI",
        "reportedCurrency": "USD",
        "cik": "0001018963",
        "fillingDate": "2010-08-05",
        "acceptedDate": "2010-08-05 16:27:49",
        "calendarYear": "2010",
        "period": "Q2",
        "revenue": 1052000000,
        "costOfRevenue": 900200000,
        "grossProfit": 151800000,
        "grossProfitRatio": 0.1442965779,
        "researchAndDevelopmentExpenses": 0,
        "generalAndAdministrativeExpenses": 0,
        "sellingAndMarketingExpenses": 0,
        "sellingGeneralAndAdministrativeExpenses": 76000000,
        "otherExpenses": 0,
        "operatingExpenses": 76000000,
        "costAndExpenses": 976200000,
        "interestIncome": 0,
        "interestExpense": 15400000,
        "depreciationAndAmortization": 35200000,
        "ebitda": 111200000,
        "ebitdaratio": 0.1057034221,
        "operatingIncome": 75800000,
        "operatingIncomeRatio": 0.0720532319,
        "totalOtherIncomeExpensesNet": -15200000,
        "incomeBeforeTax": 60600000,
        "incomeBeforeTaxRatio": 0.0576045627,
        "incomeTaxExpense": 22400000,
        "netIncome": 36400000,
        "netIncomeRatio": 0.0346007605,
        "eps": 0.37,
        "epsdiluted": 0.36,
        "weightedAverageShsOut": 97500000,
        "weightedAverageShsOutDil": 108400000,
        "link": "https://www.sec.gov/Archives/edgar/data/1018963/000095012310073386/0000950123-10-073386-index.htm",
        "finalLink": "https://www.sec.gov/Archives/edgar/data/1018963/000095012310073386/l40431e10vq.htm"
    },
    {
        "date": "2010-03-31",
        "symbol": "ATI",
        "reportedCurrency": "USD",
        "cik": "0001018963",
        "fillingDate": "2010-05-07",
        "acceptedDate": "2010-05-07 16:32:35",
        "calendarYear": "2010",
        "period": "Q1",
        "revenue": 899400000,
        "costOfRevenue": 778000000,
        "grossProfit": 121400000,
        "grossProfitRatio": 0.1349788748,
        "researchAndDevelopmentExpenses": 0,
        "generalAndAdministrativeExpenses": 0,
        "sellingAndMarketingExpenses": 0,
        "sellingGeneralAndAdministrativeExpenses": 74200000,
        "otherExpenses": 0,
        "operatingExpenses": 74200000,
        "costAndExpenses": 852200000,
        "interestIncome": 0,
        "interestExpense": 14600000,
        "depreciationAndAmortization": 34600000,
        "ebitda": 81400000,
        "ebitdaratio": 0.090504781,
        "operatingIncome": 47200000,
        "operatingIncomeRatio": 0.0524794307,
        "totalOtherIncomeExpensesNet": -14200000,
        "incomeBeforeTax": 33000000,
        "incomeBeforeTaxRatio": 0.0366911274,
        "incomeTaxExpense": 13200000,
        "netIncome": 18200000,
        "netIncomeRatio": 0.0202357127,
        "eps": 0.19,
        "epsdiluted": 0.18,
        "weightedAverageShsOut": 97400000,
        "weightedAverageShsOutDil": 98700000,
        "link": "https://www.sec.gov/Archives/edgar/data/1018963/000095012310046447/0000950123-10-046447-index.htm",
        "finalLink": "https://www.sec.gov/Archives/edgar/data/1018963/000095012310046447/l39640e10vq.htm"
    },
    {
        "date": "2009-12-31",
        "symbol": "ATI",
        "reportedCurrency": "USD",
        "cik": "0001018963",
        "fillingDate": "2010-02-25",
        "acceptedDate": "2010-02-25 16:26:27",
        "calendarYear": "2009",
        "period": "Q4",
        "revenue": 815700000,
        "costOfRevenue": 657300000,
        "grossProfit": 158400000,
        "grossProfitRatio": 0.1941890401,
        "researchAndDevelopmentExpenses": 0,
        "generalAndAdministrativeExpenses": 0,
        "sellingAndMarketingExpenses": 0,
        "sellingGeneralAndAdministrativeExpenses": 86800000,
        "otherExpenses": 0,
        "operatingExpenses": 86800000,
        "costAndExpenses": 744100000,
        "interestIncome": 0,
        "interestExpense": 0,
        "depreciationAndAmortization": 36000000,
        "ebitda": 99100000,
        "ebitdaratio": 0.1214907441,
        "operatingIncome": 71600000,
        "operatingIncomeRatio": 0.0877773691,
        "totalOtherIncomeExpensesNet": -9600000,
        "incomeBeforeTax": 62000000,
        "incomeBeforeTaxRatio": 0.0760083364,
        "incomeTaxExpense": 21600000,
        "netIncome": 37800000,
        "netIncomeRatio": 0.0463405664,
        "eps": 0.39,
        "epsdiluted": 0.38,
        "weightedAverageShsOut": 97400000,
        "weightedAverageShsOutDil": 98700000,
        "link": "https://www.sec.gov/Archives/edgar/data/1018963/000095012310017084/0000950123-10-017084-index.htm",
        "finalLink": "https://www.sec.gov/Archives/edgar/data/1018963/000095012310017084/l38930e10vk.htm"
    },
    {
        "date": "2009-09-30",
        "symbol": "ATI",
        "reportedCurrency": "USD",
        "cik": "0001018963",
        "fillingDate": "2009-11-05",
        "acceptedDate": "2009-11-05 16:24:00",
        "calendarYear": "2009",
        "period": "Q3",
        "revenue": 697600000,
        "costOfRevenue": 603500000,
        "grossProfit": 94100000,
        "grossProfitRatio": 0.134891055,
        "researchAndDevelopmentExpenses": 0,
        "generalAndAdministrativeExpenses": 0,
        "sellingAndMarketingExpenses": 0,
        "sellingGeneralAndAdministrativeExpenses": 83700000,
        "otherExpenses": 0,
        "operatingExpenses": 83700000,
        "costAndExpenses": 687200000,
        "interestIncome": 0,
        "interestExpense": 0,
        "depreciationAndAmortization": 32200000,
        "ebitda": 10400000,
        "ebitdaratio": 0.0149082569,
        "operatingIncome": 10400000,
        "operatingIncomeRatio": 0.0149082569,
        "totalOtherIncomeExpensesNet": -7800000,
        "incomeBeforeTax": 2600000,
        "incomeBeforeTaxRatio": 0.0037270642,
        "incomeTaxExpense": -1400000,
        "netIncome": 1400000,
        "netIncomeRatio": 0.0020068807,
        "eps": 0.01,
        "epsdiluted": 0.01,
        "weightedAverageShsOut": 97200000,
        "weightedAverageShsOutDil": 98000000,
        "link": "https://www.sec.gov/Archives/edgar/data/1018963/000095012309058421/0000950123-09-058421-index.htm",
        "finalLink": "https://www.sec.gov/Archives/edgar/data/1018963/000095012309058421/l37952e10vq.htm"
    },
    {
        "date": "2009-06-30",
        "symbol": "ATI",
        "reportedCurrency": "USD",
        "cik": "0001018963",
        "fillingDate": "2009-08-03",
        "acceptedDate": "2009-08-03 16:26:41",
        "calendarYear": "2009",
        "period": "Q2",
        "revenue": 710000000,
        "costOfRevenue": 634800000,
        "grossProfit": 75200000,
        "grossProfitRatio": 0.105915493,
        "researchAndDevelopmentExpenses": 0,
        "generalAndAdministrativeExpenses": 0,
        "sellingAndMarketingExpenses": 0,
        "sellingGeneralAndAdministrativeExpenses": 64400000,
        "otherExpenses": 0,
        "operatingExpenses": 64400000,
        "costAndExpenses": 699200000,
        "interestIncome": 0,
        "interestExpense": 10800000,
        "depreciationAndAmortization": 32100000,
        "ebitda": 42900000,
        "ebitdaratio": 0.0604225352,
        "operatingIncome": 10800000,
        "operatingIncomeRatio": 0.0152112676,
        "totalOtherIncomeExpensesNet": -10800000,
        "incomeBeforeTax": -1700000,
        "incomeBeforeTaxRatio": -0.0023943662,
        "incomeTaxExpense": 11700000,
        "netIncome": -11700000,
        "netIncomeRatio": -0.0164788732,
        "eps": -0.12,
        "epsdiluted": -0.12,
        "weightedAverageShsOut": 97200000,
        "weightedAverageShsOutDil": 97200000,
        "link": "https://www.sec.gov/Archives/edgar/data/1018963/000095012309028927/0000950123-09-028927-index.htm",
        "finalLink": "https://www.sec.gov/Archives/edgar/data/1018963/000095012309028927/l37189e10vq.htm"
    },
    {
        "date": "2009-03-31",
        "symbol": "ATI",
        "reportedCurrency": "USD",
        "cik": "0001018963",
        "fillingDate": "2009-05-06",
        "acceptedDate": "2009-05-06 17:25:22",
        "calendarYear": "2009",
        "period": "Q1",
        "revenue": 831600000,
        "costOfRevenue": 750900000,
        "grossProfit": 80700000,
        "grossProfitRatio": 0.097041847,
        "researchAndDevelopmentExpenses": 0,
        "generalAndAdministrativeExpenses": 0,
        "sellingAndMarketingExpenses": 0,
        "sellingGeneralAndAdministrativeExpenses": 80800000,
        "otherExpenses": 0,
        "operatingExpenses": 80800000,
        "costAndExpenses": 831700000,
        "interestIncome": 100000,
        "interestExpense": 0,
        "depreciationAndAmortization": 32300000,
        "ebitda": 32200000,
        "ebitdaratio": 0.0387205387,
        "operatingIncome": -100000,
        "operatingIncomeRatio": -0.0001202501,
        "totalOtherIncomeExpensesNet": 400000,
        "incomeBeforeTax": 300000,
        "incomeBeforeTaxRatio": 0.0003607504,
        "incomeTaxExpense": -5000000,
        "netIncome": 5900000,
        "netIncomeRatio": 0.0070947571,
        "eps": 0.06,
        "epsdiluted": 0.06,
        "weightedAverageShsOut": 97200000,
        "weightedAverageShsOutDil": 97800000,
        "link": "https://www.sec.gov/Archives/edgar/data/1018963/000095015209004840/0000950152-09-004840-index.htm",
        "finalLink": "https://www.sec.gov/Archives/edgar/data/1018963/000095015209004840/l36317ae10vq.htm"
    },
    {
        "date": "2008-12-31",
        "symbol": "ATI",
        "reportedCurrency": "USD",
        "cik": "0001018963",
        "fillingDate": "2009-02-23",
        "acceptedDate": "2009-02-23 16:22:23",
        "calendarYear": "2008",
        "period": "Q4",
        "revenue": 1112700000,
        "costOfRevenue": 890300000,
        "grossProfit": 222400000,
        "grossProfitRatio": 0.1998741799,
        "researchAndDevelopmentExpenses": 0,
        "generalAndAdministrativeExpenses": 0,
        "sellingAndMarketingExpenses": 0,
        "sellingGeneralAndAdministrativeExpenses": 59000000,
        "otherExpenses": 10000000,
        "operatingExpenses": 69000000,
        "costAndExpenses": 959300000,
        "interestIncome": 0,
        "interestExpense": 0,
        "depreciationAndAmortization": 32100000,
        "ebitda": 179900000,
        "ebitdaratio": 0.1616787993,
        "operatingIncome": 153400000,
        "operatingIncomeRatio": 0.1378628561,
        "totalOtherIncomeExpensesNet": 8700000,
        "incomeBeforeTax": 162100000,
        "incomeBeforeTaxRatio": 0.1456816752,
        "incomeTaxExpense": 51200000,
        "netIncome": 110900000,
        "netIncomeRatio": 0.0996674755,
        "eps": 1.14,
        "epsdiluted": 1.13,
        "weightedAverageShsOut": 97200000,
        "weightedAverageShsOutDil": 97800000,
        "link": "https://www.sec.gov/Archives/edgar/data/1018963/000095015209001663/0000950152-09-001663-index.htm",
        "finalLink": "https://www.sec.gov/Archives/edgar/data/1018963/000095015209001663/l35099ae10vk.htm"
    },
    {
        "date": "2008-09-30",
        "symbol": "ATI",
        "reportedCurrency": "USD",
        "cik": "0001018963",
        "fillingDate": "2008-10-31",
        "acceptedDate": "2008-10-31 15:55:30",
        "calendarYear": "2008",
        "period": "Q3",
        "revenue": 1392400000,
        "costOfRevenue": 1085800000,
        "grossProfit": 306600000,
        "grossProfitRatio": 0.2201953462,
        "researchAndDevelopmentExpenses": 0,
        "generalAndAdministrativeExpenses": 0,
        "sellingAndMarketingExpenses": 0,
        "sellingGeneralAndAdministrativeExpenses": 74300000,
        "otherExpenses": 0,
        "operatingExpenses": 74300000,
        "costAndExpenses": 1160100000,
        "interestIncome": 0,
        "interestExpense": 0,
        "depreciationAndAmortization": 30200000,
        "ebitda": 262500000,
        "ebitdaratio": 0.1885234128,
        "operatingIncome": 232300000,
        "operatingIncomeRatio": 0.166834243,
        "totalOtherIncomeExpensesNet": -4300000,
        "incomeBeforeTax": 228000000,
        "incomeBeforeTaxRatio": 0.16374605,
        "incomeTaxExpense": 83900000,
        "netIncome": 144100000,
        "netIncomeRatio": 0.1034903763,
        "eps": 1.46,
        "epsdiluted": 1.45,
        "weightedAverageShsOut": 99000000,
        "weightedAverageShsOutDil": 99700000,
        "link": "https://www.sec.gov/Archives/edgar/data/1018963/000095015208008518/0000950152-08-008518-index.htm",
        "finalLink": "https://www.sec.gov/Archives/edgar/data/1018963/000095015208008518/l34281ae10vq.htm"
    },
    {
        "date": "2008-06-30",
        "symbol": "ATI",
        "reportedCurrency": "USD",
        "cik": "0001018963",
        "fillingDate": "2008-08-05",
        "acceptedDate": "2008-08-05 17:14:49",
        "calendarYear": "2008",
        "period": "Q2",
        "revenue": 1461200000,
        "costOfRevenue": 1128900000,
        "grossProfit": 332300000,
        "grossProfitRatio": 0.2274158226,
        "researchAndDevelopmentExpenses": 0,
        "generalAndAdministrativeExpenses": 0,
        "sellingAndMarketingExpenses": 0,
        "sellingGeneralAndAdministrativeExpenses": 79200000,
        "otherExpenses": 0,
        "operatingExpenses": 79200000,
        "costAndExpenses": 1208100000,
        "interestIncome": 0,
        "interestExpense": 0,
        "depreciationAndAmortization": 29200000,
        "ebitda": 282300000,
        "ebitdaratio": 0.193197372,
        "operatingIncome": 253100000,
        "operatingIncomeRatio": 0.1732137969,
        "totalOtherIncomeExpensesNet": -3000000,
        "incomeBeforeTax": 250100000,
        "incomeBeforeTaxRatio": 0.1711606898,
        "incomeTaxExpense": 81200000,
        "netIncome": 168900000,
        "netIncomeRatio": 0.1155899261,
        "eps": 1.68,
        "epsdiluted": 1.66,
        "weightedAverageShsOut": 100535714,
        "weightedAverageShsOutDil": 101746988,
        "link": "https://www.sec.gov/Archives/edgar/data/1018963/000095015208006034/0000950152-08-006034-index.htm",
        "finalLink": "https://www.sec.gov/Archives/edgar/data/1018963/000095015208006034/l32552ae10vq.htm"
    },
    {
        "date": "2008-03-31",
        "symbol": "ATI",
        "reportedCurrency": "USD",
        "cik": "0001018963",
        "fillingDate": "2008-05-09",
        "acceptedDate": "2008-05-09 16:06:49",
        "calendarYear": "2008",
        "period": "Q1",
        "revenue": 1343400000,
        "costOfRevenue": 1052800000,
        "grossProfit": 290600000,
        "grossProfitRatio": 0.2163168081,
        "researchAndDevelopmentExpenses": 0,
        "generalAndAdministrativeExpenses": 0,
        "sellingAndMarketingExpenses": 0,
        "sellingGeneralAndAdministrativeExpenses": 70200000,
        "otherExpenses": 0,
        "operatingExpenses": 70200000,
        "costAndExpenses": 1123000000,
        "interestIncome": 200000,
        "interestExpense": 200000,
        "depreciationAndAmortization": 27300000,
        "ebitda": 247700000,
        "ebitdaratio": 0.184382909,
        "operatingIncome": 220400000,
        "operatingIncomeRatio": 0.1640613369,
        "totalOtherIncomeExpensesNet": -500000,
        "incomeBeforeTax": 219900000,
        "incomeBeforeTaxRatio": 0.1636891469,
        "incomeTaxExpense": 77900000,
        "netIncome": 142000000,
        "netIncomeRatio": 0.1057019503,
        "eps": 1.41,
        "epsdiluted": 1.4,
        "weightedAverageShsOut": 100800000,
        "weightedAverageShsOutDil": 101600000,
        "link": "https://www.sec.gov/Archives/edgar/data/1018963/000095015208003744/0000950152-08-003744-index.htm",
        "finalLink": "https://www.sec.gov/Archives/edgar/data/1018963/000095015208003744/l31448ae10vq.htm"
    },
    {
        "date": "2007-12-31",
        "symbol": "ATI",
        "reportedCurrency": "USD",
        "cik": "0001018963",
        "fillingDate": "2008-02-26",
        "acceptedDate": "2008-02-26 16:49:29",
        "calendarYear": "2007",
        "period": "Q4",
        "revenue": 1273600000,
        "costOfRevenue": 979100000,
        "grossProfit": 294500000,
        "grossProfitRatio": 0.2312342965,
        "researchAndDevelopmentExpenses": 0,
        "generalAndAdministrativeExpenses": 0,
        "sellingAndMarketingExpenses": 0,
        "sellingGeneralAndAdministrativeExpenses": 72400000,
        "otherExpenses": 0,
        "operatingExpenses": 72400000,
        "costAndExpenses": 1051500000,
        "interestIncome": 0,
        "interestExpense": 0,
        "depreciationAndAmortization": 27700000,
        "ebitda": 222100000,
        "ebitdaratio": 0.1743875628,
        "operatingIncome": 222100000,
        "operatingIncomeRatio": 0.1743875628,
        "totalOtherIncomeExpensesNet": 700000,
        "incomeBeforeTax": 222800000,
        "incomeBeforeTaxRatio": 0.1749371859,
        "incomeTaxExpense": 73900000,
        "netIncome": 148900000,
        "netIncomeRatio": 0.1169126884,
        "eps": 1.48,
        "epsdiluted": 1.47,
        "weightedAverageShsOut": 100709220,
        "weightedAverageShsOutDil": 101428571,
        "link": "https://www.sec.gov/Archives/edgar/data/1018963/000095015208001416/0000950152-08-001416-index.htm",
        "finalLink": "https://www.sec.gov/Archives/edgar/data/1018963/000095015208001416/l29833ae10vk.htm"
    },
    {
        "date": "2007-09-30",
        "symbol": "ATI",
        "reportedCurrency": "USD",
        "cik": "0001018963",
        "fillingDate": "2007-11-02",
        "acceptedDate": "2007-11-02 14:03:54",
        "calendarYear": "2007",
        "period": "Q3",
        "revenue": 1335000000,
        "costOfRevenue": 968100000,
        "grossProfit": 366900000,
        "grossProfitRatio": 0.2748314607,
        "researchAndDevelopmentExpenses": 0,
        "generalAndAdministrativeExpenses": 0,
        "sellingAndMarketingExpenses": 0,
        "sellingGeneralAndAdministrativeExpenses": 73500000,
        "otherExpenses": 0,
        "operatingExpenses": 73500000,
        "costAndExpenses": 1041600000,
        "interestIncome": 0,
        "interestExpense": 0,
        "depreciationAndAmortization": 26600000,
        "ebitda": 320000000,
        "ebitdaratio": 0.2397003745,
        "operatingIncome": 293400000,
        "operatingIncomeRatio": 0.2197752809,
        "totalOtherIncomeExpensesNet": 600000,
        "incomeBeforeTax": 294000000,
        "incomeBeforeTaxRatio": 0.2202247191,
        "incomeTaxExpense": 100100000,
        "netIncome": 193900000,
        "netIncomeRatio": 0.1452434457,
        "eps": 1.9,
        "epsdiluted": 1.88,
        "weightedAverageShsOut": 102052632,
        "weightedAverageShsOutDil": 103138298,
        "link": "https://www.sec.gov/Archives/edgar/data/1018963/000095015207008517/0000950152-07-008517-index.htm",
        "finalLink": "https://www.sec.gov/Archives/edgar/data/1018963/000095015207008517/l28307ae10vq.htm"
    },
    {
        "date": "2007-06-30",
        "symbol": "ATI",
        "reportedCurrency": "USD",
        "cik": "0001018963",
        "fillingDate": "2007-08-02",
        "acceptedDate": "2007-08-02 16:51:37",
        "calendarYear": "2007",
        "period": "Q2",
        "revenue": 1471300000,
        "costOfRevenue": 1069800000,
        "grossProfit": 401500000,
        "grossProfitRatio": 0.2728879222,
        "researchAndDevelopmentExpenses": 0,
        "generalAndAdministrativeExpenses": 0,
        "sellingAndMarketingExpenses": 0,
        "sellingGeneralAndAdministrativeExpenses": 72700000,
        "otherExpenses": 0,
        "operatingExpenses": 72700000,
        "costAndExpenses": 1142500000,
        "interestIncome": 0,
        "interestExpense": 0,
        "depreciationAndAmortization": 25000000,
        "ebitda": 353800000,
        "ebitdaratio": 0.2404676137,
        "operatingIncome": 328800000,
        "operatingIncomeRatio": 0.2234758377,
        "totalOtherIncomeExpensesNet": -2900000,
        "incomeBeforeTax": 325900000,
        "incomeBeforeTaxRatio": 0.2215047917,
        "incomeTaxExpense": 119400000,
        "netIncome": 206500000,
        "netIncomeRatio": 0.1403520696,
        "eps": 2.03,
        "epsdiluted": 2,
        "weightedAverageShsOut": 101724138,
        "weightedAverageShsOutDil": 103250000,
        "link": "https://www.sec.gov/Archives/edgar/data/1018963/000095012807000041/0000950128-07-000041-index.htm",
        "finalLink": "https://www.sec.gov/Archives/edgar/data/1018963/000095012807000041/l26991ae10vq.htm"
    },
    {
        "date": "2007-03-31",
        "symbol": "ATI",
        "reportedCurrency": "USD",
        "cik": "0001018963",
        "fillingDate": "2007-05-03",
        "acceptedDate": "2007-05-03 17:17:20",
        "calendarYear": "2007",
        "period": "Q1",
        "revenue": 1372600000,
        "costOfRevenue": 986100000,
        "grossProfit": 386500000,
        "grossProfitRatio": 0.2815823984,
        "researchAndDevelopmentExpenses": 0,
        "generalAndAdministrativeExpenses": 0,
        "sellingAndMarketingExpenses": 0,
        "sellingGeneralAndAdministrativeExpenses": 78100000,
        "otherExpenses": 0,
        "operatingExpenses": 78100000,
        "costAndExpenses": 1064200000,
        "interestIncome": 0,
        "interestExpense": 0,
        "depreciationAndAmortization": 23600000,
        "ebitda": 332000000,
        "ebitdaratio": 0.2418767303,
        "operatingIncome": 308400000,
        "operatingIncomeRatio": 0.2246830832,
        "totalOtherIncomeExpensesNet": -3800000,
        "incomeBeforeTax": 304600000,
        "incomeBeforeTaxRatio": 0.2219146146,
        "incomeTaxExpense": 106800000,
        "netIncome": 197800000,
        "netIncomeRatio": 0.1441060761,
        "eps": 1.95,
        "epsdiluted": 1.92,
        "weightedAverageShsOut": 101435897,
        "weightedAverageShsOutDil": 103020833,
        "link": "https://www.sec.gov/Archives/edgar/data/1018963/000095015207003892/0000950152-07-003892-index.htm",
        "finalLink": "https://www.sec.gov/Archives/edgar/data/1018963/000095015207003892/l25711ae10vq.htm"
    },
    {
        "date": "2006-12-31",
        "symbol": "ATI",
        "reportedCurrency": "USD",
        "cik": "0001018963",
        "fillingDate": "2007-02-27",
        "acceptedDate": "2007-02-27 17:02:42",
        "calendarYear": "2006",
        "period": "Q4",
        "revenue": 1399900000,
        "costOfRevenue": 1056800000,
        "grossProfit": 343100000,
        "grossProfitRatio": 0.2450889349,
        "researchAndDevelopmentExpenses": 0,
        "generalAndAdministrativeExpenses": 0,
        "sellingAndMarketingExpenses": 0,
        "sellingGeneralAndAdministrativeExpenses": 74200000,
        "otherExpenses": 0,
        "operatingExpenses": 74200000,
        "costAndExpenses": 1131000000,
        "interestIncome": 0,
        "interestExpense": 0,
        "depreciationAndAmortization": 23800000,
        "ebitda": 292700000,
        "ebitdaratio": 0.2090863633,
        "operatingIncome": 268900000,
        "operatingIncomeRatio": 0.1920851489,
        "totalOtherIncomeExpensesNet": -9800000,
        "incomeBeforeTax": 259100000,
        "incomeBeforeTaxRatio": 0.1850846489,
        "incomeTaxExpense": 92000000,
        "netIncome": 167100000,
        "netIncomeRatio": 0.119365669,
        "eps": 1.65,
        "epsdiluted": 1.62,
        "weightedAverageShsOut": 101435897,
        "weightedAverageShsOutDil": 103020833,
        "link": "https://www.sec.gov/Archives/edgar/data/1018963/000095015207001549/0000950152-07-001549-index.htm",
        "finalLink": "https://www.sec.gov/Archives/edgar/data/1018963/000095015207001549/l24090ae10vk.htm"
    },
    {
        "date": "2006-09-30",
        "symbol": "ATI",
        "reportedCurrency": "USD",
        "cik": "0001018963",
        "fillingDate": "2006-11-03",
        "acceptedDate": "2006-11-03 16:22:04",
        "calendarYear": "2006",
        "period": "Q3",
        "revenue": 1288400000,
        "costOfRevenue": 963500000,
        "grossProfit": 324900000,
        "grossProfitRatio": 0.2521732381,
        "researchAndDevelopmentExpenses": 0,
        "generalAndAdministrativeExpenses": 0,
        "sellingAndMarketingExpenses": 0,
        "sellingGeneralAndAdministrativeExpenses": 72800000,
        "otherExpenses": 0,
        "operatingExpenses": 72800000,
        "costAndExpenses": 1036300000,
        "interestIncome": 0,
        "interestExpense": 0,
        "depreciationAndAmortization": 21400000,
        "ebitda": 271500000,
        "ebitdaratio": 0.2107264825,
        "operatingIncome": 252100000,
        "operatingIncomeRatio": 0.1956690469,
        "totalOtherIncomeExpensesNet": -3100000,
        "incomeBeforeTax": 246400000,
        "incomeBeforeTaxRatio": 0.191244955,
        "incomeTaxExpense": 84500000,
        "netIncome": 161900000,
        "netIncomeRatio": 0.125659733,
        "eps": 1.6,
        "epsdiluted": 1.56,
        "weightedAverageShsOut": 100125000,
        "weightedAverageShsOutDil": 102692308,
        "link": "https://www.sec.gov/Archives/edgar/data/1018963/000095015206008791/0000950152-06-008791-index.htm",
        "finalLink": "https://www.sec.gov/Archives/edgar/data/1018963/000095015206008791/l22916ae10vq.htm"
    },
    {
        "date": "2006-06-30",
        "symbol": "ATI",
        "reportedCurrency": "USD",
        "cik": "0001018963",
        "fillingDate": "2006-08-02",
        "acceptedDate": "2006-08-02 14:36:53",
        "calendarYear": "2006",
        "period": "Q2",
        "revenue": 1210800000,
        "costOfRevenue": 924900000,
        "grossProfit": 285900000,
        "grossProfitRatio": 0.2361248761,
        "researchAndDevelopmentExpenses": 0,
        "generalAndAdministrativeExpenses": 0,
        "sellingAndMarketingExpenses": 0,
        "sellingGeneralAndAdministrativeExpenses": 75400000,
        "otherExpenses": 0,
        "operatingExpenses": 75400000,
        "costAndExpenses": 1000300000,
        "interestIncome": 0,
        "interestExpense": 0,
        "depreciationAndAmortization": 20200000,
        "ebitda": 237300000,
        "ebitdaratio": 0.1959861249,
        "operatingIncome": 210500000,
        "operatingIncomeRatio": 0.1738519987,
        "totalOtherIncomeExpensesNet": -800000,
        "incomeBeforeTax": 203500000,
        "incomeBeforeTaxRatio": 0.1680706971,
        "incomeTaxExpense": 63100000,
        "netIncome": 140400000,
        "netIncomeRatio": 0.1159563925,
        "eps": 1.45,
        "epsdiluted": 1.41,
        "weightedAverageShsOut": 99517241,
        "weightedAverageShsOutDil": 102340426,
        "link": "https://www.sec.gov/Archives/edgar/data/1018963/000095015206006379/0000950152-06-006379-index.htm",
        "finalLink": "https://www.sec.gov/Archives/edgar/data/1018963/000095015206006379/l21301ae10vq.htm"
    },
    {
        "date": "2006-03-31",
        "symbol": "ATI",
        "reportedCurrency": "USD",
        "cik": "0001018963",
        "fillingDate": "2006-05-05",
        "acceptedDate": "2006-05-05 16:17:52",
        "calendarYear": "2006",
        "period": "Q1",
        "revenue": 1040500000,
        "costOfRevenue": 798600000,
        "grossProfit": 241900000,
        "grossProfitRatio": 0.2324843825,
        "researchAndDevelopmentExpenses": 0,
        "generalAndAdministrativeExpenses": 0,
        "sellingAndMarketingExpenses": 0,
        "sellingGeneralAndAdministrativeExpenses": 72900000,
        "otherExpenses": 0,
        "operatingExpenses": 72900000,
        "costAndExpenses": 871500000,
        "interestIncome": 0,
        "interestExpense": 0,
        "depreciationAndAmortization": 18800000,
        "ebitda": 194500000,
        "ebitdaratio": 0.1869293609,
        "operatingIncome": 169000000,
        "operatingIncomeRatio": 0.1624219125,
        "totalOtherIncomeExpensesNet": -8800000,
        "incomeBeforeTax": 160200000,
        "incomeBeforeTaxRatio": 0.1539644402,
        "incomeTaxExpense": 57700000,
        "netIncome": 102500000,
        "netIncomeRatio": 0.0985103316,
        "eps": 1.08,
        "epsdiluted": 1.04,
        "weightedAverageShsOut": 98611111,
        "weightedAverageShsOutDil": 102403846,
        "link": "https://www.sec.gov/Archives/edgar/data/1018963/000095012806000074/0000950128-06-000074-index.htm",
        "finalLink": "https://www.sec.gov/Archives/edgar/data/1018963/000095012806000074/j1998901e10vq.htm"
    },
    {
        "date": "2005-12-31",
        "symbol": "ATI",
        "reportedCurrency": "USD",
        "cik": "0001018963",
        "fillingDate": "2006-03-01",
        "acceptedDate": "2006-03-01 14:02:19",
        "calendarYear": "2005",
        "period": "Q4",
        "revenue": 894400000,
        "costOfRevenue": 720100000,
        "grossProfit": 174300000,
        "grossProfitRatio": 0.1948792487,
        "researchAndDevelopmentExpenses": 0,
        "generalAndAdministrativeExpenses": 0,
        "sellingAndMarketingExpenses": 0,
        "sellingGeneralAndAdministrativeExpenses": 79200000,
        "otherExpenses": 0,
        "operatingExpenses": 79200000,
        "costAndExpenses": 799300000,
        "interestIncome": 0,
        "interestExpense": 350500000,
        "depreciationAndAmortization": 21600000,
        "ebitda": 116700000,
        "ebitdaratio": 0.1304785331,
        "operatingIncome": 95100000,
        "operatingIncomeRatio": 0.1063282648,
        "totalOtherIncomeExpensesNet": -33000000,
        "incomeBeforeTax": 62100000,
        "incomeBeforeTaxRatio": 0.0694320215,
        "incomeTaxExpense": -58700000,
        "netIncome": 118800000,
        "netIncomeRatio": 0.1328264758,
        "eps": 1.21,
        "epsdiluted": 1.16,
        "weightedAverageShsOut": 98557692,
        "weightedAverageShsOutDil": 102500000,
        "link": "https://www.sec.gov/Archives/edgar/data/1018963/000095015206001573/0000950152-06-001573-index.htm",
        "finalLink": "https://www.sec.gov/Archives/edgar/data/1018963/000095015206001573/j1820901e10vk.htm"
    },
    {
        "date": "2005-09-30",
        "symbol": "ATI",
        "reportedCurrency": "USD",
        "cik": "0001018963",
        "fillingDate": "2005-11-03",
        "acceptedDate": "2005-11-03 17:03:26",
        "calendarYear": "2005",
        "period": "Q3",
        "revenue": 861700000,
        "costOfRevenue": 698800000,
        "grossProfit": 162900000,
        "grossProfitRatio": 0.1890449112,
        "researchAndDevelopmentExpenses": 0,
        "generalAndAdministrativeExpenses": 0,
        "sellingAndMarketingExpenses": 0,
        "sellingGeneralAndAdministrativeExpenses": 64400000,
        "otherExpenses": 0,
        "operatingExpenses": 64400000,
        "costAndExpenses": 763200000,
        "interestIncome": 0,
        "interestExpense": 98500000,
        "depreciationAndAmortization": 18700000,
        "ebitda": 98500000,
        "ebitdaratio": 0.1143089242,
        "operatingIncome": 98500000,
        "operatingIncomeRatio": 0.1143089242,
        "totalOtherIncomeExpensesNet": -11500000,
        "incomeBeforeTax": 87000000,
        "incomeBeforeTaxRatio": 0.1009632123,
        "incomeTaxExpense": -1300000,
        "netIncome": 88300000,
        "netIncomeRatio": 0.102471858,
        "eps": 0.91,
        "epsdiluted": 0.87,
        "weightedAverageShsOut": 97032967,
        "weightedAverageShsOutDil": 101494253,
        "link": "https://www.sec.gov/Archives/edgar/data/1018963/000095015205008728/0000950152-05-008728-index.htm",
        "finalLink": "https://www.sec.gov/Archives/edgar/data/1018963/000095015205008728/j1656801e10vq.htm"
    },
    {
        "date": "2005-06-30",
        "symbol": "ATI",
        "reportedCurrency": "USD",
        "cik": "0001018963",
        "fillingDate": "2005-08-05",
        "acceptedDate": "2005-08-05 17:16:36",
        "calendarYear": "2005",
        "period": "Q2",
        "revenue": 904200000,
        "costOfRevenue": 732500000,
        "grossProfit": 171700000,
        "grossProfitRatio": 0.1898916169,
        "researchAndDevelopmentExpenses": 0,
        "generalAndAdministrativeExpenses": 0,
        "sellingAndMarketingExpenses": 0,
        "sellingGeneralAndAdministrativeExpenses": 65400000,
        "otherExpenses": 0,
        "operatingExpenses": 65400000,
        "costAndExpenses": 797900000,
        "interestIncome": 0,
        "interestExpense": 0,
        "depreciationAndAmortization": 19200000,
        "ebitda": 106300000,
        "ebitdaratio": 0.1175624862,
        "operatingIncome": 106300000,
        "operatingIncomeRatio": 0.1175624862,
        "totalOtherIncomeExpensesNet": -11600000,
        "incomeBeforeTax": 94700000,
        "incomeBeforeTaxRatio": 0.104733466,
        "incomeTaxExpense": 3000000,
        "netIncome": 91700000,
        "netIncomeRatio": 0.101415616,
        "eps": 0.96,
        "epsdiluted": 0.91,
        "weightedAverageShsOut": 95520833,
        "weightedAverageShsOutDil": 100769231,
        "link": "https://www.sec.gov/Archives/edgar/data/1018963/000095015205006624/0000950152-05-006624-index.htm",
        "finalLink": "https://www.sec.gov/Archives/edgar/data/1018963/000095015205006624/j1518101e10vq.htm"
    },
    {
        "date": "2005-03-31",
        "symbol": "ATI",
        "reportedCurrency": "USD",
        "cik": "0001018963",
        "fillingDate": "2005-05-05",
        "acceptedDate": "2005-05-05 15:52:28",
        "calendarYear": "2005",
        "period": "Q1",
        "revenue": 879600000,
        "costOfRevenue": 738300000,
        "grossProfit": 141300000,
        "grossProfitRatio": 0.1606412005,
        "researchAndDevelopmentExpenses": 0,
        "generalAndAdministrativeExpenses": 0,
        "sellingAndMarketingExpenses": 0,
        "sellingGeneralAndAdministrativeExpenses": 66800000,
        "otherExpenses": 0,
        "operatingExpenses": 66800000,
        "costAndExpenses": 805100000,
        "interestIncome": 0,
        "interestExpense": 0,
        "depreciationAndAmortization": 17800000,
        "ebitda": 92300000,
        "ebitdaratio": 0.1049340609,
        "operatingIncome": 74500000,
        "operatingIncomeRatio": 0.0846975898,
        "totalOtherIncomeExpensesNet": -11200000,
        "incomeBeforeTax": 63300000,
        "incomeBeforeTaxRatio": 0.0719645293,
        "incomeTaxExpense": 2300000,
        "netIncome": 61000000,
        "netIncomeRatio": 0.0693497044,
        "eps": 0.64,
        "epsdiluted": 0.61,
        "weightedAverageShsOut": 95312500,
        "weightedAverageShsOutDil": 100000000,
        "link": "https://www.sec.gov/Archives/edgar/data/1018963/000095015205004007/0000950152-05-004007-index.htm",
        "finalLink": "https://www.sec.gov/Archives/edgar/data/1018963/000095015205004007/j1367501e10vq.htm"
    },
    {
        "date": "2004-12-31",
        "symbol": "ATI",
        "reportedCurrency": "USD",
        "cik": "0001018963",
        "fillingDate": "2005-02-28",
        "acceptedDate": "2005-02-28 17:15:01",
        "calendarYear": "2004",
        "period": "Q4",
        "revenue": 778100000,
        "costOfRevenue": 673100000,
        "grossProfit": 105000000,
        "grossProfitRatio": 0.1349440946,
        "researchAndDevelopmentExpenses": 0,
        "generalAndAdministrativeExpenses": 0,
        "sellingAndMarketingExpenses": 0,
        "sellingGeneralAndAdministrativeExpenses": 65000000,
        "otherExpenses": 0,
        "operatingExpenses": 65000000,
        "costAndExpenses": 738100000,
        "interestIncome": 0,
        "interestExpense": 0,
        "depreciationAndAmortization": 19700000,
        "ebitda": 59700000,
        "ebitdaratio": 0.0767253566,
        "operatingIncome": 40000000,
        "operatingIncomeRatio": 0.0514072741,
        "totalOtherIncomeExpensesNet": -5000000,
        "incomeBeforeTax": 35000000,
        "incomeBeforeTaxRatio": 0.0449813649,
        "incomeTaxExpense": 0,
        "netIncome": 35000000,
        "netIncomeRatio": 0.0449813649,
        "eps": 0.37,
        "epsdiluted": 0.35,
        "weightedAverageShsOut": 95312500,
        "weightedAverageShsOutDil": 100000000,
        "link": "https://www.sec.gov/Archives/edgar/data/1018963/000095012805000057/0000950128-05-000057-index.htm",
        "finalLink": "https://www.sec.gov/Archives/edgar/data/1018963/000095012805000057/j1230201e10vk.txt"
    },
    {
        "date": "2004-09-30",
        "symbol": "ATI",
        "reportedCurrency": "USD",
        "cik": "0001018963",
        "fillingDate": "2004-11-04",
        "acceptedDate": "2004-11-04 16:51:24",
        "calendarYear": "2004",
        "period": "Q3",
        "revenue": 730600000,
        "costOfRevenue": 653700000,
        "grossProfit": 76900000,
        "grossProfitRatio": 0.105255954,
        "researchAndDevelopmentExpenses": 0,
        "generalAndAdministrativeExpenses": 0,
        "sellingAndMarketingExpenses": 0,
        "sellingGeneralAndAdministrativeExpenses": 56800000,
        "otherExpenses": 0,
        "operatingExpenses": 56800000,
        "costAndExpenses": 710500000,
        "interestIncome": 0,
        "interestExpense": 0,
        "depreciationAndAmortization": 18500000,
        "ebitda": 38600000,
        "ebitdaratio": 0.0528332877,
        "operatingIncome": 20100000,
        "operatingIncomeRatio": 0.0275116343,
        "totalOtherIncomeExpensesNet": -11500000,
        "incomeBeforeTax": 8600000,
        "incomeBeforeTaxRatio": 0.011771147,
        "incomeTaxExpense": 0,
        "netIncome": 8600000,
        "netIncomeRatio": 0.011771147,
        "eps": 0.1,
        "epsdiluted": 0.09,
        "weightedAverageShsOut": 86000000,
        "weightedAverageShsOutDil": 95555556,
        "link": "https://www.sec.gov/Archives/edgar/data/1018963/000095015204007908/0000950152-04-007908-index.htm",
        "finalLink": "https://www.sec.gov/Archives/edgar/data/1018963/000095015204007908/j1008501e10vq.txt"
    },
    {
        "date": "2004-06-30",
        "symbol": "ATI",
        "reportedCurrency": "USD",
        "cik": "0001018963",
        "fillingDate": "2004-07-30",
        "acceptedDate": "2004-07-30 16:16:29",
        "calendarYear": "2004",
        "period": "Q2",
        "revenue": 646500000,
        "costOfRevenue": 593900000,
        "grossProfit": 52600000,
        "grossProfitRatio": 0.0813611756,
        "researchAndDevelopmentExpenses": 0,
        "generalAndAdministrativeExpenses": 0,
        "sellingAndMarketingExpenses": 0,
        "sellingGeneralAndAdministrativeExpenses": 57800000,
        "otherExpenses": 0,
        "operatingExpenses": 57800000,
        "costAndExpenses": 651700000,
        "interestIncome": 0,
        "interestExpense": 0,
        "depreciationAndAmortization": 19100000,
        "ebitda": 13900000,
        "ebitdaratio": 0.0215003867,
        "operatingIncome": -5200000,
        "operatingIncomeRatio": -0.0080433101,
        "totalOtherIncomeExpensesNet": 31800000,
        "incomeBeforeTax": 26600000,
        "incomeBeforeTaxRatio": 0.0411446249,
        "incomeTaxExpense": 0,
        "netIncome": 26600000,
        "netIncomeRatio": 0.0411446249,
        "eps": 0.33,
        "epsdiluted": 0.31,
        "weightedAverageShsOut": 80606061,
        "weightedAverageShsOutDil": 85806452,
        "link": "https://www.sec.gov/Archives/edgar/data/1018963/000095015204005771/0000950152-04-005771-index.htm",
        "finalLink": "https://www.sec.gov/Archives/edgar/data/1018963/000095015204005771/j0886101e10vq.txt"
    },
    {
        "date": "2004-03-31",
        "symbol": "ATI",
        "reportedCurrency": "USD",
        "cik": "0001018963",
        "fillingDate": "2004-04-28",
        "acceptedDate": "2004-04-28 15:02:00",
        "calendarYear": "2004",
        "period": "Q1",
        "revenue": 577800000,
        "costOfRevenue": 567400000,
        "grossProfit": 10400000,
        "grossProfitRatio": 0.0179993077,
        "researchAndDevelopmentExpenses": 0,
        "generalAndAdministrativeExpenses": 0,
        "sellingAndMarketingExpenses": 0,
        "sellingGeneralAndAdministrativeExpenses": 53700000,
        "otherExpenses": 0,
        "operatingExpenses": 53700000,
        "costAndExpenses": 621100000,
        "interestIncome": 0,
        "interestExpense": 0,
        "depreciationAndAmortization": 18800000,
        "ebitda": -24500000,
        "ebitdaratio": -0.0424022153,
        "operatingIncome": -43300000,
        "operatingIncomeRatio": -0.0749394254,
        "totalOtherIncomeExpensesNet": -7100000,
        "incomeBeforeTax": -50400000,
        "incomeBeforeTaxRatio": -0.0872274143,
        "incomeTaxExpense": 0,
        "netIncome": -50400000,
        "netIncomeRatio": -0.0872274143,
        "eps": -0.63,
        "epsdiluted": -0.63,
        "weightedAverageShsOut": 80000000,
        "weightedAverageShsOutDil": 80000000,
        "link": "https://www.sec.gov/Archives/edgar/data/1018963/000095012804000447/0000950128-04-000447-index.htm",
        "finalLink": "https://www.sec.gov/Archives/edgar/data/1018963/000095012804000447/j0715201e10vq.txt"
    },
    {
        "date": "2003-12-31",
        "symbol": "ATI",
        "reportedCurrency": "USD",
        "cik": "0001018963",
        "fillingDate": "2004-03-15",
        "acceptedDate": "2004-03-15 15:25:25",
        "calendarYear": "2003",
        "period": "Q4",
        "revenue": 484400000,
        "costOfRevenue": 474200000,
        "grossProfit": 10200000,
        "grossProfitRatio": 0.0210569777,
        "researchAndDevelopmentExpenses": 0,
        "generalAndAdministrativeExpenses": 0,
        "sellingAndMarketingExpenses": 0,
        "sellingGeneralAndAdministrativeExpenses": 87400000,
        "otherExpenses": 0,
        "operatingExpenses": 87400000,
        "costAndExpenses": 561600000,
        "interestIncome": 0,
        "interestExpense": 0,
        "depreciationAndAmortization": 18900000,
        "ebitda": -58300000,
        "ebitdaratio": -0.1203550784,
        "operatingIncome": -77200000,
        "operatingIncomeRatio": -0.1593724195,
        "totalOtherIncomeExpensesNet": -2595700000,
        "incomeBeforeTax": -2672900000,
        "incomeBeforeTaxRatio": -5.5179603633,
        "incomeTaxExpense": 81600000,
        "netIncome": -232700000,
        "netIncomeRatio": -0.480388109,
        "eps": -2.91,
        "epsdiluted": -2.91,
        "weightedAverageShsOut": 80000000,
        "weightedAverageShsOutDil": 80000000,
        "link": "https://www.sec.gov/Archives/edgar/data/1018963/000095012804000283/0000950128-04-000283-index.htm",
        "finalLink": "https://www.sec.gov/Archives/edgar/data/1018963/000095012804000283/j0498601e10vk.txt"
    },
    {
        "date": "2003-09-30",
        "symbol": "ATI",
        "reportedCurrency": "USD",
        "cik": "0001018963",
        "fillingDate": "2003-11-04",
        "acceptedDate": "2003-11-04 17:27:36",
        "calendarYear": "2003",
        "period": "Q3",
        "revenue": 482600000,
        "costOfRevenue": 464400000,
        "grossProfit": 18200000,
        "grossProfitRatio": 0.0377123912,
        "researchAndDevelopmentExpenses": 0,
        "generalAndAdministrativeExpenses": 0,
        "sellingAndMarketingExpenses": 0,
        "sellingGeneralAndAdministrativeExpenses": 60300000,
        "otherExpenses": 0,
        "operatingExpenses": 60300000,
        "costAndExpenses": 524700000,
        "interestIncome": 0,
        "interestExpense": 0,
        "depreciationAndAmortization": 18600000,
        "ebitda": -23500000,
        "ebitdaratio": -0.0486945711,
        "operatingIncome": -42100000,
        "operatingIncomeRatio": -0.0872358061,
        "totalOtherIncomeExpensesNet": -6200000,
        "incomeBeforeTax": -48300000,
        "incomeBeforeTaxRatio": -0.1000828844,
        "incomeTaxExpense": -19500000,
        "netIncome": -28800000,
        "netIncomeRatio": -0.0596767509,
        "eps": -0.36,
        "epsdiluted": -0.36,
        "weightedAverageShsOut": 80000000,
        "weightedAverageShsOutDil": 80000000,
        "link": "https://www.sec.gov/Archives/edgar/data/1018963/000095015203009313/0000950152-03-009313-index.htm",
        "finalLink": "https://www.sec.gov/Archives/edgar/data/1018963/000095015203009313/j0390701e10vq.txt"
    },
    {
        "date": "2003-06-30",
        "symbol": "ATI",
        "reportedCurrency": "USD",
        "cik": "0001018963",
        "fillingDate": "2003-08-08",
        "acceptedDate": "2003-08-08 16:51:45",
        "calendarYear": "2003",
        "period": "Q2",
        "revenue": 489900000,
        "costOfRevenue": 469100000,
        "grossProfit": 20800000,
        "grossProfitRatio": 0.0424576444,
        "researchAndDevelopmentExpenses": 0,
        "generalAndAdministrativeExpenses": 0,
        "sellingAndMarketingExpenses": 0,
        "sellingGeneralAndAdministrativeExpenses": 53400000,
        "otherExpenses": 0,
        "operatingExpenses": 53400000,
        "costAndExpenses": 522500000,
        "interestIncome": 0,
        "interestExpense": 0,
        "depreciationAndAmortization": 19100000,
        "ebitda": -13500000,
        "ebitdaratio": -0.0275566442,
        "operatingIncome": -32600000,
        "operatingIncomeRatio": -0.0665441927,
        "totalOtherIncomeExpensesNet": -8200000,
        "incomeBeforeTax": -40800000,
        "incomeBeforeTaxRatio": -0.0832823025,
        "incomeTaxExpense": -14800000,
        "netIncome": -26000000,
        "netIncomeRatio": -0.0530720555,
        "eps": -0.32,
        "epsdiluted": -0.32,
        "weightedAverageShsOut": 81250000,
        "weightedAverageShsOutDil": 81250000,
        "link": "https://www.sec.gov/Archives/edgar/data/1018963/000095015203007462/0000950152-03-007462-index.htm",
        "finalLink": "https://www.sec.gov/Archives/edgar/data/1018963/000095015203007462/j0239901e10vq.txt"
    },
    {
        "date": "2003-03-31",
        "symbol": "ATI",
        "reportedCurrency": "USD",
        "cik": "0001018963",
        "fillingDate": "2003-04-30",
        "acceptedDate": "2003-04-30 15:39:12",
        "calendarYear": "2003",
        "period": "Q1",
        "revenue": 480500000,
        "costOfRevenue": 465900000,
        "grossProfit": 14600000,
        "grossProfitRatio": 0.0303850156,
        "researchAndDevelopmentExpenses": 0,
        "generalAndAdministrativeExpenses": 0,
        "sellingAndMarketingExpenses": 0,
        "sellingGeneralAndAdministrativeExpenses": 47700000,
        "otherExpenses": 0,
        "operatingExpenses": 47700000,
        "costAndExpenses": 513600000,
        "interestIncome": 0,
        "interestExpense": 0,
        "depreciationAndAmortization": 18000000,
        "ebitda": -15100000,
        "ebitdaratio": -0.0314255983,
        "operatingIncome": -33100000,
        "operatingIncomeRatio": -0.0688865765,
        "totalOtherIncomeExpensesNet": -6900000,
        "incomeBeforeTax": -40000000,
        "incomeBeforeTaxRatio": -0.0832466181,
        "incomeTaxExpense": -14200000,
        "netIncome": -27100000,
        "netIncomeRatio": -0.0563995838,
        "eps": -0.34,
        "epsdiluted": -0.34,
        "weightedAverageShsOut": 79705882,
        "weightedAverageShsOutDil": 79705882,
        "link": "https://www.sec.gov/Archives/edgar/data/1018963/000095015203004808/0000950152-03-004808-index.htm",
        "finalLink": "https://www.sec.gov/Archives/edgar/data/1018963/000095015203004808/j0060901e10vq.txt"
    },
    {
        "date": "2002-12-31",
        "symbol": "ATI",
        "reportedCurrency": "USD",
        "cik": "0001018963",
        "fillingDate": "2003-03-24",
        "acceptedDate": "2003-03-24 16:38:08",
        "calendarYear": "2002",
        "period": "Q4",
        "revenue": 454200000,
        "costOfRevenue": 428000000,
        "grossProfit": 26200000,
        "grossProfitRatio": 0.0576838397,
        "researchAndDevelopmentExpenses": 0,
        "generalAndAdministrativeExpenses": 0,
        "sellingAndMarketingExpenses": 0,
        "sellingGeneralAndAdministrativeExpenses": 41400000,
        "otherExpenses": 0,
        "operatingExpenses": 41400000,
        "costAndExpenses": 469400000,
        "interestIncome": 0,
        "interestExpense": 0,
        "depreciationAndAmortization": 21500000,
        "ebitda": 6300000,
        "ebitdaratio": 0.0138705416,
        "operatingIncome": -15200000,
        "operatingIncomeRatio": -0.0334654337,
        "totalOtherIncomeExpensesNet": -46500000,
        "incomeBeforeTax": -61700000,
        "incomeBeforeTaxRatio": -0.1358432409,
        "incomeTaxExpense": -22000000,
        "netIncome": -39700000,
        "netIncomeRatio": -0.0874064289,
        "eps": -0.52,
        "epsdiluted": -0.5,
        "weightedAverageShsOut": 76288110,
        "weightedAverageShsOutDil": 79705882,
        "link": "https://www.sec.gov/Archives/edgar/data/1018963/000095012803000412/0000950128-03-000412-index.htm",
        "finalLink": "https://www.sec.gov/Archives/edgar/data/1018963/000095012803000412/j9925901e10vk.txt"
    },
    {
        "date": "2002-09-30",
        "symbol": "ATI",
        "reportedCurrency": "USD",
        "cik": "0001018963",
        "fillingDate": "2002-11-14",
        "acceptedDate": "2002-11-14 09:46:16",
        "calendarYear": "2002",
        "period": "Q3",
        "revenue": 469300000,
        "costOfRevenue": 419700000,
        "grossProfit": 49600000,
        "grossProfitRatio": 0.1056893245,
        "researchAndDevelopmentExpenses": 0,
        "generalAndAdministrativeExpenses": 47100000,
        "sellingAndMarketingExpenses": 0,
        "sellingGeneralAndAdministrativeExpenses": 47100000,
        "otherExpenses": 0,
        "operatingExpenses": 47100000,
        "costAndExpenses": 466800000,
        "interestIncome": 0,
        "interestExpense": 0,
        "depreciationAndAmortization": 23100000,
        "ebitda": 25600000,
        "ebitdaratio": 0.0545493288,
        "operatingIncome": 2500000,
        "operatingIncomeRatio": 0.0053270829,
        "totalOtherIncomeExpensesNet": -16100000,
        "incomeBeforeTax": -13600000,
        "incomeBeforeTaxRatio": -0.0289793309,
        "incomeTaxExpense": -6100000,
        "netIncome": -7500000,
        "netIncomeRatio": -0.0159812487,
        "eps": -0.09,
        "epsdiluted": -0.09,
        "weightedAverageShsOut": 83333333,
        "weightedAverageShsOutDil": 83333333,
        "link": "https://www.sec.gov/Archives/edgar/data/1018963/000095012802000800/0000950128-02-000800-index.htm",
        "finalLink": "https://www.sec.gov/Archives/edgar/data/1018963/000095012802000800/j9709301e10vq.txt"
    },
    {
        "date": "2002-06-30",
        "symbol": "ATI",
        "reportedCurrency": "USD",
        "cik": "0001018963",
        "fillingDate": "2002-08-14",
        "acceptedDate": "2002-08-14 15:55:34",
        "calendarYear": "2002",
        "period": "Q2",
        "revenue": 491200000,
        "costOfRevenue": 444100000,
        "grossProfit": 47100000,
        "grossProfitRatio": 0.0958876221,
        "researchAndDevelopmentExpenses": 0,
        "generalAndAdministrativeExpenses": 49300000,
        "sellingAndMarketingExpenses": 0,
        "sellingGeneralAndAdministrativeExpenses": 49300000,
        "otherExpenses": 0,
        "operatingExpenses": 49300000,
        "costAndExpenses": 493400000,
        "interestIncome": 0,
        "interestExpense": 0,
        "depreciationAndAmortization": 22600000,
        "ebitda": 20400000,
        "ebitdaratio": 0.0415309446,
        "operatingIncome": -2200000,
        "operatingIncomeRatio": -0.0044788274,
        "totalOtherIncomeExpensesNet": -8300000,
        "incomeBeforeTax": -10500000,
        "incomeBeforeTaxRatio": -0.0213762215,
        "incomeTaxExpense": -3000000,
        "netIncome": -7500000,
        "netIncomeRatio": -0.0152687296,
        "eps": -0.09,
        "epsdiluted": -0.09,
        "weightedAverageShsOut": 83333333,
        "weightedAverageShsOutDil": 83333333,
        "link": "https://www.sec.gov/Archives/edgar/data/1018963/000095012802000622/0000950128-02-000622-index.htm",
        "finalLink": "https://www.sec.gov/Archives/edgar/data/1018963/000095012802000622/j9559801e10vq.txt"
    },
    {
        "date": "2002-03-31",
        "symbol": "ATI",
        "reportedCurrency": "USD",
        "cik": "0001018963",
        "fillingDate": "2002-05-15",
        "acceptedDate": "2002-05-15 15:45:57",
        "calendarYear": "2002",
        "period": "Q1",
        "revenue": 493100000,
        "costOfRevenue": 452700000,
        "grossProfit": 40400000,
        "grossProfitRatio": 0.0819306429,
        "researchAndDevelopmentExpenses": 0,
        "generalAndAdministrativeExpenses": 50500000,
        "sellingAndMarketingExpenses": 0,
        "sellingGeneralAndAdministrativeExpenses": 50500000,
        "otherExpenses": 0,
        "operatingExpenses": 50500000,
        "costAndExpenses": 503200000,
        "interestIncome": 0,
        "interestExpense": 0,
        "depreciationAndAmortization": 22800000,
        "ebitda": 12700000,
        "ebitdaratio": 0.0257554249,
        "operatingIncome": -10100000,
        "operatingIncomeRatio": -0.0204826607,
        "totalOtherIncomeExpensesNet": -7900000,
        "incomeBeforeTax": -18000000,
        "incomeBeforeTaxRatio": -0.0365037518,
        "incomeTaxExpense": -6900000,
        "netIncome": -11100000,
        "netIncomeRatio": -0.0225106469,
        "eps": -0.14,
        "epsdiluted": -0.14,
        "weightedAverageShsOut": 79285714,
        "weightedAverageShsOutDil": 79285714,
        "link": "https://www.sec.gov/Archives/edgar/data/1018963/000095015202004322/0000950152-02-004322-index.htm",
        "finalLink": "https://www.sec.gov/Archives/edgar/data/1018963/000095015202004322/j9451301e10-q.txt"
    },
    {
        "date": "2001-12-31",
        "symbol": "ATI",
        "reportedCurrency": "USD",
        "cik": "0001018963",
        "fillingDate": "2002-03-15",
        "acceptedDate": "2002-03-15 00:00:00",
        "calendarYear": "2001",
        "period": "Q4",
        "revenue": 493100000,
        "costOfRevenue": 431300000,
        "grossProfit": 61800000,
        "grossProfitRatio": 0.1253295478,
        "researchAndDevelopmentExpenses": 0,
        "generalAndAdministrativeExpenses": 52600000,
        "sellingAndMarketingExpenses": 0,
        "sellingGeneralAndAdministrativeExpenses": 52600000,
        "otherExpenses": 0,
        "operatingExpenses": 52600000,
        "costAndExpenses": 483900000,
        "interestIncome": 0,
        "interestExpense": 0,
        "depreciationAndAmortization": 23900000,
        "ebitda": 33100000,
        "ebitdaratio": 0.0671263435,
        "operatingIncome": 9200000,
        "operatingIncomeRatio": 0.0186574731,
        "totalOtherIncomeExpensesNet": -81100000,
        "incomeBeforeTax": -71900000,
        "incomeBeforeTaxRatio": -0.1458122085,
        "incomeTaxExpense": -26100000,
        "netIncome": -45800000,
        "netIncomeRatio": -0.0928817684,
        "eps": -0.58,
        "epsdiluted": -0.58,
        "weightedAverageShsOut": 79285714,
        "weightedAverageShsOutDil": 79285714,
        "link": "https://www.sec.gov/Archives/edgar/data/1018963/000095012802000271/0000950128-02-000271-index.htm",
        "finalLink": "https://www.sec.gov/Archives/edgar/data/1018963/000095012802000271/j9326701e10-k405.txt"
    },
    {
        "date": "2001-09-30",
        "symbol": "ATI",
        "reportedCurrency": "USD",
        "cik": "0001018963",
        "fillingDate": "2001-11-14",
        "acceptedDate": "2001-11-14 00:00:00",
        "calendarYear": "2001",
        "period": "Q3",
        "revenue": 537700000,
        "costOfRevenue": 470300000,
        "grossProfit": 67400000,
        "grossProfitRatio": 0.1253487075,
        "researchAndDevelopmentExpenses": 0,
        "generalAndAdministrativeExpenses": 45300000,
        "sellingAndMarketingExpenses": 0,
        "sellingGeneralAndAdministrativeExpenses": 45300000,
        "otherExpenses": 0,
        "operatingExpenses": 45300000,
        "costAndExpenses": 515600000,
        "interestIncome": 0,
        "interestExpense": 0,
        "depreciationAndAmortization": 25100000,
        "ebitda": 47200000,
        "ebitdaratio": 0.0877812907,
        "operatingIncome": 22100000,
        "operatingIncomeRatio": 0.0411009857,
        "totalOtherIncomeExpensesNet": -7600000,
        "incomeBeforeTax": 14500000,
        "incomeBeforeTaxRatio": 0.0269667101,
        "incomeTaxExpense": 6500000,
        "netIncome": 8000000,
        "netIncomeRatio": 0.0148781849,
        "eps": 0.1,
        "epsdiluted": 0.1,
        "weightedAverageShsOut": 80000000,
        "weightedAverageShsOutDil": 80000000,
        "link": "https://www.sec.gov/Archives/edgar/data/1018963/000095012801500701/0000950128-01-500701-index.htm",
        "finalLink": "https://www.sec.gov/Archives/edgar/data/1018963/000095012801500701/j9134901e10-q.txt"
    },
    {
        "date": "2001-06-30",
        "symbol": "ATI",
        "reportedCurrency": "USD",
        "cik": "0001018963",
        "fillingDate": "2001-08-10",
        "acceptedDate": "2001-08-10 00:00:00",
        "calendarYear": "2001",
        "period": "Q2",
        "revenue": 554700000,
        "costOfRevenue": 483800000,
        "grossProfit": 70900000,
        "grossProfitRatio": 0.1278168379,
        "researchAndDevelopmentExpenses": 0,
        "generalAndAdministrativeExpenses": 52500000,
        "sellingAndMarketingExpenses": 0,
        "sellingGeneralAndAdministrativeExpenses": 52500000,
        "otherExpenses": 0,
        "operatingExpenses": 52500000,
        "costAndExpenses": 536300000,
        "interestIncome": 0,
        "interestExpense": 0,
        "depreciationAndAmortization": 24800000,
        "ebitda": 43200000,
        "ebitdaratio": 0.0778799351,
        "operatingIncome": 18400000,
        "operatingIncomeRatio": 0.0331710835,
        "totalOtherIncomeExpensesNet": -7800000,
        "incomeBeforeTax": 10600000,
        "incomeBeforeTaxRatio": 0.0191094285,
        "incomeTaxExpense": 4400000,
        "netIncome": 6200000,
        "netIncomeRatio": 0.0111772129,
        "eps": 0.08,
        "epsdiluted": 0.08,
        "weightedAverageShsOut": 77500000,
        "weightedAverageShsOutDil": 77500000,
        "link": "https://www.sec.gov/Archives/edgar/data/1018963/000095012801500414/0000950128-01-500414-index.htm",
        "finalLink": "https://www.sec.gov/Archives/edgar/data/1018963/000095012801500414/j8987101e10-q.txt"
    },
    {
        "date": "2001-03-03",
        "symbol": "ATI",
        "reportedCurrency": "USD",
        "cik": "0001018963",
        "fillingDate": "2001-05-15",
        "acceptedDate": "2001-05-15 00:00:00",
        "calendarYear": "2001",
        "period": "Q1",
        "revenue": 542500000,
        "costOfRevenue": 476900000,
        "grossProfit": 65600000,
        "grossProfitRatio": 0.120921659,
        "researchAndDevelopmentExpenses": 0,
        "generalAndAdministrativeExpenses": 48400000,
        "sellingAndMarketingExpenses": 0,
        "sellingGeneralAndAdministrativeExpenses": 48400000,
        "otherExpenses": 0,
        "operatingExpenses": 48400000,
        "costAndExpenses": 525300000,
        "interestIncome": 0,
        "interestExpense": 0,
        "depreciationAndAmortization": 24800000,
        "ebitda": 42000000,
        "ebitdaratio": 0.0774193548,
        "operatingIncome": 17200000,
        "operatingIncomeRatio": 0.0317050691,
        "totalOtherIncomeExpensesNet": -6800000,
        "incomeBeforeTax": 10400000,
        "incomeBeforeTaxRatio": 0.0191705069,
        "incomeTaxExpense": 4000000,
        "netIncome": 6400000,
        "netIncomeRatio": 0.011797235,
        "eps": 0.08,
        "epsdiluted": 0.08,
        "weightedAverageShsOut": 80300000,
        "weightedAverageShsOutDil": 80400000,
        "link": "https://www.sec.gov/Archives/edgar/data/1018963/000095012801500106/0000950128-01-500106-index.htm",
        "finalLink": "https://www.sec.gov/Archives/edgar/data/1018963/000095012801500106/j8829801e10-q.txt"
    },
    {
        "date": "2000-12-31",
        "symbol": "ATI",
        "reportedCurrency": "USD",
        "cik": "0001018963",
        "fillingDate": "2001-03-14",
        "acceptedDate": "2001-03-14 00:00:00",
        "calendarYear": "2000",
        "period": "Q4",
        "revenue": 584700000,
        "costOfRevenue": 482500000,
        "grossProfit": 102200000,
        "grossProfitRatio": 0.1747904909,
        "researchAndDevelopmentExpenses": 0,
        "generalAndAdministrativeExpenses": 54700000,
        "sellingAndMarketingExpenses": 0,
        "sellingGeneralAndAdministrativeExpenses": 54700000,
        "otherExpenses": 0,
        "operatingExpenses": 54700000,
        "costAndExpenses": 537200000,
        "interestIncome": 0,
        "interestExpense": 0,
        "depreciationAndAmortization": 24100000,
        "ebitda": 71600000,
        "ebitdaratio": 0.1224559603,
        "operatingIncome": 47500000,
        "operatingIncomeRatio": 0.0812382418,
        "totalOtherIncomeExpensesNet": -38800000,
        "incomeBeforeTax": 8700000,
        "incomeBeforeTaxRatio": 0.0148794253,
        "incomeTaxExpense": 3300000,
        "netIncome": 5400000,
        "netIncomeRatio": 0.0092355054,
        "eps": 0.068,
        "epsdiluted": 0.068,
        "weightedAverageShsOut": 80000000,
        "weightedAverageShsOutDil": 80000000,
        "link": "https://www.sec.gov/Archives/edgar/data/1018963/000095012801000485/0000950128-01-000485-index.htm",
        "finalLink": "https://www.sec.gov/Archives/edgar/data/1018963/000095012801000485/j8697501e10-k405.txt"
    },
    {
        "date": "2000-09-30",
        "symbol": "ATI",
        "reportedCurrency": "USD",
        "cik": "0001018963",
        "fillingDate": "2000-11-03",
        "acceptedDate": "2000-11-03 00:00:00",
        "calendarYear": "2000",
        "period": "Q3",
        "revenue": 612000000,
        "costOfRevenue": 490500000,
        "grossProfit": 121500000,
        "grossProfitRatio": 0.1985294118,
        "researchAndDevelopmentExpenses": 0,
        "generalAndAdministrativeExpenses": 45000000,
        "sellingAndMarketingExpenses": 0,
        "sellingGeneralAndAdministrativeExpenses": 45000000,
        "otherExpenses": 0,
        "operatingExpenses": 45000000,
        "costAndExpenses": 535500000,
        "interestIncome": 0,
        "interestExpense": 0,
        "depreciationAndAmortization": 25700000,
        "ebitda": 102200000,
        "ebitdaratio": 0.1669934641,
        "operatingIncome": 76500000,
        "operatingIncomeRatio": 0.125,
        "totalOtherIncomeExpensesNet": -10200000,
        "incomeBeforeTax": 66300000,
        "incomeBeforeTaxRatio": 0.1083333333,
        "incomeTaxExpense": 24200000,
        "netIncome": 42100000,
        "netIncomeRatio": 0.0687908497,
        "eps": 0.52,
        "epsdiluted": 0.52,
        "weightedAverageShsOut": 80961538,
        "weightedAverageShsOutDil": 80961538,
        "link": "https://www.sec.gov/Archives/edgar/data/1018963/000095012800001263/0000950128-00-001263-index.htm",
        "finalLink": "https://www.sec.gov/Archives/edgar/data/1018963/000095012800001263/j8482601e10-q.txt"
    },
    {
        "date": "2000-06-30",
        "symbol": "ATI",
        "reportedCurrency": "USD",
        "cik": "0001018963",
        "fillingDate": "2000-08-07",
        "acceptedDate": "2000-08-07 00:00:00",
        "calendarYear": "2000",
        "period": "Q2",
        "revenue": 638300000,
        "costOfRevenue": 514800000,
        "grossProfit": 123500000,
        "grossProfitRatio": 0.1934826884,
        "researchAndDevelopmentExpenses": 0,
        "generalAndAdministrativeExpenses": 53000000,
        "sellingAndMarketingExpenses": 0,
        "sellingGeneralAndAdministrativeExpenses": 53000000,
        "otherExpenses": 0,
        "operatingExpenses": 53000000,
        "costAndExpenses": 567800000,
        "interestIncome": 0,
        "interestExpense": 0,
        "depreciationAndAmortization": 25100000,
        "ebitda": 95600000,
        "ebitdaratio": 0.1497728341,
        "operatingIncome": 70500000,
        "operatingIncomeRatio": 0.1104496318,
        "totalOtherIncomeExpensesNet": -1900000,
        "incomeBeforeTax": 68600000,
        "incomeBeforeTaxRatio": 0.1074729751,
        "incomeTaxExpense": 24900000,
        "netIncome": 43700000,
        "netIncomeRatio": 0.0684631051,
        "eps": 0.53,
        "epsdiluted": 0.53,
        "weightedAverageShsOut": 82452830,
        "weightedAverageShsOutDil": 82452830,
        "link": "https://www.sec.gov/Archives/edgar/data/1018963/000095012800001028/0000950128-00-001028-index.htm",
        "finalLink": "https://www.sec.gov/Archives/edgar/data/1018963/000095012800001028/e10-q.txt"
    },
    {
        "date": "2000-03-31",
        "symbol": "ATI",
        "reportedCurrency": "USD",
        "cik": "0001018963",
        "fillingDate": "2000-05-05",
        "acceptedDate": "2000-05-05 00:00:00",
        "calendarYear": "2000",
        "period": "Q1",
        "revenue": 625400000,
        "costOfRevenue": 510700000,
        "grossProfit": 114700000,
        "grossProfitRatio": 0.1834026223,
        "researchAndDevelopmentExpenses": 0,
        "generalAndAdministrativeExpenses": 51000000,
        "sellingAndMarketingExpenses": 0,
        "sellingGeneralAndAdministrativeExpenses": 51000000,
        "otherExpenses": 0,
        "operatingExpenses": 51000000,
        "costAndExpenses": 561700000,
        "interestIncome": 0,
        "interestExpense": 0,
        "depreciationAndAmortization": 24800000,
        "ebitda": 88500000,
        "ebitdaratio": 0.141509434,
        "operatingIncome": 63700000,
        "operatingIncomeRatio": 0.1018548129,
        "totalOtherIncomeExpensesNet": 1500000,
        "incomeBeforeTax": 65200000,
        "incomeBeforeTaxRatio": 0.1042532779,
        "incomeTaxExpense": 23900000,
        "netIncome": 41300000,
        "netIncomeRatio": 0.0660377358,
        "eps": 0.47,
        "epsdiluted": 0.47,
        "weightedAverageShsOut": 87872340,
        "weightedAverageShsOutDil": 87872340,
        "link": "https://www.sec.gov/Archives/edgar/data/1018963/000095012800000738/0000950128-00-000738-index.html",
        "finalLink": "https://www.sec.gov/Archives/edgar/data/1018963/000095012800000738/"
    },
    {
        "date": "1999-12-31",
        "symbol": "ATI",
        "reportedCurrency": "USD",
        "cik": "0001018963",
        "fillingDate": "2000-03-21",
        "acceptedDate": "2000-03-21 00:00:00",
        "calendarYear": "1999",
        "period": "Q4",
        "revenue": -412300000,
        "costOfRevenue": -218600000,
        "grossProfit": -193700000,
        "grossProfitRatio": 0.4698035411,
        "researchAndDevelopmentExpenses": 0,
        "generalAndAdministrativeExpenses": -120000000,
        "sellingAndMarketingExpenses": 0,
        "sellingGeneralAndAdministrativeExpenses": -120000000,
        "otherExpenses": 2700000,
        "operatingExpenses": -117300000,
        "costAndExpenses": -335900000,
        "interestIncome": 0,
        "interestExpense": 0,
        "depreciationAndAmortization": 187900000,
        "ebitda": 111500000,
        "ebitdaratio": -0.2704341499,
        "operatingIncome": -76400000,
        "operatingIncomeRatio": 0.1853019646,
        "totalOtherIncomeExpensesNet": 7200000,
        "incomeBeforeTax": -69200000,
        "incomeBeforeTaxRatio": 0.1678389522,
        "incomeTaxExpense": -24300000,
        "netIncome": 14700000,
        "netIncomeRatio": -0.0356536503,
        "eps": 0.17,
        "epsdiluted": 0.17,
        "weightedAverageShsOut": 87872340,
        "weightedAverageShsOutDil": 87872340,
        "link": "https://www.sec.gov/Archives/edgar/data/1018963/000095012800000549/0000950128-00-000549-index.html",
        "finalLink": "https://www.sec.gov/Archives/edgar/data/1018963/000095012800000549/"
    },
    {
        "date": "1999-09-30",
        "symbol": "ATI",
        "reportedCurrency": "USD",
        "cik": "0001018963",
        "fillingDate": "1999-11-15",
        "acceptedDate": "1999-11-15 00:00:00",
        "calendarYear": "1999",
        "period": "Q3",
        "revenue": 855900000,
        "costOfRevenue": 644700000,
        "grossProfit": 211200000,
        "grossProfitRatio": 0.2467577988,
        "researchAndDevelopmentExpenses": 0,
        "generalAndAdministrativeExpenses": 118100000,
        "sellingAndMarketingExpenses": 0,
        "sellingGeneralAndAdministrativeExpenses": 118100000,
        "otherExpenses": 30300000,
        "operatingExpenses": 148400000,
        "costAndExpenses": 793100000,
        "interestIncome": 0,
        "interestExpense": 0,
        "depreciationAndAmortization": -30300000,
        "ebitda": 93100000,
        "ebitdaratio": 0.1087743895,
        "operatingIncome": 62800000,
        "operatingIncomeRatio": 0.0733730576,
        "totalOtherIncomeExpensesNet": -3600000,
        "incomeBeforeTax": 59200000,
        "incomeBeforeTaxRatio": 0.0691669588,
        "incomeTaxExpense": 21200000,
        "netIncome": 167600000,
        "netIncomeRatio": 0.1958172684,
        "eps": 1.73,
        "epsdiluted": 1.73,
        "weightedAverageShsOut": 90368000,
        "weightedAverageShsOutDil": 90368000,
        "link": "https://www.sec.gov/Archives/edgar/data/1018963/000095012899001136/0000950128-99-001136-index.html",
        "finalLink": "https://www.sec.gov/Archives/edgar/data/1018963/000095012899001136/"
    },
    {
        "date": "1999-06-30",
        "symbol": "ATI",
        "reportedCurrency": "USD",
        "cik": "0001018963",
        "fillingDate": "1999-08-16",
        "acceptedDate": "1999-08-16 00:00:00",
        "calendarYear": "1999",
        "period": "Q2",
        "revenue": 917900000,
        "costOfRevenue": 671600000,
        "grossProfit": 246300000,
        "grossProfitRatio": 0.2683298834,
        "researchAndDevelopmentExpenses": 0,
        "generalAndAdministrativeExpenses": 116100000,
        "sellingAndMarketingExpenses": 0,
        "sellingGeneralAndAdministrativeExpenses": 116100000,
        "otherExpenses": 30300000,
        "operatingExpenses": 146400000,
        "costAndExpenses": 818000000,
        "interestIncome": 0,
        "interestExpense": 0,
        "depreciationAndAmortization": -30300000,
        "ebitda": 130200000,
        "ebitdaratio": 0.1418455169,
        "operatingIncome": 99900000,
        "operatingIncomeRatio": 0.1088353851,
        "totalOtherIncomeExpensesNet": -8900000,
        "incomeBeforeTax": 91000000,
        "incomeBeforeTaxRatio": 0.0991393398,
        "incomeTaxExpense": 33700000,
        "netIncome": 57300000,
        "netIncomeRatio": 0.0624251008,
        "eps": 0.59,
        "epsdiluted": 0.59,
        "weightedAverageShsOut": 90368000,
        "weightedAverageShsOutDil": 90368000,
        "link": "https://www.sec.gov/Archives/edgar/data/1018963/000095012899000934/0000950128-99-000934-index.html",
        "finalLink": "https://www.sec.gov/Archives/edgar/data/1018963/000095012899000934/"
    },
    {
        "date": "1999-03-31",
        "symbol": "ATI",
        "reportedCurrency": "USD",
        "cik": "0001018963",
        "fillingDate": "1999-05-17",
        "acceptedDate": "1999-05-17 00:00:00",
        "calendarYear": "1999",
        "period": "Q1",
        "revenue": 934600000,
        "costOfRevenue": 684900000,
        "grossProfit": 249700000,
        "grossProfitRatio": 0.2671731222,
        "researchAndDevelopmentExpenses": 0,
        "generalAndAdministrativeExpenses": 114900000,
        "sellingAndMarketingExpenses": 0,
        "sellingGeneralAndAdministrativeExpenses": 114900000,
        "otherExpenses": 32000000,
        "operatingExpenses": 146900000,
        "costAndExpenses": 831800000,
        "interestIncome": 0,
        "interestExpense": 0,
        "depreciationAndAmortization": -32000000,
        "ebitda": 134800000,
        "ebitdaratio": 0.1442328269,
        "operatingIncome": 102800000,
        "operatingIncomeRatio": 0.1099935801,
        "totalOtherIncomeExpensesNet": -9600000,
        "incomeBeforeTax": 93200000,
        "incomeBeforeTaxRatio": 0.0997218061,
        "incomeTaxExpense": 32600000,
        "netIncome": 60600000,
        "netIncomeRatio": 0.0648405735,
        "eps": 0.63,
        "epsdiluted": 0.63,
        "weightedAverageShsOut": 96848304,
        "weightedAverageShsOutDil": 96848304,
        "link": "https://www.sec.gov/Archives/edgar/data/1018963/000101896399000002/0001018963-99-000002-index.html",
        "finalLink": "https://www.sec.gov/Archives/edgar/data/1018963/"
    },
    {
        "date": "1998-12-31",
        "symbol": "ATI",
        "reportedCurrency": "USD",
        "cik": "0001018963",
        "fillingDate": "1999-03-19",
        "acceptedDate": "1999-03-19 00:00:00",
        "calendarYear": "1998",
        "period": "Q4",
        "revenue": 975000000,
        "costOfRevenue": 782600000,
        "grossProfit": 192400000,
        "grossProfitRatio": 0.1973333333,
        "researchAndDevelopmentExpenses": 0,
        "generalAndAdministrativeExpenses": 144300000,
        "sellingAndMarketingExpenses": 0,
        "sellingGeneralAndAdministrativeExpenses": 144300000,
        "otherExpenses": -81200000,
        "operatingExpenses": 63100000,
        "costAndExpenses": 845700000,
        "interestIncome": 0,
        "interestExpense": 0,
        "depreciationAndAmortization": 190200000,
        "ebitda": 319500000,
        "ebitdaratio": 0.3276923077,
        "operatingIncome": 129300000,
        "operatingIncomeRatio": 0.1326153846,
        "totalOtherIncomeExpensesNet": -9700000,
        "incomeBeforeTax": 119600000,
        "incomeBeforeTaxRatio": 0.1226666667,
        "incomeTaxExpense": 46300000,
        "netIncome": 73300000,
        "netIncomeRatio": 0.0751794872,
        "eps": 0.76,
        "epsdiluted": 0.76,
        "weightedAverageShsOut": 96848304,
        "weightedAverageShsOutDil": 96848304,
        "link": "https://www.sec.gov/Archives/edgar/data/1018963/000095012899000587/0000950128-99-000587-index.html",
        "finalLink": "https://www.sec.gov/Archives/edgar/data/1018963/"
    },
    {
        "date": "1998-09-30",
        "symbol": "ATI",
        "reportedCurrency": "USD",
        "cik": "0001018963",
        "fillingDate": "1998-11-16",
        "acceptedDate": "1998-11-16 00:00:00",
        "calendarYear": "1998",
        "period": "Q3",
        "revenue": 927100000,
        "costOfRevenue": 681800000,
        "grossProfit": 245300000,
        "grossProfitRatio": 0.2645885018,
        "researchAndDevelopmentExpenses": 0,
        "generalAndAdministrativeExpenses": 117900000,
        "sellingAndMarketingExpenses": 0,
        "sellingGeneralAndAdministrativeExpenses": 117900000,
        "otherExpenses": 26000000,
        "operatingExpenses": 143900000,
        "costAndExpenses": 825700000,
        "interestIncome": 0,
        "interestExpense": 0,
        "depreciationAndAmortization": -26000000,
        "ebitda": 117700000,
        "ebitdaratio": 0.126955021,
        "operatingIncome": 101400000,
        "operatingIncomeRatio": 0.1093733146,
        "totalOtherIncomeExpensesNet": 7200000,
        "incomeBeforeTax": 107100000,
        "incomeBeforeTaxRatio": 0.1155215187,
        "incomeTaxExpense": 41600000,
        "netIncome": 65500000,
        "netIncomeRatio": 0.0706504153,
        "eps": 0.75,
        "epsdiluted": 0.75,
        "weightedAverageShsOut": 96848304,
        "weightedAverageShsOutDil": 96848304,
        "link": "https://www.sec.gov/Archives/edgar/data/1018963/000101896398000015/0001018963-98-000015-index.html",
        "finalLink": "https://www.sec.gov/Archives/edgar/data/1018963/"
    },
    {
        "date": "1998-06-30",
        "symbol": "ATI",
        "reportedCurrency": "USD",
        "cik": "0001018963",
        "fillingDate": "1998-08-14",
        "acceptedDate": "1998-08-14 00:00:00",
        "calendarYear": "1998",
        "period": "Q2",
        "revenue": 1019100000,
        "costOfRevenue": 740500000,
        "grossProfit": 278600000,
        "grossProfitRatio": 0.2733784712,
        "researchAndDevelopmentExpenses": 0,
        "generalAndAdministrativeExpenses": 122400000,
        "sellingAndMarketingExpenses": 0,
        "sellingGeneralAndAdministrativeExpenses": 122400000,
        "otherExpenses": 27200000,
        "operatingExpenses": 149600000,
        "costAndExpenses": 890100000,
        "interestIncome": 0,
        "interestExpense": 0,
        "depreciationAndAmortization": -27200000,
        "ebitda": 156200000,
        "ebitdaratio": 0.1532724953,
        "operatingIncome": 129000000,
        "operatingIncomeRatio": 0.1265822785,
        "totalOtherIncomeExpensesNet": -10200000,
        "incomeBeforeTax": 118800000,
        "incomeBeforeTaxRatio": 0.1165734472,
        "incomeTaxExpense": 43300000,
        "netIncome": 75500000,
        "netIncomeRatio": 0.0740849769,
        "eps": 0.86,
        "epsdiluted": 0.86,
        "weightedAverageShsOut": 96848304,
        "weightedAverageShsOutDil": 96848304,
        "link": "https://www.sec.gov/Archives/edgar/data/1018963/000101896398000008/0001018963-98-000008-index.html",
        "finalLink": "https://www.sec.gov/Archives/edgar/data/1018963/"
    },
    {
        "date": "1998-03-31",
        "symbol": "ATI",
        "reportedCurrency": "USD",
        "cik": "0001018963",
        "fillingDate": "1998-05-15",
        "acceptedDate": "1998-05-15 00:00:00",
        "calendarYear": "1998",
        "period": "Q1",
        "revenue": 1002200000,
        "costOfRevenue": 745300000,
        "grossProfit": 256900000,
        "grossProfitRatio": 0.2563360607,
        "researchAndDevelopmentExpenses": 0,
        "generalAndAdministrativeExpenses": 119000000,
        "sellingAndMarketingExpenses": 0,
        "sellingGeneralAndAdministrativeExpenses": 119000000,
        "otherExpenses": 28000000,
        "operatingExpenses": 147000000,
        "costAndExpenses": 892300000,
        "interestIncome": 0,
        "interestExpense": 0,
        "depreciationAndAmortization": -28000000,
        "ebitda": 135400000,
        "ebitdaratio": 0.1351027739,
        "operatingIncome": 109900000,
        "operatingIncomeRatio": 0.1096587507,
        "totalOtherIncomeExpensesNet": -61700000,
        "incomeBeforeTax": 45700000,
        "incomeBeforeTaxRatio": 0.0455996807,
        "incomeTaxExpense": 18800000,
        "netIncome": 26900000,
        "netIncomeRatio": 0.0268409499,
        "eps": 0.31,
        "epsdiluted": 0.31,
        "weightedAverageShsOut": 87467334,
        "weightedAverageShsOutDil": 87467334,
        "link": "https://www.sec.gov/Archives/edgar/data/1018963/000089843198000183/0000898431-98-000183-index.html",
        "finalLink": "https://www.sec.gov/Archives/edgar/data/1018963/"
    },
    {
        "date": "1997-12-31",
        "symbol": "ATI",
        "reportedCurrency": "USD",
        "cik": "0001018963",
        "fillingDate": "1998-03-23",
        "acceptedDate": "1998-03-23 00:00:00",
        "calendarYear": "1997",
        "period": "Q4",
        "revenue": 920900000,
        "costOfRevenue": 758100000,
        "grossProfit": 162800000,
        "grossProfitRatio": 0.1767835813,
        "researchAndDevelopmentExpenses": 0,
        "generalAndAdministrativeExpenses": 132300000,
        "sellingAndMarketingExpenses": 0,
        "sellingGeneralAndAdministrativeExpenses": 132300000,
        "otherExpenses": -76500000,
        "operatingExpenses": 55800000,
        "costAndExpenses": 813900000,
        "interestIncome": 0,
        "interestExpense": 0,
        "depreciationAndAmortization": 175000000,
        "ebitda": 282000000,
        "ebitdaratio": 0.306222174,
        "operatingIncome": 107000000,
        "operatingIncomeRatio": 0.116190683,
        "totalOtherIncomeExpensesNet": 21700000,
        "incomeBeforeTax": 128700000,
        "incomeBeforeTaxRatio": 0.1397545879,
        "incomeTaxExpense": 45800000,
        "netIncome": 82900000,
        "netIncomeRatio": 0.090020632,
        "eps": 0.95,
        "epsdiluted": 0.95,
        "weightedAverageShsOut": 87467334,
        "weightedAverageShsOutDil": 87467334,
        "link": "https://www.sec.gov/Archives/edgar/data/1018963/000095012898000653/0000950128-98-000653-index.html",
        "finalLink": "https://www.sec.gov/Archives/edgar/data/1018963/"
    },
    {
        "date": "1997-09-30",
        "symbol": "ATI",
        "reportedCurrency": "USD",
        "cik": "0001018963",
        "fillingDate": "1997-11-14",
        "acceptedDate": "1997-11-14 00:00:00",
        "calendarYear": "1997",
        "period": "Q3",
        "revenue": 909200000,
        "costOfRevenue": 671800000,
        "grossProfit": 237400000,
        "grossProfitRatio": 0.261108667,
        "researchAndDevelopmentExpenses": 0,
        "generalAndAdministrativeExpenses": 112800000,
        "sellingAndMarketingExpenses": 0,
        "sellingGeneralAndAdministrativeExpenses": 112800000,
        "otherExpenses": 26800000,
        "operatingExpenses": 139600000,
        "costAndExpenses": 811400000,
        "interestIncome": 0,
        "interestExpense": 0,
        "depreciationAndAmortization": -26800000,
        "ebitda": 115100000,
        "ebitdaratio": 0.1265948086,
        "operatingIncome": 97800000,
        "operatingIncomeRatio": 0.1075670919,
        "totalOtherIncomeExpensesNet": 4100000,
        "incomeBeforeTax": 101600000,
        "incomeBeforeTaxRatio": 0.1117465904,
        "incomeTaxExpense": 37300000,
        "netIncome": 64300000,
        "netIncomeRatio": 0.0707215134,
        "eps": 0.84,
        "epsdiluted": 0.84,
        "weightedAverageShsOut": 87467334,
        "weightedAverageShsOutDil": 87467334,
        "link": "https://www.sec.gov/Archives/edgar/data/1018963/000101896397000013/0001018963-97-000013-index.html",
        "finalLink": "https://www.sec.gov/Archives/edgar/data/1018963/"
    },
    {
        "date": "1997-06-30",
        "symbol": "ATI",
        "reportedCurrency": "USD",
        "cik": "0001018963",
        "fillingDate": "1997-08-14",
        "acceptedDate": "1997-08-14 00:00:00",
        "calendarYear": "1997",
        "period": "Q2",
        "revenue": 957100000,
        "costOfRevenue": 692000000,
        "grossProfit": 265100000,
        "grossProfitRatio": 0.2769825515,
        "researchAndDevelopmentExpenses": 0,
        "generalAndAdministrativeExpenses": 118800000,
        "sellingAndMarketingExpenses": 0,
        "sellingGeneralAndAdministrativeExpenses": 118800000,
        "otherExpenses": 24800000,
        "operatingExpenses": 143600000,
        "costAndExpenses": 835600000,
        "interestIncome": 0,
        "interestExpense": 0,
        "depreciationAndAmortization": -24800000,
        "ebitda": 122200000,
        "ebitdaratio": 0.1276773587,
        "operatingIncome": 121500000,
        "operatingIncomeRatio": 0.1269459827,
        "totalOtherIncomeExpensesNet": 20000000,
        "incomeBeforeTax": 141100000,
        "incomeBeforeTaxRatio": 0.1474245115,
        "incomeTaxExpense": 54100000,
        "netIncome": 87000000,
        "netIncomeRatio": 0.0908995925,
        "eps": 1.07,
        "epsdiluted": 1.07,
        "weightedAverageShsOut": 87467334,
        "weightedAverageShsOutDil": 87467334,
        "link": "https://www.sec.gov/Archives/edgar/data/1018963/000101896397000006/0001018963-97-000006-index.html",
        "finalLink": "https://www.sec.gov/Archives/edgar/data/1018963/"
    },
    {
        "date": "1997-03-31",
        "symbol": "ATI",
        "reportedCurrency": "USD",
        "cik": "0001018963",
        "fillingDate": "1997-05-13",
        "acceptedDate": "1997-05-13 00:00:00",
        "calendarYear": "1997",
        "period": "Q1",
        "revenue": 957900000,
        "costOfRevenue": 706900000,
        "grossProfit": 251000000,
        "grossProfitRatio": 0.2620315273,
        "researchAndDevelopmentExpenses": 0,
        "generalAndAdministrativeExpenses": 120200000,
        "sellingAndMarketingExpenses": 0,
        "sellingGeneralAndAdministrativeExpenses": 120200000,
        "otherExpenses": 24900000,
        "operatingExpenses": 145100000,
        "costAndExpenses": 852000000,
        "interestIncome": 0,
        "interestExpense": 0,
        "depreciationAndAmortization": -24900000,
        "ebitda": 127200000,
        "ebitdaratio": 0.1327904792,
        "operatingIncome": 105900000,
        "operatingIncomeRatio": 0.1105543376,
        "totalOtherIncomeExpensesNet": -1800000,
        "incomeBeforeTax": 103800000,
        "incomeBeforeTaxRatio": 0.108362042,
        "incomeTaxExpense": 40400000,
        "netIncome": 63400000,
        "netIncomeRatio": 0.0661864495,
        "eps": 0.81,
        "epsdiluted": 0.81,
        "weightedAverageShsOut": 88046987,
        "weightedAverageShsOutDil": 88046987,
        "link": "https://www.sec.gov/Archives/edgar/data/1018963/000101896397000003/0001018963-97-000003-index.html",
        "finalLink": "https://www.sec.gov/Archives/edgar/data/1018963/"
    },
    {
        "date": "1996-12-31",
        "symbol": "ATI",
        "reportedCurrency": "USD",
        "cik": "0001018963",
        "fillingDate": "1997-03-27",
        "acceptedDate": "1997-03-27 00:00:00",
        "calendarYear": "1996",
        "period": "Q4",
        "revenue": 920300000,
        "costOfRevenue": 764700000,
        "grossProfit": 155600000,
        "grossProfitRatio": 0.1690753015,
        "researchAndDevelopmentExpenses": 0,
        "generalAndAdministrativeExpenses": 132400000,
        "sellingAndMarketingExpenses": 0,
        "sellingGeneralAndAdministrativeExpenses": 132400000,
        "otherExpenses": -82800000,
        "operatingExpenses": 49600000,
        "costAndExpenses": 814300000,
        "interestIncome": 0,
        "interestExpense": 0,
        "depreciationAndAmortization": 188100000,
        "ebitda": 294100000,
        "ebitdaratio": 0.3195697055,
        "operatingIncome": 106000000,
        "operatingIncomeRatio": 0.1151798327,
        "totalOtherIncomeExpensesNet": 1500000,
        "incomeBeforeTax": 107500000,
        "incomeBeforeTaxRatio": 0.116809736,
        "incomeTaxExpense": 42600000,
        "netIncome": 51400000,
        "netIncomeRatio": 0.0558513528,
        "eps": 0.58,
        "epsdiluted": 0.58,
        "weightedAverageShsOut": 88046987,
        "weightedAverageShsOutDil": 88046987,
        "link": "https://www.sec.gov/Archives/edgar/data/1018963/000095012897000664/0000950128-97-000664-index.html",
        "finalLink": "https://www.sec.gov/Archives/edgar/data/1018963/"
    },
    {
        "date": "1996-09-30",
        "symbol": "ATI",
        "reportedCurrency": "USD",
        "cik": "0001018963",
        "fillingDate": "1996-11-14",
        "acceptedDate": "1996-11-14 00:00:00",
        "calendarYear": "1996",
        "period": "Q3",
        "revenue": 879700000,
        "costOfRevenue": 636400000,
        "grossProfit": 243300000,
        "grossProfitRatio": 0.2765715585,
        "researchAndDevelopmentExpenses": 0,
        "generalAndAdministrativeExpenses": 0,
        "sellingAndMarketingExpenses": 0,
        "sellingGeneralAndAdministrativeExpenses": 132300000,
        "otherExpenses": 27600000,
        "operatingExpenses": 159900000,
        "costAndExpenses": 796300000,
        "interestIncome": 0,
        "interestExpense": 0,
        "depreciationAndAmortization": -60000000,
        "ebitda": 111000000,
        "ebitdaratio": 0.1261793793,
        "operatingIncome": 83400000,
        "operatingIncomeRatio": 0.0948050472,
        "totalOtherIncomeExpensesNet": -39900000,
        "incomeBeforeTax": 43500000,
        "incomeBeforeTaxRatio": 0.0494486757,
        "incomeTaxExpense": 23900000,
        "netIncome": 19600000,
        "netIncomeRatio": 0.0222803228,
        "eps": 0.22,
        "epsdiluted": 0.22,
        "weightedAverageShsOut": 88046987,
        "weightedAverageShsOutDil": 88046987,
        "link": "https://www.sec.gov/Archives/edgar/data/1018963/000101896396000004/0001018963-96-000004-index.html",
        "finalLink": "https://www.sec.gov/Archives/edgar/data/1018963/"
    },
    {
        "date": "1996-06-30",
        "symbol": "ATI",
        "reportedCurrency": "USD",
        "cik": "0001018963",
        "fillingDate": "1996-06-30",
        "acceptedDate": "1996-06-29 20:00:00",
        "calendarYear": "1996",
        "period": "Q2",
        "revenue": 338600000,
        "costOfRevenue": 266100000,
        "grossProfit": 72500000,
        "grossProfitRatio": 0.2141169522,
        "researchAndDevelopmentExpenses": 0,
        "generalAndAdministrativeExpenses": 0,
        "sellingAndMarketingExpenses": 0,
        "sellingGeneralAndAdministrativeExpenses": 25300000,
        "otherExpenses": 11400000,
        "operatingExpenses": 36700000,
        "costAndExpenses": 302800000,
        "interestIncome": 0,
        "interestExpense": 0,
        "depreciationAndAmortization": -11300000,
        "ebitda": 45400000,
        "ebitdaratio": 0.1340815121,
        "operatingIncome": 35800000,
        "operatingIncomeRatio": 0.1057294743,
        "totalOtherIncomeExpensesNet": 0,
        "incomeBeforeTax": 35800000,
        "incomeBeforeTaxRatio": 0.1057294743,
        "incomeTaxExpense": 15300000,
        "netIncome": 20500000,
        "netIncomeRatio": 0.0605434141,
        "eps": 0.23,
        "epsdiluted": 0.23,
        "weightedAverageShsOut": 88046987,
        "weightedAverageShsOutDil": 88046987,
        "link": "",
        "finalLink": ""
    },
    {
        "date": "1996-03-31",
        "symbol": "ATI",
        "reportedCurrency": "USD",
        "cik": "0001018963",
        "fillingDate": "1996-03-31",
        "acceptedDate": "1996-03-30 19:00:00",
        "calendarYear": "1996",
        "period": "Q1",
        "revenue": 353100000,
        "costOfRevenue": 286100000,
        "grossProfit": 67000000,
        "grossProfitRatio": 0.1897479468,
        "researchAndDevelopmentExpenses": 0,
        "generalAndAdministrativeExpenses": 0,
        "sellingAndMarketingExpenses": 0,
        "sellingGeneralAndAdministrativeExpenses": 23500000,
        "otherExpenses": 11500000,
        "operatingExpenses": 35000000,
        "costAndExpenses": 321100000,
        "interestIncome": 0,
        "interestExpense": 0,
        "depreciationAndAmortization": -11500000,
        "ebitda": 41700000,
        "ebitdaratio": 0.1180968564,
        "operatingIncome": 32000000,
        "operatingIncomeRatio": 0.090625885,
        "totalOtherIncomeExpensesNet": 500000,
        "incomeBeforeTax": 32500000,
        "incomeBeforeTaxRatio": 0.0920419145,
        "incomeTaxExpense": 13400000,
        "netIncome": 19100000,
        "netIncomeRatio": 0.0540923251,
        "eps": 0.22,
        "epsdiluted": 0.22,
        "weightedAverageShsOut": 88046987,
        "weightedAverageShsOutDil": 88046987,
        "link": "",
        "finalLink": ""
    }
]