[
    {
        "date": "2023-06-30",
        "symbol": "ATVI",
        "reportedCurrency": "USD",
        "cik": "0000718877",
        "fillingDate": "2023-07-31",
        "acceptedDate": "2023-07-31 17:18:05",
        "calendarYear": "2023",
        "period": "Q2",
        "revenue": 2207000000,
        "costOfRevenue": 656000000,
        "grossProfit": 1551000000,
        "grossProfitRatio": 0.7027639329,
        "researchAndDevelopmentExpenses": 405000000,
        "generalAndAdministrativeExpenses": 230000000,
        "sellingAndMarketingExpenses": 333000000,
        "sellingGeneralAndAdministrativeExpenses": 563000000,
        "otherExpenses": 0,
        "operatingExpenses": 968000000,
        "costAndExpenses": 1624000000,
        "interestIncome": 147000000,
        "interestExpense": 27000000,
        "depreciationAndAmortization": -168000000,
        "ebitda": 583000000,
        "ebitdaratio": 0.2641594925,
        "operatingIncome": 583000000,
        "operatingIncomeRatio": 0.2641594925,
        "totalOtherIncomeExpensesNet": 141000000,
        "incomeBeforeTax": 724000000,
        "incomeBeforeTaxRatio": 0.3280471228,
        "incomeTaxExpense": 137000000,
        "netIncome": 587000000,
        "netIncomeRatio": 0.2659719076,
        "eps": 0.75,
        "epsdiluted": 0.74,
        "weightedAverageShsOut": 786000000,
        "weightedAverageShsOutDil": 794000000,
        "link": "https://www.sec.gov/Archives/edgar/data/718877/000162828023026269/0001628280-23-026269-index.htm",
        "finalLink": "https://www.sec.gov/Archives/edgar/data/718877/000162828023026269/atvi-20230630.htm"
    },
    {
        "date": "2023-03-31",
        "symbol": "ATVI",
        "reportedCurrency": "USD",
        "cik": "0000718877",
        "fillingDate": "2023-05-04",
        "acceptedDate": "2023-05-04 16:07:27",
        "calendarYear": "2023",
        "period": "Q1",
        "revenue": 2383000000,
        "costOfRevenue": 665000000,
        "grossProfit": 1718000000,
        "grossProfitRatio": 0.7209399916,
        "researchAndDevelopmentExpenses": 402000000,
        "generalAndAdministrativeExpenses": 238000000,
        "sellingAndMarketingExpenses": 278000000,
        "sellingGeneralAndAdministrativeExpenses": 516000000,
        "otherExpenses": 0,
        "operatingExpenses": 918000000,
        "costAndExpenses": 1583000000,
        "interestIncome": 126000000,
        "interestExpense": 27000000,
        "depreciationAndAmortization": 144000000,
        "ebitda": 1066000000,
        "ebitdaratio": 0.4473352916,
        "operatingIncome": 800000000,
        "operatingIncomeRatio": 0.3357112883,
        "totalOtherIncomeExpensesNet": 95000000,
        "incomeBeforeTax": 895000000,
        "incomeBeforeTaxRatio": 0.3755770038,
        "incomeTaxExpense": 155000000,
        "netIncome": 740000000,
        "netIncomeRatio": 0.3105329417,
        "eps": 0.94,
        "epsdiluted": 0.93,
        "weightedAverageShsOut": 785000000,
        "weightedAverageShsOutDil": 792000000,
        "link": "https://www.sec.gov/Archives/edgar/data/718877/000162828023015712/0001628280-23-015712-index.htm",
        "finalLink": "https://www.sec.gov/Archives/edgar/data/718877/000162828023015712/atvi-20230331.htm"
    },
    {
        "date": "2022-12-31",
        "symbol": "ATVI",
        "reportedCurrency": "USD",
        "cik": "0000718877",
        "fillingDate": "2023-02-23",
        "acceptedDate": "2023-02-23 16:25:20",
        "calendarYear": "2022",
        "period": "Q4",
        "revenue": 2334000000,
        "costOfRevenue": 756000000,
        "grossProfit": 1578000000,
        "grossProfitRatio": 0.676092545,
        "researchAndDevelopmentExpenses": 486000000,
        "generalAndAdministrativeExpenses": 309000000,
        "sellingAndMarketingExpenses": 415000000,
        "sellingGeneralAndAdministrativeExpenses": 724000000,
        "otherExpenses": 0,
        "operatingExpenses": 1210000000,
        "costAndExpenses": 1966000000,
        "interestIncome": 0,
        "interestExpense": 27000000,
        "depreciationAndAmortization": 121000000,
        "ebitda": 606000000,
        "ebitdaratio": 0.2596401028,
        "operatingIncome": 368000000,
        "operatingIncomeRatio": 0.1576692374,
        "totalOtherIncomeExpensesNet": 90000000,
        "incomeBeforeTax": 458000000,
        "incomeBeforeTaxRatio": 0.1962296487,
        "incomeTaxExpense": 55000000,
        "netIncome": 403000000,
        "netIncomeRatio": 0.1726649529,
        "eps": 0.52,
        "epsdiluted": 0.51,
        "weightedAverageShsOut": 785000000,
        "weightedAverageShsOutDil": 791000000,
        "link": "https://www.sec.gov/Archives/edgar/data/718877/000162828023004842/0001628280-23-004842-index.htm",
        "finalLink": "https://www.sec.gov/Archives/edgar/data/718877/000162828023004842/atvi-20221231.htm"
    },
    {
        "date": "2022-09-30",
        "symbol": "ATVI",
        "reportedCurrency": "USD",
        "cik": "0000718877",
        "fillingDate": "2022-11-07",
        "acceptedDate": "2022-11-07 16:28:12",
        "calendarYear": "2022",
        "period": "Q3",
        "revenue": 1782000000,
        "costOfRevenue": 502000000,
        "grossProfit": 1280000000,
        "grossProfitRatio": 0.7182940516,
        "researchAndDevelopmentExpenses": 277000000,
        "generalAndAdministrativeExpenses": 229000000,
        "sellingAndMarketingExpenses": 287000000,
        "sellingGeneralAndAdministrativeExpenses": 516000000,
        "otherExpenses": 0,
        "operatingExpenses": 793000000,
        "costAndExpenses": 1295000000,
        "interestIncome": 51000000,
        "interestExpense": 27000000,
        "depreciationAndAmortization": 56000000,
        "ebitda": 583000000,
        "ebitdaratio": 0.3271604938,
        "operatingIncome": 485000000,
        "operatingIncomeRatio": 0.2721661055,
        "totalOtherIncomeExpensesNet": 15000000,
        "incomeBeforeTax": 500000000,
        "incomeBeforeTaxRatio": 0.2805836139,
        "incomeTaxExpense": 65000000,
        "netIncome": 435000000,
        "netIncomeRatio": 0.2441077441,
        "eps": 0.56,
        "epsdiluted": 0.55,
        "weightedAverageShsOut": 782000000,
        "weightedAverageShsOutDil": 789000000,
        "link": "https://www.sec.gov/Archives/edgar/data/718877/000162828022028658/0001628280-22-028658-index.htm",
        "finalLink": "https://www.sec.gov/Archives/edgar/data/718877/000162828022028658/atvi-20220930.htm"
    },
    {
        "date": "2022-06-30",
        "symbol": "ATVI",
        "reportedCurrency": "USD",
        "cik": "0000718877",
        "fillingDate": "2022-08-01",
        "acceptedDate": "2022-08-01 16:24:44",
        "calendarYear": "2022",
        "period": "Q2",
        "revenue": 1644000000,
        "costOfRevenue": 485000000,
        "grossProfit": 1159000000,
        "grossProfitRatio": 0.7049878345,
        "researchAndDevelopmentExpenses": 311000000,
        "generalAndAdministrativeExpenses": 250000000,
        "sellingAndMarketingExpenses": 263000000,
        "sellingGeneralAndAdministrativeExpenses": 513000000,
        "otherExpenses": 0,
        "operatingExpenses": 824000000,
        "costAndExpenses": 1309000000,
        "interestIncome": 17000000,
        "interestExpense": 27000000,
        "depreciationAndAmortization": 102000000,
        "ebitda": 450000000,
        "ebitdaratio": 0.2737226277,
        "operatingIncome": 338000000,
        "operatingIncomeRatio": 0.2055961071,
        "totalOtherIncomeExpensesNet": -17000000,
        "incomeBeforeTax": 321000000,
        "incomeBeforeTaxRatio": 0.1952554745,
        "incomeTaxExpense": 41000000,
        "netIncome": 280000000,
        "netIncomeRatio": 0.1703163017,
        "eps": 0.36,
        "epsdiluted": 0.36,
        "weightedAverageShsOut": 782000000,
        "weightedAverageShsOutDil": 788000000,
        "link": "https://www.sec.gov/Archives/edgar/data/718877/000162828022019955/0001628280-22-019955-index.htm",
        "finalLink": "https://www.sec.gov/Archives/edgar/data/718877/000162828022019955/atvi-20220630.htm"
    },
    {
        "date": "2022-03-31",
        "symbol": "ATVI",
        "reportedCurrency": "USD",
        "cik": "0000718877",
        "fillingDate": "2022-05-03",
        "acceptedDate": "2022-05-03 16:08:50",
        "calendarYear": "2022",
        "period": "Q1",
        "revenue": 1768000000,
        "costOfRevenue": 479000000,
        "grossProfit": 1289000000,
        "grossProfitRatio": 0.7290723982,
        "researchAndDevelopmentExpenses": 346000000,
        "generalAndAdministrativeExpenses": 214000000,
        "sellingAndMarketingExpenses": 252000000,
        "sellingGeneralAndAdministrativeExpenses": 466000000,
        "otherExpenses": 0,
        "operatingExpenses": 812000000,
        "costAndExpenses": 1291000000,
        "interestIncome": 1000000,
        "interestExpense": 27000000,
        "depreciationAndAmortization": 117000000,
        "ebitda": 609000000,
        "ebitdaratio": 0.3444570136,
        "operatingIncome": 479000000,
        "operatingIncomeRatio": 0.2709276018,
        "totalOtherIncomeExpensesNet": -14000000,
        "incomeBeforeTax": 465000000,
        "incomeBeforeTaxRatio": 0.2630090498,
        "incomeTaxExpense": 70000000,
        "netIncome": 395000000,
        "netIncomeRatio": 0.2234162896,
        "eps": 0.5,
        "epsdiluted": 0.5,
        "weightedAverageShsOut": 780000000,
        "weightedAverageShsOutDil": 786000000,
        "link": "https://www.sec.gov/Archives/edgar/data/718877/000162828022011987/0001628280-22-011987-index.htm",
        "finalLink": "https://www.sec.gov/Archives/edgar/data/718877/000162828022011987/atvi-20220331.htm"
    },
    {
        "date": "2021-12-31",
        "symbol": "ATVI",
        "reportedCurrency": "USD",
        "cik": "0000718877",
        "fillingDate": "2022-02-25",
        "acceptedDate": "2022-02-25 16:21:05",
        "calendarYear": "2021",
        "period": "Q4",
        "revenue": 2163000000,
        "costOfRevenue": 657000000,
        "grossProfit": 1506000000,
        "grossProfitRatio": 0.6962552011,
        "researchAndDevelopmentExpenses": 321000000,
        "generalAndAdministrativeExpenses": 174000000,
        "sellingAndMarketingExpenses": 299000000,
        "sellingGeneralAndAdministrativeExpenses": 473000000,
        "otherExpenses": 0,
        "operatingExpenses": 794000000,
        "costAndExpenses": 1451000000,
        "interestIncome": 1000000,
        "interestExpense": 27000000,
        "depreciationAndAmortization": 115000000,
        "ebitda": 779000000,
        "ebitdaratio": 0.3601479427,
        "operatingIncome": 712000000,
        "operatingIncomeRatio": 0.3291724457,
        "totalOtherIncomeExpensesNet": -75000000,
        "incomeBeforeTax": 637000000,
        "incomeBeforeTaxRatio": 0.2944983819,
        "incomeTaxExpense": 73000000,
        "netIncome": 564000000,
        "netIncomeRatio": 0.2607489598,
        "eps": 0.72,
        "epsdiluted": 0.72,
        "weightedAverageShsOut": 779000000,
        "weightedAverageShsOutDil": 782000000,
        "link": "https://www.sec.gov/Archives/edgar/data/718877/000162828022003992/0001628280-22-003992-index.htm",
        "finalLink": "https://www.sec.gov/Archives/edgar/data/718877/000162828022003992/atvi-20211231.htm"
    },
    {
        "date": "2021-09-30",
        "symbol": "ATVI",
        "reportedCurrency": "USD",
        "cik": "0000718877",
        "fillingDate": "2021-11-02",
        "acceptedDate": "2021-11-02 16:33:40",
        "calendarYear": "2021",
        "period": "Q3",
        "revenue": 2070000000,
        "costOfRevenue": 527000000,
        "grossProfit": 1543000000,
        "grossProfitRatio": 0.745410628,
        "researchAndDevelopmentExpenses": 329000000,
        "generalAndAdministrativeExpenses": 143000000,
        "sellingAndMarketingExpenses": 244000000,
        "sellingGeneralAndAdministrativeExpenses": 387000000,
        "otherExpenses": 0,
        "operatingExpenses": 716000000,
        "costAndExpenses": 1243000000,
        "interestIncome": 1000000,
        "interestExpense": 27000000,
        "depreciationAndAmortization": 96000000,
        "ebitda": 882000000,
        "ebitdaratio": 0.4260869565,
        "operatingIncome": 824000000,
        "operatingIncomeRatio": 0.3980676329,
        "totalOtherIncomeExpensesNet": -65000000,
        "incomeBeforeTax": 759000000,
        "incomeBeforeTaxRatio": 0.3666666667,
        "incomeTaxExpense": 120000000,
        "netIncome": 639000000,
        "netIncomeRatio": 0.3086956522,
        "eps": 0.82,
        "epsdiluted": 0.82,
        "weightedAverageShsOut": 778000000,
        "weightedAverageShsOutDil": 783000000,
        "link": "https://www.sec.gov/Archives/edgar/data/718877/000162828021021200/0001628280-21-021200-index.htm",
        "finalLink": "https://www.sec.gov/Archives/edgar/data/718877/000162828021021200/atvi-20210930.htm"
    },
    {
        "date": "2021-06-30",
        "symbol": "ATVI",
        "reportedCurrency": "USD",
        "cik": "0000718877",
        "fillingDate": "2021-08-03",
        "acceptedDate": "2021-08-03 16:40:04",
        "calendarYear": "2021",
        "period": "Q2",
        "revenue": 2296000000,
        "costOfRevenue": 555000000,
        "grossProfit": 1741000000,
        "grossProfitRatio": 0.7582752613,
        "researchAndDevelopmentExpenses": 335000000,
        "generalAndAdministrativeExpenses": 189000000,
        "sellingAndMarketingExpenses": 245000000,
        "sellingGeneralAndAdministrativeExpenses": 434000000,
        "otherExpenses": 0,
        "operatingExpenses": 769000000,
        "costAndExpenses": 1324000000,
        "interestIncome": 1000000,
        "interestExpense": 27000000,
        "depreciationAndAmortization": 125000000,
        "ebitda": 1154000000,
        "ebitdaratio": 0.5026132404,
        "operatingIncome": 959000000,
        "operatingIncomeRatio": 0.4176829268,
        "totalOtherIncomeExpensesNet": 43000000,
        "incomeBeforeTax": 1002000000,
        "incomeBeforeTaxRatio": 0.4364111498,
        "incomeTaxExpense": 126000000,
        "netIncome": 876000000,
        "netIncomeRatio": 0.381533101,
        "eps": 1.13,
        "epsdiluted": 1.12,
        "weightedAverageShsOut": 777000000,
        "weightedAverageShsOutDil": 783000000,
        "link": "https://www.sec.gov/Archives/edgar/data/718877/000162828021015351/0001628280-21-015351-index.htm",
        "finalLink": "https://www.sec.gov/Archives/edgar/data/718877/000162828021015351/atvi-20210630.htm"
    },
    {
        "date": "2021-03-31",
        "symbol": "ATVI",
        "reportedCurrency": "USD",
        "cik": "0000718877",
        "fillingDate": "2021-05-04",
        "acceptedDate": "2021-05-04 16:34:25",
        "calendarYear": "2021",
        "period": "Q1",
        "revenue": 2275000000,
        "costOfRevenue": 578000000,
        "grossProfit": 1697000000,
        "grossProfitRatio": 0.7459340659,
        "researchAndDevelopmentExpenses": 353000000,
        "generalAndAdministrativeExpenses": 282000000,
        "sellingAndMarketingExpenses": 237000000,
        "sellingGeneralAndAdministrativeExpenses": 519000000,
        "otherExpenses": 0,
        "operatingExpenses": 872000000,
        "costAndExpenses": 1450000000,
        "interestIncome": 1000000,
        "interestExpense": 28000000,
        "depreciationAndAmortization": 155000000,
        "ebitda": 948000000,
        "ebitdaratio": 0.4167032967,
        "operatingIncome": 795000000,
        "operatingIncomeRatio": 0.3494505495,
        "totalOtherIncomeExpensesNet": -30000000,
        "incomeBeforeTax": 765000000,
        "incomeBeforeTaxRatio": 0.3362637363,
        "incomeTaxExpense": 146000000,
        "netIncome": 619000000,
        "netIncomeRatio": 0.2720879121,
        "eps": 0.8,
        "epsdiluted": 0.79,
        "weightedAverageShsOut": 775000000,
        "weightedAverageShsOutDil": 783000000,
        "link": "https://www.sec.gov/Archives/edgar/data/718877/000162828021008889/0001628280-21-008889-index.htm",
        "finalLink": "https://www.sec.gov/Archives/edgar/data/718877/000162828021008889/atvi-20210331.htm"
    },
    {
        "date": "2020-12-31",
        "symbol": "ATVI",
        "reportedCurrency": "USD",
        "cik": "0000718877",
        "fillingDate": "2021-02-23",
        "acceptedDate": "2021-02-23 16:19:41",
        "calendarYear": "2020",
        "period": "Q4",
        "revenue": 2413000000,
        "costOfRevenue": 818000000,
        "grossProfit": 1595000000,
        "grossProfitRatio": 0.661002901,
        "researchAndDevelopmentExpenses": 350000000,
        "generalAndAdministrativeExpenses": 255000000,
        "sellingAndMarketingExpenses": 341000000,
        "sellingGeneralAndAdministrativeExpenses": 596000000,
        "otherExpenses": -5000000,
        "operatingExpenses": 946000000,
        "costAndExpenses": 1764000000,
        "interestIncome": 1000000,
        "interestExpense": 27000000,
        "depreciationAndAmortization": 170000000,
        "ebitda": 760000000,
        "ebitdaratio": 0.3149606299,
        "operatingIncome": 594000000,
        "operatingIncomeRatio": 0.2461665976,
        "totalOtherIncomeExpensesNet": -32000000,
        "incomeBeforeTax": 563000000,
        "incomeBeforeTaxRatio": 0.2333195193,
        "incomeTaxExpense": 55000000,
        "netIncome": 508000000,
        "netIncomeRatio": 0.2105263158,
        "eps": 0.66,
        "epsdiluted": 0.65,
        "weightedAverageShsOut": 773000000,
        "weightedAverageShsOutDil": 780000000,
        "link": "https://www.sec.gov/Archives/edgar/data/718877/000162828021002828/0001628280-21-002828-index.htm",
        "finalLink": "https://www.sec.gov/Archives/edgar/data/718877/000162828021002828/atvi-20201231.htm"
    },
    {
        "date": "2020-09-30",
        "symbol": "ATVI",
        "reportedCurrency": "USD",
        "cik": "0000718877",
        "fillingDate": "2020-10-29",
        "acceptedDate": "2020-10-29 16:33:48",
        "calendarYear": "2020",
        "period": "Q3",
        "revenue": 1954000000,
        "costOfRevenue": 469000000,
        "grossProfit": 1485000000,
        "grossProfitRatio": 0.7599795292,
        "researchAndDevelopmentExpenses": 274000000,
        "generalAndAdministrativeExpenses": 186000000,
        "sellingAndMarketingExpenses": 238000000,
        "sellingGeneralAndAdministrativeExpenses": 424000000,
        "otherExpenses": 0,
        "operatingExpenses": 698000000,
        "costAndExpenses": 1167000000,
        "interestIncome": 1000000,
        "interestExpense": 27000000,
        "depreciationAndAmortization": 98000000,
        "ebitda": 847000000,
        "ebitdaratio": 0.4334698055,
        "operatingIncome": 778000000,
        "operatingIncomeRatio": 0.3981576254,
        "totalOtherIncomeExpensesNet": -56000000,
        "incomeBeforeTax": 722000000,
        "incomeBeforeTaxRatio": 0.3694984647,
        "incomeTaxExpense": 118000000,
        "netIncome": 604000000,
        "netIncomeRatio": 0.3091095189,
        "eps": 0.78,
        "epsdiluted": 0.78,
        "weightedAverageShsOut": 772000000,
        "weightedAverageShsOutDil": 779000000,
        "link": "https://www.sec.gov/Archives/edgar/data/718877/000162828020015105/0001628280-20-015105-index.htm",
        "finalLink": "https://www.sec.gov/Archives/edgar/data/718877/000162828020015105/atvi-20200930.htm"
    },
    {
        "date": "2020-06-30",
        "symbol": "ATVI",
        "reportedCurrency": "USD",
        "cik": "0000718877",
        "fillingDate": "2020-08-04",
        "acceptedDate": "2020-08-04 17:16:09",
        "calendarYear": "2020",
        "period": "Q2",
        "revenue": 1932000000,
        "costOfRevenue": 469000000,
        "grossProfit": 1463000000,
        "grossProfitRatio": 0.7572463768,
        "researchAndDevelopmentExpenses": 291000000,
        "generalAndAdministrativeExpenses": 175000000,
        "sellingAndMarketingExpenses": 242000000,
        "sellingGeneralAndAdministrativeExpenses": 417000000,
        "otherExpenses": 0,
        "operatingExpenses": 708000000,
        "costAndExpenses": 1177000000,
        "interestIncome": 2000000,
        "interestExpense": 23000000,
        "depreciationAndAmortization": 88000000,
        "ebitda": 838000000,
        "ebitdaratio": 0.433747412,
        "operatingIncome": 749000000,
        "operatingIncomeRatio": 0.3876811594,
        "totalOtherIncomeExpensesNet": -22000000,
        "incomeBeforeTax": 727000000,
        "incomeBeforeTaxRatio": 0.3762939959,
        "incomeTaxExpense": 147000000,
        "netIncome": 580000000,
        "netIncomeRatio": 0.3002070393,
        "eps": 0.75,
        "epsdiluted": 0.75,
        "weightedAverageShsOut": 771000000,
        "weightedAverageShsOutDil": 776000000,
        "link": "https://www.sec.gov/Archives/edgar/data/718877/000162828020011664/0001628280-20-011664-index.htm",
        "finalLink": "https://www.sec.gov/Archives/edgar/data/718877/000162828020011664/atvi-20200630.htm"
    },
    {
        "date": "2020-03-31",
        "symbol": "ATVI",
        "reportedCurrency": "USD",
        "cik": "0000718877",
        "fillingDate": "2020-05-05",
        "acceptedDate": "2020-05-05 16:31:55",
        "calendarYear": "2020",
        "period": "Q1",
        "revenue": 1779000000,
        "costOfRevenue": 505000000,
        "grossProfit": 1283000000,
        "grossProfitRatio": 0.7211916807,
        "researchAndDevelopmentExpenses": 238000000,
        "generalAndAdministrativeExpenses": 167000000,
        "sellingAndMarketingExpenses": 243000000,
        "sellingGeneralAndAdministrativeExpenses": 410000000,
        "otherExpenses": 0,
        "operatingExpenses": 648000000,
        "costAndExpenses": 1153000000,
        "interestIncome": 16000000,
        "interestExpense": 23000000,
        "depreciationAndAmortization": 155000000,
        "ebitda": 782000000,
        "ebitdaratio": 0.4395727937,
        "operatingIncome": 612000000,
        "operatingIncomeRatio": 0.3440134907,
        "totalOtherIncomeExpensesNet": -8000000,
        "incomeBeforeTax": 604000000,
        "incomeBeforeTaxRatio": 0.3395165823,
        "incomeTaxExpense": 99000000,
        "netIncome": 505000000,
        "netIncomeRatio": 0.2838673412,
        "eps": 0.66,
        "epsdiluted": 0.65,
        "weightedAverageShsOut": 769000000,
        "weightedAverageShsOutDil": 774000000,
        "link": "https://www.sec.gov/Archives/edgar/data/718877/000162828020006454/0001628280-20-006454-index.htm",
        "finalLink": "https://www.sec.gov/Archives/edgar/data/718877/000162828020006454/atvi-3312020x10xq.htm"
    },
    {
        "date": "2019-12-31",
        "symbol": "ATVI",
        "reportedCurrency": "USD",
        "cik": "0000718877",
        "fillingDate": "2020-02-27",
        "acceptedDate": "2020-02-27 15:23:29",
        "calendarYear": "2019",
        "period": "Q4",
        "revenue": 1971000000,
        "costOfRevenue": 656000000,
        "grossProfit": 1330000000,
        "grossProfitRatio": 0.6747843734,
        "researchAndDevelopmentExpenses": 296000000,
        "generalAndAdministrativeExpenses": 205000000,
        "sellingAndMarketingExpenses": 346000000,
        "sellingGeneralAndAdministrativeExpenses": 551000000,
        "otherExpenses": 0,
        "operatingExpenses": 847000000,
        "costAndExpenses": 1503000000,
        "interestIncome": 18000000,
        "interestExpense": 22000000,
        "depreciationAndAmortization": 159000000,
        "ebitda": 628000000,
        "ebitdaratio": 0.3186199899,
        "operatingIncome": 454000000,
        "operatingIncomeRatio": 0.230339929,
        "totalOtherIncomeExpensesNet": -7000000,
        "incomeBeforeTax": 447000000,
        "incomeBeforeTaxRatio": 0.2267884323,
        "incomeTaxExpense": -78000000,
        "netIncome": 525000000,
        "netIncomeRatio": 0.2663622527,
        "eps": 0.68,
        "epsdiluted": 0.68,
        "weightedAverageShsOut": 768000000,
        "weightedAverageShsOutDil": 773000000,
        "link": "https://www.sec.gov/Archives/edgar/data/718877/000071887720000003/0000718877-20-000003-index.htm",
        "finalLink": "https://www.sec.gov/Archives/edgar/data/718877/000071887720000003/atvi-12312019x10xk.htm"
    },
    {
        "date": "2019-09-30",
        "symbol": "ATVI",
        "reportedCurrency": "USD",
        "cik": "0000718877",
        "fillingDate": "2019-11-07",
        "acceptedDate": "2019-11-07 16:50:01",
        "calendarYear": "2019",
        "period": "Q3",
        "revenue": 1275000000,
        "costOfRevenue": 442000000,
        "grossProfit": 840000000,
        "grossProfitRatio": 0.6588235294,
        "researchAndDevelopmentExpenses": 210000000,
        "generalAndAdministrativeExpenses": 177000000,
        "sellingAndMarketingExpenses": 182000000,
        "sellingGeneralAndAdministrativeExpenses": 359000000,
        "otherExpenses": 0,
        "operatingExpenses": 569000000,
        "costAndExpenses": 1011000000,
        "interestIncome": 20000000,
        "interestExpense": 23000000,
        "depreciationAndAmortization": 105000000,
        "ebitda": 377000000,
        "ebitdaratio": 0.2956862745,
        "operatingIncome": 247000000,
        "operatingIncomeRatio": 0.1937254902,
        "totalOtherIncomeExpensesNet": 2000000,
        "incomeBeforeTax": 249000000,
        "incomeBeforeTaxRatio": 0.1952941176,
        "incomeTaxExpense": 45000000,
        "netIncome": 204000000,
        "netIncomeRatio": 0.16,
        "eps": 0.27,
        "epsdiluted": 0.26,
        "weightedAverageShsOut": 767000000,
        "weightedAverageShsOutDil": 771000000,
        "link": "https://www.sec.gov/Archives/edgar/data/718877/000071887719000021/0000718877-19-000021-index.htm",
        "finalLink": "https://www.sec.gov/Archives/edgar/data/718877/000071887719000021/atvi-9302019x10xq.htm"
    },
    {
        "date": "2019-06-30",
        "symbol": "ATVI",
        "reportedCurrency": "USD",
        "cik": "0000718877",
        "fillingDate": "2019-08-08",
        "acceptedDate": "2019-08-08 16:32:39",
        "calendarYear": "2019",
        "period": "Q2",
        "revenue": 1396000000,
        "costOfRevenue": 433000000,
        "grossProfit": 963000000,
        "grossProfitRatio": 0.6898280802,
        "researchAndDevelopmentExpenses": 244000000,
        "generalAndAdministrativeExpenses": 170000000,
        "sellingAndMarketingExpenses": 191000000,
        "sellingGeneralAndAdministrativeExpenses": 361000000,
        "otherExpenses": 0,
        "operatingExpenses": 605000000,
        "costAndExpenses": 1038000000,
        "interestIncome": 19000000,
        "interestExpense": 23000000,
        "depreciationAndAmortization": 128000000,
        "ebitda": 521000000,
        "ebitdaratio": 0.3732091691,
        "operatingIncome": 336000000,
        "operatingIncomeRatio": 0.2406876791,
        "totalOtherIncomeExpensesNet": 34000000,
        "incomeBeforeTax": 370000000,
        "incomeBeforeTaxRatio": 0.2650429799,
        "incomeTaxExpense": 42000000,
        "netIncome": 328000000,
        "netIncomeRatio": 0.2349570201,
        "eps": 0.43,
        "epsdiluted": 0.43,
        "weightedAverageShsOut": 766000000,
        "weightedAverageShsOutDil": 770000000,
        "link": "https://www.sec.gov/Archives/edgar/data/718877/000071887719000015/0000718877-19-000015-index.htm",
        "finalLink": "https://www.sec.gov/Archives/edgar/data/718877/000071887719000015/atvi-6302019x10xq.htm"
    },
    {
        "date": "2019-03-31",
        "symbol": "ATVI",
        "reportedCurrency": "USD",
        "cik": "0000718877",
        "fillingDate": "2019-05-02",
        "acceptedDate": "2019-05-02 17:06:17",
        "calendarYear": "2019",
        "period": "Q1",
        "revenue": 1814000000,
        "costOfRevenue": 563000000,
        "grossProfit": 1262000000,
        "grossProfitRatio": 0.6957001103,
        "researchAndDevelopmentExpenses": 249000000,
        "generalAndAdministrativeExpenses": 179000000,
        "sellingAndMarketingExpenses": 207000000,
        "sellingGeneralAndAdministrativeExpenses": 386000000,
        "otherExpenses": 0,
        "operatingExpenses": 635000000,
        "costAndExpenses": 1198000000,
        "interestIncome": 0,
        "interestExpense": 3000000,
        "depreciationAndAmortization": 191000000,
        "ebitda": 781000000,
        "ebitdaratio": 0.4305402426,
        "operatingIncome": 570000000,
        "operatingIncomeRatio": 0.3142227122,
        "totalOtherIncomeExpensesNet": -3000000,
        "incomeBeforeTax": 567000000,
        "incomeBeforeTaxRatio": 0.3125689085,
        "incomeTaxExpense": 120000000,
        "netIncome": 447000000,
        "netIncomeRatio": 0.2464167585,
        "eps": 0.58,
        "epsdiluted": 0.58,
        "weightedAverageShsOut": 764000000,
        "weightedAverageShsOutDil": 770000000,
        "link": "https://www.sec.gov/Archives/edgar/data/718877/000071887719000004/0000718877-19-000004-index.htm",
        "finalLink": "https://www.sec.gov/Archives/edgar/data/718877/000071887719000004/atvi-3312019x10xq.htm"
    },
    {
        "date": "2018-12-31",
        "symbol": "ATVI",
        "reportedCurrency": "USD",
        "cik": "0000718877",
        "fillingDate": "2019-02-28",
        "acceptedDate": "2019-02-28 16:25:21",
        "calendarYear": "2018",
        "period": "Q4",
        "revenue": 2381000000,
        "costOfRevenue": 832000000,
        "grossProfit": 1549000000,
        "grossProfitRatio": 0.6505669887,
        "researchAndDevelopmentExpenses": 325000000,
        "generalAndAdministrativeExpenses": 209000000,
        "sellingAndMarketingExpenses": 321000000,
        "sellingGeneralAndAdministrativeExpenses": 530000000,
        "otherExpenses": 0,
        "operatingExpenses": 855000000,
        "costAndExpenses": 1687000000,
        "interestIncome": 0,
        "interestExpense": 0,
        "depreciationAndAmortization": 375000000,
        "ebitda": 1087000000,
        "ebitdaratio": 0.4565308694,
        "operatingIncome": 694000000,
        "operatingIncomeRatio": 0.2914741705,
        "totalOtherIncomeExpensesNet": -4000000,
        "incomeBeforeTax": 690000000,
        "incomeBeforeTaxRatio": 0.2897942041,
        "incomeTaxExpense": 40000000,
        "netIncome": 650000000,
        "netIncomeRatio": 0.2729945401,
        "eps": 0.85,
        "epsdiluted": 0.84,
        "weightedAverageShsOut": 763000000,
        "weightedAverageShsOutDil": 771000000,
        "link": "https://www.sec.gov/Archives/edgar/data/718877/000104746919000788/0001047469-19-000788-index.htm",
        "finalLink": "https://www.sec.gov/Archives/edgar/data/718877/000104746919000788/a2237840z10-k.htm"
    },
    {
        "date": "2018-09-30",
        "symbol": "ATVI",
        "reportedCurrency": "USD",
        "cik": "0000718877",
        "fillingDate": "2018-11-08",
        "acceptedDate": "2018-11-08 16:41:12",
        "calendarYear": "2018",
        "period": "Q3",
        "revenue": 1512000000,
        "costOfRevenue": 513000000,
        "grossProfit": 999000000,
        "grossProfitRatio": 0.6607142857,
        "researchAndDevelopmentExpenses": 263000000,
        "generalAndAdministrativeExpenses": 208000000,
        "sellingAndMarketingExpenses": 263000000,
        "sellingGeneralAndAdministrativeExpenses": 471000000,
        "otherExpenses": 0,
        "operatingExpenses": 734000000,
        "costAndExpenses": 1247000000,
        "interestIncome": 0,
        "interestExpense": 13000000,
        "depreciationAndAmortization": 150000000,
        "ebitda": 395000000,
        "ebitdaratio": 0.2612433862,
        "operatingIncome": 265000000,
        "operatingIncomeRatio": 0.1752645503,
        "totalOtherIncomeExpensesNet": -53000000,
        "incomeBeforeTax": 212000000,
        "incomeBeforeTaxRatio": 0.1402116402,
        "incomeTaxExpense": -48000000,
        "netIncome": 260000000,
        "netIncomeRatio": 0.171957672,
        "eps": 0.34,
        "epsdiluted": 0.34,
        "weightedAverageShsOut": 763000000,
        "weightedAverageShsOutDil": 771000000,
        "link": "https://www.sec.gov/Archives/edgar/data/718877/000110465918067000/0001104659-18-067000-index.htm",
        "finalLink": "https://www.sec.gov/Archives/edgar/data/718877/000110465918067000/a18-19034_110q.htm"
    },
    {
        "date": "2018-06-30",
        "symbol": "ATVI",
        "reportedCurrency": "USD",
        "cik": "0000718877",
        "fillingDate": "2018-08-02",
        "acceptedDate": "2018-08-02 17:22:13",
        "calendarYear": "2018",
        "period": "Q2",
        "revenue": 1641000000,
        "costOfRevenue": 510000000,
        "grossProfit": 1131000000,
        "grossProfitRatio": 0.689213894,
        "researchAndDevelopmentExpenses": 255000000,
        "generalAndAdministrativeExpenses": 216000000,
        "sellingAndMarketingExpenses": 226000000,
        "sellingGeneralAndAdministrativeExpenses": 442000000,
        "otherExpenses": 0,
        "operatingExpenses": 697000000,
        "costAndExpenses": 1207000000,
        "interestIncome": 0,
        "interestExpense": 26000000,
        "depreciationAndAmortization": 168000000,
        "ebitda": 619000000,
        "ebitdaratio": 0.3772090189,
        "operatingIncome": 434000000,
        "operatingIncomeRatio": 0.2644728824,
        "totalOtherIncomeExpensesNet": -26000000,
        "incomeBeforeTax": 408000000,
        "incomeBeforeTaxRatio": 0.2486288848,
        "incomeTaxExpense": 6000000,
        "netIncome": 402000000,
        "netIncomeRatio": 0.2449725777,
        "eps": 0.53,
        "epsdiluted": 0.52,
        "weightedAverageShsOut": 761000000,
        "weightedAverageShsOutDil": 770000000,
        "link": "https://www.sec.gov/Archives/edgar/data/718877/000110465918049238/0001104659-18-049238-index.htm",
        "finalLink": "https://www.sec.gov/Archives/edgar/data/718877/000110465918049238/a18-14094_110q.htm"
    },
    {
        "date": "2018-03-31",
        "symbol": "ATVI",
        "reportedCurrency": "USD",
        "cik": "0000718877",
        "fillingDate": "2018-05-03",
        "acceptedDate": "2018-05-03 16:46:29",
        "calendarYear": "2018",
        "period": "Q1",
        "revenue": 1965000000,
        "costOfRevenue": 662000000,
        "grossProfit": 1303000000,
        "grossProfitRatio": 0.6631043257,
        "researchAndDevelopmentExpenses": 259000000,
        "generalAndAdministrativeExpenses": 198000000,
        "sellingAndMarketingExpenses": 251000000,
        "sellingGeneralAndAdministrativeExpenses": 449000000,
        "otherExpenses": 0,
        "operatingExpenses": 708000000,
        "costAndExpenses": 1370000000,
        "interestIncome": 0,
        "interestExpense": 28000000,
        "depreciationAndAmortization": 305000000,
        "ebitda": 914000000,
        "ebitdaratio": 0.4651399491,
        "operatingIncome": 595000000,
        "operatingIncomeRatio": 0.3027989822,
        "totalOtherIncomeExpensesNet": -28000000,
        "incomeBeforeTax": 567000000,
        "incomeBeforeTaxRatio": 0.2885496183,
        "incomeTaxExpense": 67000000,
        "netIncome": 500000000,
        "netIncomeRatio": 0.2544529262,
        "eps": 0.66,
        "epsdiluted": 0.65,
        "weightedAverageShsOut": 759000000,
        "weightedAverageShsOutDil": 770000000,
        "link": "https://www.sec.gov/Archives/edgar/data/718877/000110465918030305/0001104659-18-030305-index.htm",
        "finalLink": "https://www.sec.gov/Archives/edgar/data/718877/000110465918030305/a18-8669_110q.htm"
    },
    {
        "date": "2017-12-31",
        "symbol": "ATVI",
        "reportedCurrency": "USD",
        "cik": "0000718877",
        "fillingDate": "2018-02-27",
        "acceptedDate": "2018-02-27 16:43:26",
        "calendarYear": "2017",
        "period": "Q4",
        "revenue": 2043000000,
        "costOfRevenue": 803000000,
        "grossProfit": 1240000000,
        "grossProfitRatio": 0.6069505629,
        "researchAndDevelopmentExpenses": 318000000,
        "generalAndAdministrativeExpenses": 222000000,
        "sellingAndMarketingExpenses": 479000000,
        "sellingGeneralAndAdministrativeExpenses": 701000000,
        "otherExpenses": 0,
        "operatingExpenses": 1019000000,
        "costAndExpenses": 1822000000,
        "interestIncome": 0,
        "interestExpense": 23000000,
        "depreciationAndAmortization": 327000000,
        "ebitda": 554000000,
        "ebitdaratio": 0.2711698483,
        "operatingIncome": 221000000,
        "operatingIncomeRatio": 0.1081742535,
        "totalOtherIncomeExpensesNet": -36000000,
        "incomeBeforeTax": 185000000,
        "incomeBeforeTaxRatio": 0.0905531082,
        "incomeTaxExpense": 769000000,
        "netIncome": -584000000,
        "netIncomeRatio": -0.2858541361,
        "eps": -0.77,
        "epsdiluted": -0.77,
        "weightedAverageShsOut": 757000000,
        "weightedAverageShsOutDil": 757000000,
        "link": "https://www.sec.gov/Archives/edgar/data/718877/000104746918001114/0001047469-18-001114-index.htm",
        "finalLink": "https://www.sec.gov/Archives/edgar/data/718877/000104746918001114/a2234634z10-k.htm"
    },
    {
        "date": "2017-09-30",
        "symbol": "ATVI",
        "reportedCurrency": "USD",
        "cik": "0000718877",
        "fillingDate": "2017-11-02",
        "acceptedDate": "2017-11-02 16:55:58",
        "calendarYear": "2017",
        "period": "Q3",
        "revenue": 1618000000,
        "costOfRevenue": 552000000,
        "grossProfit": 1066000000,
        "grossProfitRatio": 0.6588380717,
        "researchAndDevelopmentExpenses": 273000000,
        "generalAndAdministrativeExpenses": 191000000,
        "sellingAndMarketingExpenses": 345000000,
        "sellingGeneralAndAdministrativeExpenses": 536000000,
        "otherExpenses": 0,
        "operatingExpenses": 809000000,
        "costAndExpenses": 1361000000,
        "interestIncome": 0,
        "interestExpense": 37000000,
        "depreciationAndAmortization": 254000000,
        "ebitda": 515000000,
        "ebitdaratio": 0.3182941904,
        "operatingIncome": 257000000,
        "operatingIncomeRatio": 0.1588380717,
        "totalOtherIncomeExpensesNet": -37000000,
        "incomeBeforeTax": 220000000,
        "incomeBeforeTaxRatio": 0.1359703337,
        "incomeTaxExpense": 32000000,
        "netIncome": 188000000,
        "netIncomeRatio": 0.1161928307,
        "eps": 0.25,
        "epsdiluted": 0.25,
        "weightedAverageShsOut": 755000000,
        "weightedAverageShsOutDil": 766000000,
        "link": "https://www.sec.gov/Archives/edgar/data/718877/000110465917065731/0001104659-17-065731-index.htm",
        "finalLink": "https://www.sec.gov/Archives/edgar/data/718877/000110465917065731/a17-20649_110q.htm"
    },
    {
        "date": "2017-06-30",
        "symbol": "ATVI",
        "reportedCurrency": "USD",
        "cik": "0000718877",
        "fillingDate": "2017-08-03",
        "acceptedDate": "2017-08-03 16:53:56",
        "calendarYear": "2017",
        "period": "Q2",
        "revenue": 1631000000,
        "costOfRevenue": 561000000,
        "grossProfit": 1070000000,
        "grossProfitRatio": 0.6560392397,
        "researchAndDevelopmentExpenses": 252000000,
        "generalAndAdministrativeExpenses": 171000000,
        "sellingAndMarketingExpenses": 308000000,
        "sellingGeneralAndAdministrativeExpenses": 479000000,
        "otherExpenses": 0,
        "operatingExpenses": 731000000,
        "costAndExpenses": 1292000000,
        "interestIncome": 0,
        "interestExpense": 46000000,
        "depreciationAndAmortization": 305000000,
        "ebitda": 636000000,
        "ebitdaratio": 0.3899448191,
        "operatingIncome": 339000000,
        "operatingIncomeRatio": 0.207847946,
        "totalOtherIncomeExpensesNet": -46000000,
        "incomeBeforeTax": 293000000,
        "incomeBeforeTaxRatio": 0.1796443899,
        "incomeTaxExpense": 50000000,
        "netIncome": 243000000,
        "netIncomeRatio": 0.1489883507,
        "eps": 0.32,
        "epsdiluted": 0.32,
        "weightedAverageShsOut": 754000000,
        "weightedAverageShsOutDil": 764000000,
        "link": "https://www.sec.gov/Archives/edgar/data/718877/000110465917049333/0001104659-17-049333-index.htm",
        "finalLink": "https://www.sec.gov/Archives/edgar/data/718877/000110465917049333/a17-13370_110q.htm"
    },
    {
        "date": "2017-03-31",
        "symbol": "ATVI",
        "reportedCurrency": "USD",
        "cik": "0000718877",
        "fillingDate": "2017-05-04",
        "acceptedDate": "2017-05-04 16:37:46",
        "calendarYear": "2017",
        "period": "Q1",
        "revenue": 1726000000,
        "costOfRevenue": 585000000,
        "grossProfit": 1141000000,
        "grossProfitRatio": 0.6610660487,
        "researchAndDevelopmentExpenses": 225000000,
        "generalAndAdministrativeExpenses": 177000000,
        "sellingAndMarketingExpenses": 246000000,
        "sellingGeneralAndAdministrativeExpenses": 423000000,
        "otherExpenses": 0,
        "operatingExpenses": 648000000,
        "costAndExpenses": 1233000000,
        "interestIncome": 0,
        "interestExpense": 40000000,
        "depreciationAndAmortization": 313000000,
        "ebitda": 806000000,
        "ebitdaratio": 0.4669756663,
        "operatingIncome": 493000000,
        "operatingIncomeRatio": 0.285631518,
        "totalOtherIncomeExpensesNet": -40000000,
        "incomeBeforeTax": 453000000,
        "incomeBeforeTaxRatio": 0.2624565469,
        "incomeTaxExpense": 27000000,
        "netIncome": 426000000,
        "netIncomeRatio": 0.2468134415,
        "eps": 0.57,
        "epsdiluted": 0.56,
        "weightedAverageShsOut": 749000000,
        "weightedAverageShsOutDil": 761000000,
        "link": "https://www.sec.gov/Archives/edgar/data/718877/000110465917029920/0001104659-17-029920-index.htm",
        "finalLink": "https://www.sec.gov/Archives/edgar/data/718877/000110465917029920/a17-8921_110q.htm"
    },
    {
        "date": "2016-12-31",
        "symbol": "ATVI",
        "reportedCurrency": "USD",
        "cik": "0000718877",
        "fillingDate": "2017-02-28",
        "acceptedDate": "2017-02-28 17:25:26",
        "calendarYear": "2016",
        "period": "Q4",
        "revenue": 2014000000,
        "costOfRevenue": 776000000,
        "grossProfit": 1238000000,
        "grossProfitRatio": 0.6146971202,
        "researchAndDevelopmentExpenses": 285000000,
        "generalAndAdministrativeExpenses": 148000000,
        "sellingAndMarketingExpenses": 380000000,
        "sellingGeneralAndAdministrativeExpenses": 528000000,
        "otherExpenses": 0,
        "operatingExpenses": 813000000,
        "costAndExpenses": 1589000000,
        "interestIncome": 0,
        "interestExpense": 34000000,
        "depreciationAndAmortization": 318000000,
        "ebitda": 661000000,
        "ebitdaratio": 0.3282025819,
        "operatingIncome": 425000000,
        "operatingIncomeRatio": 0.2110228401,
        "totalOtherIncomeExpensesNet": -125000000,
        "incomeBeforeTax": 300000000,
        "incomeBeforeTaxRatio": 0.1489572989,
        "incomeTaxExpense": 46000000,
        "netIncome": 254000000,
        "netIncomeRatio": 0.1261171797,
        "eps": 0.34,
        "epsdiluted": 0.33,
        "weightedAverageShsOut": 744000000,
        "weightedAverageShsOutDil": 757000000,
        "link": "https://www.sec.gov/Archives/edgar/data/718877/000104746917001072/0001047469-17-001072-index.htm",
        "finalLink": "https://www.sec.gov/Archives/edgar/data/718877/000104746917001072/a2230993z10-k.htm"
    },
    {
        "date": "2016-09-30",
        "symbol": "ATVI",
        "reportedCurrency": "USD",
        "cik": "0000718877",
        "fillingDate": "2016-11-04",
        "acceptedDate": "2016-11-03 20:00:04",
        "calendarYear": "2016",
        "period": "Q3",
        "revenue": 1568000000,
        "costOfRevenue": 529000000,
        "grossProfit": 1039000000,
        "grossProfitRatio": 0.662627551,
        "researchAndDevelopmentExpenses": 249000000,
        "generalAndAdministrativeExpenses": 156000000,
        "sellingAndMarketingExpenses": 340000000,
        "sellingGeneralAndAdministrativeExpenses": 496000000,
        "otherExpenses": 0,
        "operatingExpenses": 745000000,
        "costAndExpenses": 1274000000,
        "interestIncome": 0,
        "interestExpense": 63000000,
        "depreciationAndAmortization": 226000000,
        "ebitda": 511000000,
        "ebitdaratio": 0.3258928571,
        "operatingIncome": 294000000,
        "operatingIncomeRatio": 0.1875,
        "totalOtherIncomeExpensesNet": -63000000,
        "incomeBeforeTax": 231000000,
        "incomeBeforeTaxRatio": 0.1473214286,
        "incomeTaxExpense": 32000000,
        "netIncome": 199000000,
        "netIncomeRatio": 0.1269132653,
        "eps": 0.27,
        "epsdiluted": 0.26,
        "weightedAverageShsOut": 742000000,
        "weightedAverageShsOutDil": 756000000,
        "link": "https://www.sec.gov/Archives/edgar/data/718877/000110465916154713/0001104659-16-154713-index.htm",
        "finalLink": "https://www.sec.gov/Archives/edgar/data/718877/000110465916154713/a16-17256_110q.htm"
    },
    {
        "date": "2016-06-30",
        "symbol": "ATVI",
        "reportedCurrency": "USD",
        "cik": "0000718877",
        "fillingDate": "2016-08-04",
        "acceptedDate": "2016-08-04 17:24:40",
        "calendarYear": "2016",
        "period": "Q2",
        "revenue": 1570000000,
        "costOfRevenue": 598000000,
        "grossProfit": 972000000,
        "grossProfitRatio": 0.6191082803,
        "researchAndDevelopmentExpenses": 249000000,
        "generalAndAdministrativeExpenses": 169000000,
        "sellingAndMarketingExpenses": 322000000,
        "sellingGeneralAndAdministrativeExpenses": 491000000,
        "otherExpenses": 0,
        "operatingExpenses": 740000000,
        "costAndExpenses": 1338000000,
        "interestIncome": 0,
        "interestExpense": 65000000,
        "depreciationAndAmortization": 349000000,
        "ebitda": 577000000,
        "ebitdaratio": 0.3675159236,
        "operatingIncome": 232000000,
        "operatingIncomeRatio": 0.1477707006,
        "totalOtherIncomeExpensesNet": -65000000,
        "incomeBeforeTax": 167000000,
        "incomeBeforeTaxRatio": 0.1063694268,
        "incomeTaxExpense": 40000000,
        "netIncome": 127000000,
        "netIncomeRatio": 0.0808917197,
        "eps": 0.17,
        "epsdiluted": 0.17,
        "weightedAverageShsOut": 739000000,
        "weightedAverageShsOutDil": 750000000,
        "link": "https://www.sec.gov/Archives/edgar/data/718877/000110465916137102/0001104659-16-137102-index.htm",
        "finalLink": "https://www.sec.gov/Archives/edgar/data/718877/000110465916137102/a16-16083_110q.htm"
    },
    {
        "date": "2016-03-31",
        "symbol": "ATVI",
        "reportedCurrency": "USD",
        "cik": "0000718877",
        "fillingDate": "2016-05-09",
        "acceptedDate": "2016-05-09 16:45:32",
        "calendarYear": "2016",
        "period": "Q1",
        "revenue": 1455000000,
        "costOfRevenue": 491000000,
        "grossProfit": 964000000,
        "grossProfitRatio": 0.6625429553,
        "researchAndDevelopmentExpenses": 175000000,
        "generalAndAdministrativeExpenses": 160000000,
        "sellingAndMarketingExpenses": 168000000,
        "sellingGeneralAndAdministrativeExpenses": 328000000,
        "otherExpenses": 0,
        "operatingExpenses": 503000000,
        "costAndExpenses": 994000000,
        "interestIncome": 0,
        "interestExpense": 52000000,
        "depreciationAndAmortization": 257000000,
        "ebitda": 461000000,
        "ebitdaratio": 0.316838488,
        "operatingIncome": 461000000,
        "operatingIncomeRatio": 0.316838488,
        "totalOtherIncomeExpensesNet": -52000000,
        "incomeBeforeTax": 409000000,
        "incomeBeforeTaxRatio": 0.2810996564,
        "incomeTaxExpense": 73000000,
        "netIncome": 336000000,
        "netIncomeRatio": 0.2309278351,
        "eps": 0.45,
        "epsdiluted": 0.45,
        "weightedAverageShsOut": 735000000,
        "weightedAverageShsOutDil": 746000000,
        "link": "https://www.sec.gov/Archives/edgar/data/718877/000110465916119270/0001104659-16-119270-index.htm",
        "finalLink": "https://www.sec.gov/Archives/edgar/data/718877/000110465916119270/a16-6657_110q.htm"
    },
    {
        "date": "2015-12-31",
        "symbol": "ATVI",
        "reportedCurrency": "USD",
        "cik": "0000718877",
        "fillingDate": "2016-02-29",
        "acceptedDate": "2016-02-29 16:31:30",
        "calendarYear": "2015",
        "period": "Q4",
        "revenue": 1353000000,
        "costOfRevenue": 538000000,
        "grossProfit": 815000000,
        "grossProfitRatio": 0.6023651146,
        "researchAndDevelopmentExpenses": 193000000,
        "generalAndAdministrativeExpenses": 83000000,
        "sellingAndMarketingExpenses": 289000000,
        "sellingGeneralAndAdministrativeExpenses": 372000000,
        "otherExpenses": 0,
        "operatingExpenses": 565000000,
        "costAndExpenses": 1103000000,
        "interestIncome": 0,
        "interestExpense": 47000000,
        "depreciationAndAmortization": -368000000,
        "ebitda": -119000000,
        "ebitdaratio": -0.0879526977,
        "operatingIncome": 250000000,
        "operatingIncomeRatio": 0.184774575,
        "totalOtherIncomeExpensesNet": -49000000,
        "incomeBeforeTax": 201000000,
        "incomeBeforeTaxRatio": 0.1485587583,
        "incomeTaxExpense": 42000000,
        "netIncome": 159000000,
        "netIncomeRatio": 0.1175166297,
        "eps": 0.22,
        "epsdiluted": 0.21,
        "weightedAverageShsOut": 733000000,
        "weightedAverageShsOutDil": 744000000,
        "link": "https://www.sec.gov/Archives/edgar/data/718877/000104746916010584/0001047469-16-010584-index.htm",
        "finalLink": "https://www.sec.gov/Archives/edgar/data/718877/000104746916010584/a2227483z10-k.htm"
    },
    {
        "date": "2015-09-30",
        "symbol": "ATVI",
        "reportedCurrency": "USD",
        "cik": "0000718877",
        "fillingDate": "2015-11-06",
        "acceptedDate": "2015-11-06 16:40:05",
        "calendarYear": "2015",
        "period": "Q3",
        "revenue": 990000000,
        "costOfRevenue": 337000000,
        "grossProfit": 653000000,
        "grossProfitRatio": 0.6595959596,
        "researchAndDevelopmentExpenses": 159000000,
        "generalAndAdministrativeExpenses": 109000000,
        "sellingAndMarketingExpenses": 189000000,
        "sellingGeneralAndAdministrativeExpenses": 298000000,
        "otherExpenses": 0,
        "operatingExpenses": 457000000,
        "costAndExpenses": 794000000,
        "interestIncome": 0,
        "interestExpense": 51000000,
        "depreciationAndAmortization": 103000000,
        "ebitda": 196000000,
        "ebitdaratio": 0.197979798,
        "operatingIncome": 196000000,
        "operatingIncomeRatio": 0.197979798,
        "totalOtherIncomeExpensesNet": -51000000,
        "incomeBeforeTax": 145000000,
        "incomeBeforeTaxRatio": 0.1464646465,
        "incomeTaxExpense": 18000000,
        "netIncome": 127000000,
        "netIncomeRatio": 0.1282828283,
        "eps": 0.17,
        "epsdiluted": 0.17,
        "weightedAverageShsOut": 730000000,
        "weightedAverageShsOutDil": 739000000,
        "link": "https://www.sec.gov/Archives/edgar/data/718877/000110465915076727/0001104659-15-076727-index.htm",
        "finalLink": "https://www.sec.gov/Archives/edgar/data/718877/000110465915076727/a15-18056_110q.htm"
    },
    {
        "date": "2015-06-30",
        "symbol": "ATVI",
        "reportedCurrency": "USD",
        "cik": "0000718877",
        "fillingDate": "2015-08-04",
        "acceptedDate": "2015-08-04 16:35:47",
        "calendarYear": "2015",
        "period": "Q2",
        "revenue": 1044000000,
        "costOfRevenue": 297000000,
        "grossProfit": 747000000,
        "grossProfitRatio": 0.7155172414,
        "researchAndDevelopmentExpenses": 149000000,
        "generalAndAdministrativeExpenses": 102000000,
        "sellingAndMarketingExpenses": 164000000,
        "sellingGeneralAndAdministrativeExpenses": 266000000,
        "otherExpenses": 0,
        "operatingExpenses": 415000000,
        "costAndExpenses": 712000000,
        "interestIncome": 0,
        "interestExpense": 50000000,
        "depreciationAndAmortization": 103000000,
        "ebitda": 435000000,
        "ebitdaratio": 0.4166666667,
        "operatingIncome": 332000000,
        "operatingIncomeRatio": 0.3180076628,
        "totalOtherIncomeExpensesNet": -50000000,
        "incomeBeforeTax": 282000000,
        "incomeBeforeTaxRatio": 0.2701149425,
        "incomeTaxExpense": 70000000,
        "netIncome": 212000000,
        "netIncomeRatio": 0.2030651341,
        "eps": 0.29,
        "epsdiluted": 0.29,
        "weightedAverageShsOut": 727000000,
        "weightedAverageShsOutDil": 735000000,
        "link": "https://www.sec.gov/Archives/edgar/data/718877/000110465915055909/0001104659-15-055909-index.htm",
        "finalLink": "https://www.sec.gov/Archives/edgar/data/718877/000110465915055909/a15-12176_110q.htm"
    },
    {
        "date": "2015-03-31",
        "symbol": "ATVI",
        "reportedCurrency": "USD",
        "cik": "0000718877",
        "fillingDate": "2015-05-06",
        "acceptedDate": "2015-05-06 16:13:21",
        "calendarYear": "2015",
        "period": "Q1",
        "revenue": 1278000000,
        "costOfRevenue": 413000000,
        "grossProfit": 865000000,
        "grossProfitRatio": 0.6768388106,
        "researchAndDevelopmentExpenses": 145000000,
        "generalAndAdministrativeExpenses": 86000000,
        "sellingAndMarketingExpenses": 92000000,
        "sellingGeneralAndAdministrativeExpenses": 178000000,
        "otherExpenses": 0,
        "operatingExpenses": 323000000,
        "costAndExpenses": 736000000,
        "interestIncome": 0,
        "interestExpense": 50000000,
        "depreciationAndAmortization": 162000000,
        "ebitda": 704000000,
        "ebitdaratio": 0.5508607199,
        "operatingIncome": 542000000,
        "operatingIncomeRatio": 0.4241001565,
        "totalOtherIncomeExpensesNet": -50000000,
        "incomeBeforeTax": 492000000,
        "incomeBeforeTaxRatio": 0.3849765258,
        "incomeTaxExpense": 98000000,
        "netIncome": 394000000,
        "netIncomeRatio": 0.3082942097,
        "eps": 0.54,
        "epsdiluted": 0.53,
        "weightedAverageShsOut": 723000000,
        "weightedAverageShsOutDil": 731000000,
        "link": "https://www.sec.gov/Archives/edgar/data/718877/000110465915034878/0001104659-15-034878-index.htm",
        "finalLink": "https://www.sec.gov/Archives/edgar/data/718877/000110465915034878/a15-8801_110q.htm"
    },
    {
        "date": "2014-12-31",
        "symbol": "ATVI",
        "reportedCurrency": "USD",
        "cik": "0000718877",
        "fillingDate": "2015-02-26",
        "acceptedDate": "2015-02-26 17:04:02",
        "calendarYear": "2014",
        "period": "Q4",
        "revenue": 1575000000,
        "costOfRevenue": 631000000,
        "grossProfit": 944000000,
        "grossProfitRatio": 0.5993650794,
        "researchAndDevelopmentExpenses": 184000000,
        "generalAndAdministrativeExpenses": 75000000,
        "sellingAndMarketingExpenses": 247000000,
        "sellingGeneralAndAdministrativeExpenses": 322000000,
        "otherExpenses": 0,
        "operatingExpenses": 506000000,
        "costAndExpenses": 1137000000,
        "interestIncome": 0,
        "interestExpense": 0,
        "depreciationAndAmortization": -192000000,
        "ebitda": -158000000,
        "ebitdaratio": -0.1003174603,
        "operatingIncome": 438000000,
        "operatingIncomeRatio": 0.2780952381,
        "totalOtherIncomeExpensesNet": -50000000,
        "incomeBeforeTax": 388000000,
        "incomeBeforeTaxRatio": 0.2463492063,
        "incomeTaxExpense": 27000000,
        "netIncome": 361000000,
        "netIncomeRatio": 0.2292063492,
        "eps": 0.49,
        "epsdiluted": 0.49,
        "weightedAverageShsOut": 720000000,
        "weightedAverageShsOutDil": 729000000,
        "link": "https://www.sec.gov/Archives/edgar/data/718877/000104746915001298/0001047469-15-001298-index.htm",
        "finalLink": "https://www.sec.gov/Archives/edgar/data/718877/000104746915001298/a2223239z10-k.htm"
    },
    {
        "date": "2014-09-30",
        "symbol": "ATVI",
        "reportedCurrency": "USD",
        "cik": "0000718877",
        "fillingDate": "2014-11-04",
        "acceptedDate": "2014-11-04 16:44:22",
        "calendarYear": "2014",
        "period": "Q3",
        "revenue": 753000000,
        "costOfRevenue": 253000000,
        "grossProfit": 500000000,
        "grossProfitRatio": 0.6640106242,
        "researchAndDevelopmentExpenses": 131000000,
        "generalAndAdministrativeExpenses": 140000000,
        "sellingAndMarketingExpenses": 221000000,
        "sellingGeneralAndAdministrativeExpenses": 361000000,
        "otherExpenses": 0,
        "operatingExpenses": 492000000,
        "costAndExpenses": 745000000,
        "interestIncome": 0,
        "interestExpense": 0,
        "depreciationAndAmortization": 57000000,
        "ebitda": 8000000,
        "ebitdaratio": 0.01062417,
        "operatingIncome": 8000000,
        "operatingIncomeRatio": 0.01062417,
        "totalOtherIncomeExpensesNet": -51000000,
        "incomeBeforeTax": -43000000,
        "incomeBeforeTaxRatio": -0.0571049137,
        "incomeTaxExpense": -20000000,
        "netIncome": -23000000,
        "netIncomeRatio": -0.0305444887,
        "eps": -0.032,
        "epsdiluted": -0.032,
        "weightedAverageShsOut": 718000000,
        "weightedAverageShsOutDil": 718000000,
        "link": "https://www.sec.gov/Archives/edgar/data/718877/000110465914076552/0001104659-14-076552-index.htm",
        "finalLink": "https://www.sec.gov/Archives/edgar/data/718877/000110465914076552/a14-19826_110q.htm"
    },
    {
        "date": "2014-06-30",
        "symbol": "ATVI",
        "reportedCurrency": "USD",
        "cik": "0000718877",
        "fillingDate": "2014-08-05",
        "acceptedDate": "2014-08-05 17:15:52",
        "calendarYear": "2014",
        "period": "Q2",
        "revenue": 970000000,
        "costOfRevenue": 300000000,
        "grossProfit": 670000000,
        "grossProfitRatio": 0.6907216495,
        "researchAndDevelopmentExpenses": 112000000,
        "generalAndAdministrativeExpenses": 107000000,
        "sellingAndMarketingExpenses": 141000000,
        "sellingGeneralAndAdministrativeExpenses": 248000000,
        "otherExpenses": 0,
        "operatingExpenses": 360000000,
        "costAndExpenses": 660000000,
        "interestIncome": 0,
        "interestExpense": 0,
        "depreciationAndAmortization": 65000000,
        "ebitda": 310000000,
        "ebitdaratio": 0.3195876289,
        "operatingIncome": 310000000,
        "operatingIncomeRatio": 0.3195876289,
        "totalOtherIncomeExpensesNet": -50000000,
        "incomeBeforeTax": 260000000,
        "incomeBeforeTaxRatio": 0.2680412371,
        "incomeTaxExpense": 56000000,
        "netIncome": 204000000,
        "netIncomeRatio": 0.2103092784,
        "eps": 0.28,
        "epsdiluted": 0.28,
        "weightedAverageShsOut": 716000000,
        "weightedAverageShsOutDil": 725000000,
        "link": "https://www.sec.gov/Archives/edgar/data/718877/000110465914057005/0001104659-14-057005-index.htm",
        "finalLink": "https://www.sec.gov/Archives/edgar/data/718877/000110465914057005/a14-14115_110q.htm"
    },
    {
        "date": "2014-03-31",
        "symbol": "ATVI",
        "reportedCurrency": "USD",
        "cik": "0000718877",
        "fillingDate": "2014-05-06",
        "acceptedDate": "2014-05-06 16:17:05",
        "calendarYear": "2014",
        "period": "Q1",
        "revenue": 1111000000,
        "costOfRevenue": 342000000,
        "grossProfit": 769000000,
        "grossProfitRatio": 0.6921692169,
        "researchAndDevelopmentExpenses": 143000000,
        "generalAndAdministrativeExpenses": 95000000,
        "sellingAndMarketingExpenses": 104000000,
        "sellingGeneralAndAdministrativeExpenses": 199000000,
        "otherExpenses": 0,
        "operatingExpenses": 342000000,
        "costAndExpenses": 684000000,
        "interestIncome": 0,
        "interestExpense": 0,
        "depreciationAndAmortization": 70000000,
        "ebitda": 427000000,
        "ebitdaratio": 0.3843384338,
        "operatingIncome": 427000000,
        "operatingIncomeRatio": 0.3843384338,
        "totalOtherIncomeExpensesNet": -51000000,
        "incomeBeforeTax": 376000000,
        "incomeBeforeTaxRatio": 0.3384338434,
        "incomeTaxExpense": 83000000,
        "netIncome": 293000000,
        "netIncomeRatio": 0.2637263726,
        "eps": 0.4,
        "epsdiluted": 0.4,
        "weightedAverageShsOut": 709000000,
        "weightedAverageShsOutDil": 720000000,
        "link": "https://www.sec.gov/Archives/edgar/data/718877/000110465914035223/0001104659-14-035223-index.htm",
        "finalLink": "https://www.sec.gov/Archives/edgar/data/718877/000110465914035223/a14-9708_110q.htm"
    },
    {
        "date": "2013-12-31",
        "symbol": "ATVI",
        "reportedCurrency": "USD",
        "cik": "0000718877",
        "fillingDate": "2014-03-03",
        "acceptedDate": "2014-03-03 16:34:13",
        "calendarYear": "2013",
        "period": "Q4",
        "revenue": 1518000000,
        "costOfRevenue": 655000000,
        "grossProfit": 863000000,
        "grossProfitRatio": 0.5685111989,
        "researchAndDevelopmentExpenses": 197000000,
        "generalAndAdministrativeExpenses": 143000000,
        "sellingAndMarketingExpenses": 239000000,
        "sellingGeneralAndAdministrativeExpenses": 382000000,
        "otherExpenses": 0,
        "operatingExpenses": 579000000,
        "costAndExpenses": 1234000000,
        "interestIncome": 0,
        "interestExpense": 0,
        "depreciationAndAmortization": 107000000,
        "ebitda": 387000000,
        "ebitdaratio": 0.2549407115,
        "operatingIncome": 284000000,
        "operatingIncomeRatio": 0.187088274,
        "totalOtherIncomeExpensesNet": -51000000,
        "incomeBeforeTax": 233000000,
        "incomeBeforeTaxRatio": 0.1534914361,
        "incomeTaxExpense": 59000000,
        "netIncome": 174000000,
        "netIncomeRatio": 0.1146245059,
        "eps": 0.23,
        "epsdiluted": 0.22,
        "weightedAverageShsOut": 745000000,
        "weightedAverageShsOutDil": 757000000,
        "link": "https://www.sec.gov/Archives/edgar/data/718877/000104746914001688/0001047469-14-001688-index.htm",
        "finalLink": "https://www.sec.gov/Archives/edgar/data/718877/000104746914001688/a2218641z10-k.htm"
    },
    {
        "date": "2013-09-30",
        "symbol": "ATVI",
        "reportedCurrency": "USD",
        "cik": "0000718877",
        "fillingDate": "2013-11-06",
        "acceptedDate": "2013-11-06 16:31:50",
        "calendarYear": "2013",
        "period": "Q3",
        "revenue": 691000000,
        "costOfRevenue": 175000000,
        "grossProfit": 516000000,
        "grossProfitRatio": 0.7467438495,
        "researchAndDevelopmentExpenses": 140000000,
        "generalAndAdministrativeExpenses": 162000000,
        "sellingAndMarketingExpenses": 144000000,
        "sellingGeneralAndAdministrativeExpenses": 306000000,
        "otherExpenses": 0,
        "operatingExpenses": 446000000,
        "costAndExpenses": 621000000,
        "interestIncome": 0,
        "interestExpense": 0,
        "depreciationAndAmortization": 35000000,
        "ebitda": 105000000,
        "ebitdaratio": 0.1519536903,
        "operatingIncome": 70000000,
        "operatingIncomeRatio": 0.1013024602,
        "totalOtherIncomeExpensesNet": -4000000,
        "incomeBeforeTax": 66000000,
        "incomeBeforeTaxRatio": 0.0955137482,
        "incomeTaxExpense": 10000000,
        "netIncome": 56000000,
        "netIncomeRatio": 0.0810419682,
        "eps": 0.05,
        "epsdiluted": 0.05,
        "weightedAverageShsOut": 1122000000,
        "weightedAverageShsOutDil": 1134000000,
        "link": "https://www.sec.gov/Archives/edgar/data/718877/000110465913081725/0001104659-13-081725-index.htm",
        "finalLink": "https://www.sec.gov/Archives/edgar/data/718877/000110465913081725/a13-19735_110q.htm"
    },
    {
        "date": "2013-06-30",
        "symbol": "ATVI",
        "reportedCurrency": "USD",
        "cik": "0000718877",
        "fillingDate": "2013-08-01",
        "acceptedDate": "2013-08-01 16:16:51",
        "calendarYear": "2013",
        "period": "Q2",
        "revenue": 1050000000,
        "costOfRevenue": 285000000,
        "grossProfit": 765000000,
        "grossProfitRatio": 0.7285714286,
        "researchAndDevelopmentExpenses": 123000000,
        "generalAndAdministrativeExpenses": 96000000,
        "sellingAndMarketingExpenses": 116000000,
        "sellingGeneralAndAdministrativeExpenses": 212000000,
        "otherExpenses": 0,
        "operatingExpenses": 335000000,
        "costAndExpenses": 620000000,
        "interestIncome": 0,
        "interestExpense": 0,
        "depreciationAndAmortization": 66000000,
        "ebitda": 496000000,
        "ebitdaratio": 0.4723809524,
        "operatingIncome": 430000000,
        "operatingIncomeRatio": 0.4095238095,
        "totalOtherIncomeExpensesNet": 0,
        "incomeBeforeTax": 430000000,
        "incomeBeforeTaxRatio": 0.4095238095,
        "incomeTaxExpense": 106000000,
        "netIncome": 324000000,
        "netIncomeRatio": 0.3085714286,
        "eps": 0.28,
        "epsdiluted": 0.28,
        "weightedAverageShsOut": 1118000000,
        "weightedAverageShsOutDil": 1127000000,
        "link": "https://www.sec.gov/Archives/edgar/data/718877/000110465913058963/0001104659-13-058963-index.htm",
        "finalLink": "https://www.sec.gov/Archives/edgar/data/718877/000110465913058963/a13-13893_110q.htm"
    },
    {
        "date": "2013-03-31",
        "symbol": "ATVI",
        "reportedCurrency": "USD",
        "cik": "0000718877",
        "fillingDate": "2013-05-08",
        "acceptedDate": "2013-05-08 16:18:49",
        "calendarYear": "2013",
        "period": "Q1",
        "revenue": 1324000000,
        "costOfRevenue": 416000000,
        "grossProfit": 908000000,
        "grossProfitRatio": 0.6858006042,
        "researchAndDevelopmentExpenses": 125000000,
        "generalAndAdministrativeExpenses": 89000000,
        "sellingAndMarketingExpenses": 107000000,
        "sellingGeneralAndAdministrativeExpenses": 196000000,
        "otherExpenses": 0,
        "operatingExpenses": 321000000,
        "costAndExpenses": 737000000,
        "interestIncome": 0,
        "interestExpense": 0,
        "depreciationAndAmortization": 107000000,
        "ebitda": 692000000,
        "ebitdaratio": 0.5226586103,
        "operatingIncome": 587000000,
        "operatingIncomeRatio": 0.4433534743,
        "totalOtherIncomeExpensesNet": 2000000,
        "incomeBeforeTax": 589000000,
        "incomeBeforeTaxRatio": 0.4448640483,
        "incomeTaxExpense": 133000000,
        "netIncome": 456000000,
        "netIncomeRatio": 0.3444108761,
        "eps": 0.4,
        "epsdiluted": 0.4,
        "weightedAverageShsOut": 1113000000,
        "weightedAverageShsOutDil": 1120000000,
        "link": "https://www.sec.gov/Archives/edgar/data/718877/000110465913038868/0001104659-13-038868-index.htm",
        "finalLink": "https://www.sec.gov/Archives/edgar/data/718877/000110465913038868/a13-8588_110q.htm"
    },
    {
        "date": "2012-12-31",
        "symbol": "ATVI",
        "reportedCurrency": "USD",
        "cik": "0000718877",
        "fillingDate": "2013-02-22",
        "acceptedDate": "2013-02-22 16:38:44",
        "calendarYear": "2012",
        "period": "Q4",
        "revenue": 1768000000,
        "costOfRevenue": 682000000,
        "grossProfit": 1086000000,
        "grossProfitRatio": 0.6142533937,
        "researchAndDevelopmentExpenses": 222000000,
        "generalAndAdministrativeExpenses": 148000000,
        "sellingAndMarketingExpenses": 232000000,
        "sellingGeneralAndAdministrativeExpenses": 380000000,
        "otherExpenses": 0,
        "operatingExpenses": 602000000,
        "costAndExpenses": 1284000000,
        "interestIncome": 0,
        "interestExpense": 8000000,
        "depreciationAndAmortization": -192000000,
        "ebitda": 303000000,
        "ebitdaratio": 0.1713800905,
        "operatingIncome": 484000000,
        "operatingIncomeRatio": 0.2737556561,
        "totalOtherIncomeExpensesNet": 3000000,
        "incomeBeforeTax": 487000000,
        "incomeBeforeTaxRatio": 0.2754524887,
        "incomeTaxExpense": 133000000,
        "netIncome": 354000000,
        "netIncomeRatio": 0.2002262443,
        "eps": 0.31,
        "epsdiluted": 0.31,
        "weightedAverageShsOut": 1111000000,
        "weightedAverageShsOutDil": 1115000000,
        "link": "https://www.sec.gov/Archives/edgar/data/718877/000104746913001506/0001047469-13-001506-index.htm",
        "finalLink": "https://www.sec.gov/Archives/edgar/data/718877/000104746913001506/a2213119z10-k.htm"
    },
    {
        "date": "2012-09-30",
        "symbol": "ATVI",
        "reportedCurrency": "USD",
        "cik": "0000718877",
        "fillingDate": "2012-11-07",
        "acceptedDate": "2012-11-07 16:13:42",
        "calendarYear": "2012",
        "period": "Q3",
        "revenue": 841000000,
        "costOfRevenue": 231000000,
        "grossProfit": 610000000,
        "grossProfitRatio": 0.7253269917,
        "researchAndDevelopmentExpenses": 131000000,
        "generalAndAdministrativeExpenses": 121000000,
        "sellingAndMarketingExpenses": 131000000,
        "sellingGeneralAndAdministrativeExpenses": 252000000,
        "otherExpenses": 0,
        "operatingExpenses": 383000000,
        "costAndExpenses": 614000000,
        "interestIncome": 0,
        "interestExpense": 0,
        "depreciationAndAmortization": 45000000,
        "ebitda": 271000000,
        "ebitdaratio": 0.322235434,
        "operatingIncome": 227000000,
        "operatingIncomeRatio": 0.2699167658,
        "totalOtherIncomeExpensesNet": 1000000,
        "incomeBeforeTax": 228000000,
        "incomeBeforeTaxRatio": 0.2711058264,
        "incomeTaxExpense": 2000000,
        "netIncome": 226000000,
        "netIncomeRatio": 0.2687277051,
        "eps": 0.2,
        "epsdiluted": 0.2,
        "weightedAverageShsOut": 1109000000,
        "weightedAverageShsOutDil": 1114000000,
        "link": "https://www.sec.gov/Archives/edgar/data/718877/000110465912075353/0001104659-12-075353-index.htm",
        "finalLink": "https://www.sec.gov/Archives/edgar/data/718877/000110465912075353/a12-20104_110q.htm"
    },
    {
        "date": "2012-06-30",
        "symbol": "ATVI",
        "reportedCurrency": "USD",
        "cik": "0000718877",
        "fillingDate": "2012-08-02",
        "acceptedDate": "2012-08-02 16:26:58",
        "calendarYear": "2012",
        "period": "Q2",
        "revenue": 1075000000,
        "costOfRevenue": 370000000,
        "grossProfit": 705000000,
        "grossProfitRatio": 0.6558139535,
        "researchAndDevelopmentExpenses": 152000000,
        "generalAndAdministrativeExpenses": 190000000,
        "sellingAndMarketingExpenses": 136000000,
        "sellingGeneralAndAdministrativeExpenses": 326000000,
        "otherExpenses": 0,
        "operatingExpenses": 478000000,
        "costAndExpenses": 848000000,
        "interestIncome": 0,
        "interestExpense": 0,
        "depreciationAndAmortization": 94000000,
        "ebitda": 319000000,
        "ebitdaratio": 0.296744186,
        "operatingIncome": 227000000,
        "operatingIncomeRatio": 0.2111627907,
        "totalOtherIncomeExpensesNet": 2000000,
        "incomeBeforeTax": 229000000,
        "incomeBeforeTaxRatio": 0.2130232558,
        "incomeTaxExpense": 44000000,
        "netIncome": 185000000,
        "netIncomeRatio": 0.1720930233,
        "eps": 0.16,
        "epsdiluted": 0.16,
        "weightedAverageShsOut": 1109000000,
        "weightedAverageShsOutDil": 1115000000,
        "link": "https://www.sec.gov/Archives/edgar/data/718877/000110465912053747/0001104659-12-053747-index.htm",
        "finalLink": "https://www.sec.gov/Archives/edgar/data/718877/000110465912053747/a12-13992_110q.htm"
    },
    {
        "date": "2012-03-31",
        "symbol": "ATVI",
        "reportedCurrency": "USD",
        "cik": "0000718877",
        "fillingDate": "2012-05-09",
        "acceptedDate": "2012-05-09 17:06:23",
        "calendarYear": "2012",
        "period": "Q1",
        "revenue": 1172000000,
        "costOfRevenue": 354000000,
        "grossProfit": 818000000,
        "grossProfitRatio": 0.6979522184,
        "researchAndDevelopmentExpenses": 124000000,
        "generalAndAdministrativeExpenses": 102000000,
        "sellingAndMarketingExpenses": 79000000,
        "sellingGeneralAndAdministrativeExpenses": 181000000,
        "otherExpenses": 0,
        "operatingExpenses": 305000000,
        "costAndExpenses": 659000000,
        "interestIncome": 0,
        "interestExpense": 0,
        "depreciationAndAmortization": 53000000,
        "ebitda": 565000000,
        "ebitdaratio": 0.4820819113,
        "operatingIncome": 513000000,
        "operatingIncomeRatio": 0.4377133106,
        "totalOtherIncomeExpensesNet": 1000000,
        "incomeBeforeTax": 514000000,
        "incomeBeforeTaxRatio": 0.4385665529,
        "incomeTaxExpense": 130000000,
        "netIncome": 384000000,
        "netIncomeRatio": 0.3276450512,
        "eps": 0.34,
        "epsdiluted": 0.33,
        "weightedAverageShsOut": 1120000000,
        "weightedAverageShsOutDil": 1127000000,
        "link": "https://www.sec.gov/Archives/edgar/data/718877/000110465912035264/0001104659-12-035264-index.htm",
        "finalLink": "https://www.sec.gov/Archives/edgar/data/718877/000110465912035264/a12-8879_110q.htm"
    },
    {
        "date": "2011-12-31",
        "symbol": "ATVI",
        "reportedCurrency": "USD",
        "cik": "0000718877",
        "fillingDate": "2012-02-28",
        "acceptedDate": "2012-02-28 16:44:53",
        "calendarYear": "2011",
        "period": "Q4",
        "revenue": 1407000000,
        "costOfRevenue": 722000000,
        "grossProfit": 685000000,
        "grossProfitRatio": 0.486851457,
        "researchAndDevelopmentExpenses": 256000000,
        "generalAndAdministrativeExpenses": 122000000,
        "sellingAndMarketingExpenses": 281000000,
        "sellingGeneralAndAdministrativeExpenses": 403000000,
        "otherExpenses": 0,
        "operatingExpenses": 659000000,
        "costAndExpenses": 1381000000,
        "interestIncome": 0,
        "interestExpense": 0,
        "depreciationAndAmortization": -228000000,
        "ebitda": -240000000,
        "ebitdaratio": -0.170575693,
        "operatingIncome": 25000000,
        "operatingIncomeRatio": 0.0177683014,
        "totalOtherIncomeExpensesNet": -4000000,
        "incomeBeforeTax": 20000000,
        "incomeBeforeTaxRatio": 0.0142146411,
        "incomeTaxExpense": -79000000,
        "netIncome": 99000000,
        "netIncomeRatio": 0.0703624733,
        "eps": 0.09,
        "epsdiluted": 0.08,
        "weightedAverageShsOut": 1139000000,
        "weightedAverageShsOutDil": 1147000000,
        "link": "https://www.sec.gov/Archives/edgar/data/718877/000104746912001775/0001047469-12-001775-index.htm",
        "finalLink": "https://www.sec.gov/Archives/edgar/data/718877/000104746912001775/a2207405z10-k.htm"
    },
    {
        "date": "2011-09-30",
        "symbol": "ATVI",
        "reportedCurrency": "USD",
        "cik": "0000718877",
        "fillingDate": "2011-11-09",
        "acceptedDate": "2011-11-08 18:02:39",
        "calendarYear": "2011",
        "period": "Q3",
        "revenue": 754000000,
        "costOfRevenue": 237000000,
        "grossProfit": 517000000,
        "grossProfitRatio": 0.6856763926,
        "researchAndDevelopmentExpenses": 133000000,
        "generalAndAdministrativeExpenses": 104000000,
        "sellingAndMarketingExpenses": 115000000,
        "sellingGeneralAndAdministrativeExpenses": 219000000,
        "otherExpenses": 0,
        "operatingExpenses": 352000000,
        "costAndExpenses": 589000000,
        "interestIncome": 0,
        "interestExpense": 0,
        "depreciationAndAmortization": 52000000,
        "ebitda": 162000000,
        "ebitdaratio": 0.2148541114,
        "operatingIncome": 162000000,
        "operatingIncomeRatio": 0.2148541114,
        "totalOtherIncomeExpensesNet": 4000000,
        "incomeBeforeTax": 165000000,
        "incomeBeforeTaxRatio": 0.2188328912,
        "incomeTaxExpense": 17000000,
        "netIncome": 148000000,
        "netIncomeRatio": 0.1962864721,
        "eps": 0.13,
        "epsdiluted": 0.13,
        "weightedAverageShsOut": 1140000000,
        "weightedAverageShsOutDil": 1148000000,
        "link": "https://www.sec.gov/Archives/edgar/data/718877/000110465911062236/0001104659-11-062236-index.htm",
        "finalLink": "https://www.sec.gov/Archives/edgar/data/718877/000110465911062236/a11-28201_110q.htm"
    },
    {
        "date": "2011-06-30",
        "symbol": "ATVI",
        "reportedCurrency": "USD",
        "cik": "0000718877",
        "fillingDate": "2011-08-05",
        "acceptedDate": "2011-08-05 16:20:59",
        "calendarYear": "2011",
        "period": "Q2",
        "revenue": 1146000000,
        "costOfRevenue": 296000000,
        "grossProfit": 850000000,
        "grossProfitRatio": 0.7417102967,
        "researchAndDevelopmentExpenses": 116000000,
        "generalAndAdministrativeExpenses": 127000000,
        "sellingAndMarketingExpenses": 90000000,
        "sellingGeneralAndAdministrativeExpenses": 217000000,
        "otherExpenses": 48000000,
        "operatingExpenses": 380000000,
        "costAndExpenses": 676000000,
        "interestIncome": 0,
        "interestExpense": 0,
        "depreciationAndAmortization": 81000000,
        "ebitda": 467000000,
        "ebitdaratio": 0.407504363,
        "operatingIncome": 467000000,
        "operatingIncomeRatio": 0.407504363,
        "totalOtherIncomeExpensesNet": 3000000,
        "incomeBeforeTax": 469000000,
        "incomeBeforeTaxRatio": 0.4092495637,
        "incomeTaxExpense": 134000000,
        "netIncome": 335000000,
        "netIncomeRatio": 0.2923211169,
        "eps": 0.29,
        "epsdiluted": 0.29,
        "weightedAverageShsOut": 1141000000,
        "weightedAverageShsOutDil": 1150000000,
        "link": "https://www.sec.gov/Archives/edgar/data/718877/000110465911044296/0001104659-11-044296-index.htm",
        "finalLink": "https://www.sec.gov/Archives/edgar/data/718877/000110465911044296/a11-14140_110q.htm"
    },
    {
        "date": "2011-03-31",
        "symbol": "ATVI",
        "reportedCurrency": "USD",
        "cik": "0000718877",
        "fillingDate": "2011-05-09",
        "acceptedDate": "2011-05-09 16:26:34",
        "calendarYear": "2011",
        "period": "Q1",
        "revenue": 1449000000,
        "costOfRevenue": 452000000,
        "grossProfit": 997000000,
        "grossProfitRatio": 0.6880607315,
        "researchAndDevelopmentExpenses": 142000000,
        "generalAndAdministrativeExpenses": 98000000,
        "sellingAndMarketingExpenses": 64000000,
        "sellingGeneralAndAdministrativeExpenses": 162000000,
        "otherExpenses": 0,
        "operatingExpenses": 304000000,
        "costAndExpenses": 756000000,
        "interestIncome": 0,
        "interestExpense": 0,
        "depreciationAndAmortization": 95000000,
        "ebitda": 674000000,
        "ebitdaratio": 0.4651483782,
        "operatingIncome": 674000000,
        "operatingIncomeRatio": 0.4651483782,
        "totalOtherIncomeExpensesNet": 3000000,
        "incomeBeforeTax": 676000000,
        "incomeBeforeTaxRatio": 0.4665286404,
        "incomeTaxExpense": 173000000,
        "netIncome": 503000000,
        "netIncomeRatio": 0.3471359558,
        "eps": 0.42,
        "epsdiluted": 0.42,
        "weightedAverageShsOut": 1173000000,
        "weightedAverageShsOutDil": 1182000000,
        "link": "https://www.sec.gov/Archives/edgar/data/718877/000110465911027381/0001104659-11-027381-index.htm",
        "finalLink": "https://www.sec.gov/Archives/edgar/data/718877/000110465911027381/a11-9595_110q.htm"
    },
    {
        "date": "2010-12-31",
        "symbol": "ATVI",
        "reportedCurrency": "USD",
        "cik": "0000718877",
        "fillingDate": "2011-02-25",
        "acceptedDate": "2011-02-25 16:32:15",
        "calendarYear": "2010",
        "period": "Q4",
        "revenue": 1428000000,
        "costOfRevenue": 877000000,
        "grossProfit": 551000000,
        "grossProfitRatio": 0.3858543417,
        "researchAndDevelopmentExpenses": 276000000,
        "generalAndAdministrativeExpenses": 119000000,
        "sellingAndMarketingExpenses": 226000000,
        "sellingGeneralAndAdministrativeExpenses": 345000000,
        "otherExpenses": 0,
        "operatingExpenses": 621000000,
        "costAndExpenses": 1498000000,
        "interestIncome": 0,
        "interestExpense": 30000000,
        "depreciationAndAmortization": -279000000,
        "ebitda": -638000000,
        "ebitdaratio": -0.4467787115,
        "operatingIncome": -383000000,
        "operatingIncomeRatio": -0.2682072829,
        "totalOtherIncomeExpensesNet": -6000000,
        "incomeBeforeTax": -388000000,
        "incomeBeforeTaxRatio": -0.2717086835,
        "incomeTaxExpense": -155000000,
        "netIncome": -233000000,
        "netIncomeRatio": -0.1631652661,
        "eps": -0.19,
        "epsdiluted": -0.19,
        "weightedAverageShsOut": 1198000000,
        "weightedAverageShsOutDil": 1209000000,
        "link": "https://www.sec.gov/Archives/edgar/data/718877/000104746911001413/0001047469-11-001413-index.htm",
        "finalLink": "https://www.sec.gov/Archives/edgar/data/718877/000104746911001413/a2202068z10-k.htm"
    },
    {
        "date": "2010-09-30",
        "symbol": "ATVI",
        "reportedCurrency": "USD",
        "cik": "0000718877",
        "fillingDate": "2010-11-05",
        "acceptedDate": "2010-11-05 16:29:07",
        "calendarYear": "2010",
        "period": "Q3",
        "revenue": 745000000,
        "costOfRevenue": 349000000,
        "grossProfit": 396000000,
        "grossProfitRatio": 0.5315436242,
        "researchAndDevelopmentExpenses": 119000000,
        "generalAndAdministrativeExpenses": 111000000,
        "sellingAndMarketingExpenses": 111000000,
        "sellingGeneralAndAdministrativeExpenses": 222000000,
        "otherExpenses": 0,
        "operatingExpenses": 341000000,
        "costAndExpenses": 690000000,
        "interestIncome": 0,
        "interestExpense": 0,
        "depreciationAndAmortization": 78000000,
        "ebitda": 55000000,
        "ebitdaratio": 0.0738255034,
        "operatingIncome": 55000000,
        "operatingIncomeRatio": 0.0738255034,
        "totalOtherIncomeExpensesNet": 14000000,
        "incomeBeforeTax": 69000000,
        "incomeBeforeTaxRatio": 0.0926174497,
        "incomeTaxExpense": 18000000,
        "netIncome": 51000000,
        "netIncomeRatio": 0.0684563758,
        "eps": 0.04,
        "epsdiluted": 0.04,
        "weightedAverageShsOut": 1212000000,
        "weightedAverageShsOutDil": 1227000000,
        "link": "https://www.sec.gov/Archives/edgar/data/718877/000110465910056564/0001104659-10-056564-index.htm",
        "finalLink": "https://www.sec.gov/Archives/edgar/data/718877/000110465910056564/a10-20489_110q.htm"
    },
    {
        "date": "2010-06-30",
        "symbol": "ATVI",
        "reportedCurrency": "USD",
        "cik": "0000718877",
        "fillingDate": "2010-08-06",
        "acceptedDate": "2010-08-06 16:16:45",
        "calendarYear": "2010",
        "period": "Q2",
        "revenue": 967000000,
        "costOfRevenue": 367000000,
        "grossProfit": 600000000,
        "grossProfitRatio": 0.620475698,
        "researchAndDevelopmentExpenses": 104000000,
        "generalAndAdministrativeExpenses": 70000000,
        "sellingAndMarketingExpenses": 126000000,
        "sellingGeneralAndAdministrativeExpenses": 196000000,
        "otherExpenses": 0,
        "operatingExpenses": 300000000,
        "costAndExpenses": 667000000,
        "interestIncome": 0,
        "interestExpense": 0,
        "depreciationAndAmortization": -239000000,
        "ebitda": -274000000,
        "ebitdaratio": -0.2833505688,
        "operatingIncome": 300000000,
        "operatingIncomeRatio": 0.310237849,
        "totalOtherIncomeExpensesNet": 1000000,
        "incomeBeforeTax": 301000000,
        "incomeBeforeTaxRatio": 0.3112719752,
        "incomeTaxExpense": 82000000,
        "netIncome": 219000000,
        "netIncomeRatio": 0.2264736298,
        "eps": 0.18,
        "epsdiluted": 0.17,
        "weightedAverageShsOut": 1232000000,
        "weightedAverageShsOutDil": 1248000000,
        "link": "https://www.sec.gov/Archives/edgar/data/718877/000110465910042753/0001104659-10-042753-index.htm",
        "finalLink": "https://www.sec.gov/Archives/edgar/data/718877/000110465910042753/a10-12431_110q.htm"
    },
    {
        "date": "2010-03-31",
        "symbol": "ATVI",
        "reportedCurrency": "USD",
        "cik": "0000718877",
        "fillingDate": "2010-05-07",
        "acceptedDate": "2010-05-07 16:24:36",
        "calendarYear": "2010",
        "period": "Q1",
        "revenue": 1308000000,
        "costOfRevenue": 533000000,
        "grossProfit": 775000000,
        "grossProfitRatio": 0.5925076453,
        "researchAndDevelopmentExpenses": 143000000,
        "generalAndAdministrativeExpenses": 65000000,
        "sellingAndMarketingExpenses": 56000000,
        "sellingGeneralAndAdministrativeExpenses": 121000000,
        "otherExpenses": 0,
        "operatingExpenses": 264000000,
        "costAndExpenses": 797000000,
        "interestIncome": 0,
        "interestExpense": 0,
        "depreciationAndAmortization": -198000000,
        "ebitda": -62000000,
        "ebitdaratio": -0.0474006116,
        "operatingIncome": 511000000,
        "operatingIncomeRatio": 0.3906727829,
        "totalOtherIncomeExpensesNet": 0,
        "incomeBeforeTax": 511000000,
        "incomeBeforeTaxRatio": 0.3906727829,
        "incomeTaxExpense": 130000000,
        "netIncome": 381000000,
        "netIncomeRatio": 0.2912844037,
        "eps": 0.3,
        "epsdiluted": 0.3,
        "weightedAverageShsOut": 1248000000,
        "weightedAverageShsOutDil": 1264000000,
        "link": "https://www.sec.gov/Archives/edgar/data/718877/000110465910026898/0001104659-10-026898-index.htm",
        "finalLink": "https://www.sec.gov/Archives/edgar/data/718877/000110465910026898/a10-5736_110q.htm"
    },
    {
        "date": "2009-12-31",
        "symbol": "ATVI",
        "reportedCurrency": "USD",
        "cik": "0000718877",
        "fillingDate": "2010-03-01",
        "acceptedDate": "2010-03-01 16:18:30",
        "calendarYear": "2009",
        "period": "Q4",
        "revenue": 1557000000,
        "costOfRevenue": 1012000000,
        "grossProfit": 545000000,
        "grossProfitRatio": 0.350032113,
        "researchAndDevelopmentExpenses": 265000000,
        "generalAndAdministrativeExpenses": 94000000,
        "sellingAndMarketingExpenses": 215000000,
        "sellingGeneralAndAdministrativeExpenses": 309000000,
        "otherExpenses": 0,
        "operatingExpenses": 574000000,
        "costAndExpenses": 1586000000,
        "interestIncome": -1000000,
        "interestExpense": 1000000,
        "depreciationAndAmortization": -379000000,
        "ebitda": -835000000,
        "ebitdaratio": -0.5362877328,
        "operatingIncome": -432000000,
        "operatingIncomeRatio": -0.2774566474,
        "totalOtherIncomeExpensesNet": -3000000,
        "incomeBeforeTax": -435000000,
        "incomeBeforeTaxRatio": -0.2793834297,
        "incomeTaxExpense": -149000000,
        "netIncome": -286000000,
        "netIncomeRatio": -0.1836865768,
        "eps": -0.23,
        "epsdiluted": -0.22,
        "weightedAverageShsOut": 1265000000,
        "weightedAverageShsOutDil": 1284000000,
        "link": "https://www.sec.gov/Archives/edgar/data/718877/000104746910001649/0001047469-10-001649-index.htm",
        "finalLink": "https://www.sec.gov/Archives/edgar/data/718877/000104746910001649/a2196314z10-k.htm"
    },
    {
        "date": "2009-09-30",
        "symbol": "ATVI",
        "reportedCurrency": "USD",
        "cik": "0000718877",
        "fillingDate": "2009-11-06",
        "acceptedDate": "2009-11-06 16:08:44",
        "calendarYear": "2009",
        "period": "Q3",
        "revenue": 703000000,
        "costOfRevenue": 339000000,
        "grossProfit": 364000000,
        "grossProfitRatio": 0.5177809388,
        "researchAndDevelopmentExpenses": 122000000,
        "generalAndAdministrativeExpenses": 106000000,
        "sellingAndMarketingExpenses": 128000000,
        "sellingGeneralAndAdministrativeExpenses": 234000000,
        "otherExpenses": 0,
        "operatingExpenses": 356000000,
        "costAndExpenses": 695000000,
        "interestIncome": 4000000,
        "interestExpense": 1000000,
        "depreciationAndAmortization": 96000000,
        "ebitda": 9000000,
        "ebitdaratio": 0.012802276,
        "operatingIncome": 9000000,
        "operatingIncomeRatio": 0.012802276,
        "totalOtherIncomeExpensesNet": 11000000,
        "incomeBeforeTax": 20000000,
        "incomeBeforeTaxRatio": 0.0284495021,
        "incomeTaxExpense": 5000000,
        "netIncome": 15000000,
        "netIncomeRatio": 0.0213371266,
        "eps": 0.01,
        "epsdiluted": 0.01,
        "weightedAverageShsOut": 1271000000,
        "weightedAverageShsOutDil": 1297000000,
        "link": "https://www.sec.gov/Archives/edgar/data/718877/000110465909063352/0001104659-09-063352-index.htm",
        "finalLink": "https://www.sec.gov/Archives/edgar/data/718877/000110465909063352/a09-30759_110q.htm"
    },
    {
        "date": "2009-06-30",
        "symbol": "ATVI",
        "reportedCurrency": "USD",
        "cik": "0000718877",
        "fillingDate": "2009-08-07",
        "acceptedDate": "2009-08-07 16:12:35",
        "calendarYear": "2009",
        "period": "Q2",
        "revenue": 1038000000,
        "costOfRevenue": 472000000,
        "grossProfit": 566000000,
        "grossProfitRatio": 0.5452793834,
        "researchAndDevelopmentExpenses": 123000000,
        "generalAndAdministrativeExpenses": 92000000,
        "sellingAndMarketingExpenses": 118000000,
        "sellingGeneralAndAdministrativeExpenses": 210000000,
        "otherExpenses": 15000000,
        "operatingExpenses": 333000000,
        "costAndExpenses": 805000000,
        "interestIncome": 0,
        "interestExpense": 0,
        "depreciationAndAmortization": 146000000,
        "ebitda": 218000000,
        "ebitdaratio": 0.2100192678,
        "operatingIncome": 218000000,
        "operatingIncomeRatio": 0.2100192678,
        "totalOtherIncomeExpensesNet": -15000000,
        "incomeBeforeTax": 218000000,
        "incomeBeforeTaxRatio": 0.2100192678,
        "incomeTaxExpense": 23000000,
        "netIncome": 195000000,
        "netIncomeRatio": 0.1878612717,
        "eps": 0.15,
        "epsdiluted": 0.15,
        "weightedAverageShsOut": 1289000000,
        "weightedAverageShsOutDil": 1332000000,
        "link": "https://www.sec.gov/Archives/edgar/data/718877/000110465909048234/0001104659-09-048234-index.htm",
        "finalLink": "https://www.sec.gov/Archives/edgar/data/718877/000110465909048234/a09-14410_110q.htm"
    },
    {
        "date": "2009-03-31",
        "symbol": "ATVI",
        "reportedCurrency": "USD",
        "cik": "0000718877",
        "fillingDate": "2009-05-08",
        "acceptedDate": "2009-05-08 16:18:13",
        "calendarYear": "2009",
        "period": "Q1",
        "revenue": 981000000,
        "costOfRevenue": 484000000,
        "grossProfit": 497000000,
        "grossProfitRatio": 0.5066258919,
        "researchAndDevelopmentExpenses": 117000000,
        "generalAndAdministrativeExpenses": 103000000,
        "sellingAndMarketingExpenses": 83000000,
        "sellingGeneralAndAdministrativeExpenses": 186000000,
        "otherExpenses": 0,
        "operatingExpenses": 303000000,
        "costAndExpenses": 787000000,
        "interestIncome": 0,
        "interestExpense": 0,
        "depreciationAndAmortization": 137000000,
        "ebitda": 179000000,
        "ebitdaratio": 0.1824668705,
        "operatingIncome": 179000000,
        "operatingIncomeRatio": 0.1824668705,
        "totalOtherIncomeExpensesNet": 10000000,
        "incomeBeforeTax": 189000000,
        "incomeBeforeTaxRatio": 0.1926605505,
        "incomeTaxExpense": 0,
        "netIncome": 189000000,
        "netIncomeRatio": 0.1926605505,
        "eps": 0.14,
        "epsdiluted": 0.14,
        "weightedAverageShsOut": 1308000000,
        "weightedAverageShsOutDil": 1359000000,
        "link": "https://www.sec.gov/Archives/edgar/data/718877/000110465909031052/0001104659-09-031052-index.htm",
        "finalLink": "https://www.sec.gov/Archives/edgar/data/718877/000110465909031052/a09-11498_110q.htm"
    },
    {
        "date": "2008-12-31",
        "symbol": "ATVI",
        "reportedCurrency": "USD",
        "cik": "0000718877",
        "fillingDate": "2009-02-27",
        "acceptedDate": "2009-02-27 17:17:43",
        "calendarYear": "2008",
        "period": "Q4",
        "revenue": 1639000000,
        "costOfRevenue": 1233000000,
        "grossProfit": 406000000,
        "grossProfitRatio": 0.2477120195,
        "researchAndDevelopmentExpenses": 178000000,
        "generalAndAdministrativeExpenses": 0,
        "sellingAndMarketingExpenses": 0,
        "sellingGeneralAndAdministrativeExpenses": 343000000,
        "otherExpenses": 0,
        "operatingExpenses": 521000000,
        "costAndExpenses": 1754000000,
        "interestIncome": 0,
        "interestExpense": 0,
        "depreciationAndAmortization": 380363000,
        "ebitda": 207000000,
        "ebitdaratio": 0.1262965223,
        "operatingIncome": -173668000,
        "operatingIncomeRatio": -0.1059597315,
        "totalOtherIncomeExpensesNet": -4490000,
        "incomeBeforeTax": -129000000,
        "incomeBeforeTaxRatio": -0.0787065284,
        "incomeTaxExpense": -75980000,
        "netIncome": -71000000,
        "netIncomeRatio": -0.043319097,
        "eps": -0.0531,
        "epsdiluted": -0.0531,
        "weightedAverageShsOut": 1336000000,
        "weightedAverageShsOutDil": 1336000000,
        "link": "https://www.sec.gov/Archives/edgar/data/718877/000104746909002015/0001047469-09-002015-index.htm",
        "finalLink": "https://www.sec.gov/Archives/edgar/data/718877/000104746909002015/a2190811z10-k.htm"
    },
    {
        "date": "2008-09-30",
        "symbol": "ATVI",
        "reportedCurrency": "USD",
        "cik": "0000718877",
        "fillingDate": "2008-11-10",
        "acceptedDate": "2008-11-10 17:28:20",
        "calendarYear": "2008",
        "period": "Q3",
        "revenue": 711000000,
        "costOfRevenue": 408000000,
        "grossProfit": 303000000,
        "grossProfitRatio": 0.4261603376,
        "researchAndDevelopmentExpenses": 200000000,
        "generalAndAdministrativeExpenses": 94000000,
        "sellingAndMarketingExpenses": 142000000,
        "sellingGeneralAndAdministrativeExpenses": 236000000,
        "otherExpenses": 61000000,
        "operatingExpenses": 436000000,
        "costAndExpenses": 844000000,
        "interestIncome": 0,
        "interestExpense": 0,
        "depreciationAndAmortization": 115000000,
        "ebitda": -79000000,
        "ebitdaratio": -0.1111111111,
        "operatingIncome": -220668000,
        "operatingIncomeRatio": -0.3103628692,
        "totalOtherIncomeExpensesNet": 50668000,
        "incomeBeforeTax": -170000000,
        "incomeBeforeTaxRatio": -0.2390998594,
        "incomeTaxExpense": -62000000,
        "netIncome": -108000000,
        "netIncomeRatio": -0.1518987342,
        "eps": -0.085,
        "epsdiluted": -0.085,
        "weightedAverageShsOut": 1271000000,
        "weightedAverageShsOutDil": 1271000000,
        "link": "https://www.sec.gov/Archives/edgar/data/718877/000110465908069837/0001104659-08-069837-index.htm",
        "finalLink": "https://www.sec.gov/Archives/edgar/data/718877/000110465908069837/a08-25885_110q.htm"
    },
    {
        "date": "2008-06-30",
        "symbol": "ATVI",
        "reportedCurrency": "USD",
        "cik": "0000718877",
        "fillingDate": "2008-08-08",
        "acceptedDate": "2008-08-07 18:42:53",
        "calendarYear": "2008",
        "period": "Q2",
        "revenue": 654203000,
        "costOfRevenue": 380174000,
        "grossProfit": 274029000,
        "grossProfitRatio": 0.4188745695,
        "researchAndDevelopmentExpenses": 50040000,
        "generalAndAdministrativeExpenses": 57360000,
        "sellingAndMarketingExpenses": 86494000,
        "sellingGeneralAndAdministrativeExpenses": 143854000,
        "otherExpenses": 0,
        "operatingExpenses": 193894000,
        "costAndExpenses": 574068000,
        "interestIncome": 0,
        "interestExpense": 0,
        "depreciationAndAmortization": 30188000,
        "ebitda": 110323000,
        "ebitdaratio": 0.1686372579,
        "operatingIncome": 80135000,
        "operatingIncomeRatio": 0.1224925596,
        "totalOtherIncomeExpensesNet": 10948000,
        "incomeBeforeTax": 91083000,
        "incomeBeforeTaxRatio": 0.1392274263,
        "incomeTaxExpense": 32068000,
        "netIncome": 59015000,
        "netIncomeRatio": 0.0902090024,
        "eps": 0.1,
        "epsdiluted": 0.09,
        "weightedAverageShsOut": 592646000,
        "weightedAverageShsOutDil": 646972000,
        "link": "https://www.sec.gov/Archives/edgar/data/718877/000110465908050976/0001104659-08-050976-index.htm",
        "finalLink": "https://www.sec.gov/Archives/edgar/data/718877/000110465908050976/a08-20932_110q.htm"
    },
    {
        "date": "2008-03-31",
        "symbol": "ATVI",
        "reportedCurrency": "USD",
        "cik": "0000718877",
        "fillingDate": "2008-05-30",
        "acceptedDate": "2008-05-30 17:10:38",
        "calendarYear": "2008",
        "period": "Q1",
        "revenue": 602451000,
        "costOfRevenue": 350229000,
        "grossProfit": 252222000,
        "grossProfitRatio": 0.4186597748,
        "researchAndDevelopmentExpenses": 79052000,
        "generalAndAdministrativeExpenses": 195409000,
        "sellingAndMarketingExpenses": 308143000,
        "sellingGeneralAndAdministrativeExpenses": 118637000,
        "otherExpenses": 0,
        "operatingExpenses": 197689000,
        "costAndExpenses": 547918000,
        "interestIncome": 0,
        "interestExpense": 35714000,
        "depreciationAndAmortization": -208098000,
        "ebitda": -102309000,
        "ebitdaratio": -0.1698212801,
        "operatingIncome": 54533000,
        "operatingIncomeRatio": 0.090518565,
        "totalOtherIncomeExpensesNet": 15542000,
        "incomeBeforeTax": 70075000,
        "incomeBeforeTaxRatio": 0.1163165137,
        "incomeTaxExpense": 25912000,
        "netIncome": 44163000,
        "netIncomeRatio": 0.0733055468,
        "eps": 0.07,
        "epsdiluted": 0.07,
        "weightedAverageShsOut": 587022000,
        "weightedAverageShsOutDil": 636572000,
        "link": "https://www.sec.gov/Archives/edgar/data/718877/000104746908007085/0001047469-08-007085-index.htm",
        "finalLink": "https://www.sec.gov/Archives/edgar/data/718877/000104746908007085/a2185924z10-k.htm"
    },
    {
        "date": "2007-12-31",
        "symbol": "ATVI",
        "reportedCurrency": "USD",
        "cik": "0000718877",
        "fillingDate": "2008-02-11",
        "acceptedDate": "2008-02-11 15:31:20",
        "calendarYear": "2007",
        "period": "Q4",
        "revenue": 1482484000,
        "costOfRevenue": 762290000,
        "grossProfit": 720194000,
        "grossProfitRatio": 0.4858022076,
        "researchAndDevelopmentExpenses": 124501000,
        "generalAndAdministrativeExpenses": 71069000,
        "sellingAndMarketingExpenses": 120090000,
        "sellingGeneralAndAdministrativeExpenses": 191159000,
        "otherExpenses": 0,
        "operatingExpenses": 315660000,
        "costAndExpenses": 1077950000,
        "interestIncome": 0,
        "interestExpense": 0,
        "depreciationAndAmortization": 92653000,
        "ebitda": 497185000,
        "ebitdaratio": 0.3353729281,
        "operatingIncome": 404534000,
        "operatingIncomeRatio": 0.2728757949,
        "totalOtherIncomeExpensesNet": 12018000,
        "incomeBeforeTax": 416552000,
        "incomeBeforeTaxRatio": 0.2809824592,
        "incomeTaxExpense": 144356000,
        "netIncome": 272196000,
        "netIncomeRatio": 0.1836080524,
        "eps": 0.47,
        "epsdiluted": 0.43,
        "weightedAverageShsOut": 582352000,
        "weightedAverageShsOutDil": 632944000,
        "link": "https://www.sec.gov/Archives/edgar/data/718877/000110465908008944/0001104659-08-008944-index.htm",
        "finalLink": "https://www.sec.gov/Archives/edgar/data/718877/000110465908008944/a08-4932_110q.htm"
    },
    {
        "date": "2007-09-30",
        "symbol": "ATVI",
        "reportedCurrency": "USD",
        "cik": "0000718877",
        "fillingDate": "2007-11-07",
        "acceptedDate": "2007-11-07 16:59:24",
        "calendarYear": "2007",
        "period": "Q3",
        "revenue": 317746000,
        "costOfRevenue": 204956000,
        "grossProfit": 112790000,
        "grossProfitRatio": 0.3549690633,
        "researchAndDevelopmentExpenses": 33085000,
        "generalAndAdministrativeExpenses": 37382000,
        "sellingAndMarketingExpenses": 51868000,
        "sellingGeneralAndAdministrativeExpenses": 89250000,
        "otherExpenses": 0,
        "operatingExpenses": 122335000,
        "costAndExpenses": 327291000,
        "interestIncome": 0,
        "interestExpense": 0,
        "depreciationAndAmortization": 29054000,
        "ebitda": 19509000,
        "ebitdaratio": 0.0613980979,
        "operatingIncome": -9545000,
        "operatingIncomeRatio": -0.0300397173,
        "totalOtherIncomeExpensesNet": 12132000,
        "incomeBeforeTax": 2587000,
        "incomeBeforeTaxRatio": 0.0081417233,
        "incomeTaxExpense": 1889000,
        "netIncome": 698000,
        "netIncomeRatio": 0.0021967232,
        "eps": 0.0012,
        "epsdiluted": 0.0011,
        "weightedAverageShsOut": 574630000,
        "weightedAverageShsOutDil": 626526000,
        "link": "https://www.sec.gov/Archives/edgar/data/718877/000110465907080748/0001104659-07-080748-index.htm",
        "finalLink": "https://www.sec.gov/Archives/edgar/data/718877/000110465907080748/a07-26061_110q.htm"
    },
    {
        "date": "2007-06-30",
        "symbol": "ATVI",
        "reportedCurrency": "USD",
        "cik": "0000718877",
        "fillingDate": "2007-08-07",
        "acceptedDate": "2007-08-07 16:39:24",
        "calendarYear": "2007",
        "period": "Q2",
        "revenue": 495455000,
        "costOfRevenue": 327960000,
        "grossProfit": 167495000,
        "grossProfitRatio": 0.3380629926,
        "researchAndDevelopmentExpenses": 32897000,
        "generalAndAdministrativeExpenses": 35794000,
        "sellingAndMarketingExpenses": 68712000,
        "sellingGeneralAndAdministrativeExpenses": 104506000,
        "otherExpenses": 0,
        "operatingExpenses": 137403000,
        "costAndExpenses": 465363000,
        "interestIncome": 0,
        "interestExpense": 0,
        "depreciationAndAmortization": 86391000,
        "ebitda": 116483000,
        "ebitdaratio": 0.2351030871,
        "operatingIncome": 30092000,
        "operatingIncomeRatio": 0.0607360911,
        "totalOtherIncomeExpensesNet": 11562000,
        "incomeBeforeTax": 41654000,
        "incomeBeforeTaxRatio": 0.0840722164,
        "incomeTaxExpense": 13828000,
        "netIncome": 27826000,
        "netIncomeRatio": 0.0561625173,
        "eps": 0.05,
        "epsdiluted": 0.045,
        "weightedAverageShsOut": 567126000,
        "weightedAverageShsOutDil": 623986000,
        "link": "https://www.sec.gov/Archives/edgar/data/718877/000110465907059722/0001104659-07-059722-index.htm",
        "finalLink": "https://www.sec.gov/Archives/edgar/data/718877/000110465907059722/a07-21150_110q.htm"
    },
    {
        "date": "2007-03-31",
        "symbol": "ATVI",
        "reportedCurrency": "USD",
        "cik": "0000718877",
        "fillingDate": "2007-06-14",
        "acceptedDate": "2007-06-14 16:20:32",
        "calendarYear": "2007",
        "period": "Q1",
        "revenue": 312512000,
        "costOfRevenue": 216007000,
        "grossProfit": 96505000,
        "grossProfitRatio": 0.3088041419,
        "researchAndDevelopmentExpenses": 44678000,
        "generalAndAdministrativeExpenses": 0,
        "sellingAndMarketingExpenses": 0,
        "sellingGeneralAndAdministrativeExpenses": 80941000,
        "otherExpenses": 0,
        "operatingExpenses": 125619000,
        "costAndExpenses": 341626000,
        "interestIncome": 0,
        "interestExpense": 0,
        "depreciationAndAmortization": 56472000,
        "ebitda": 27360000,
        "ebitdaratio": 0.0875486381,
        "operatingIncome": -29114000,
        "operatingIncomeRatio": -0.0931612226,
        "totalOtherIncomeExpensesNet": 10647000,
        "incomeBeforeTax": -18467000,
        "incomeBeforeTaxRatio": -0.0590921309,
        "incomeTaxExpense": -4045000,
        "netIncome": -14422000,
        "netIncomeRatio": -0.0461486279,
        "eps": -0.0255,
        "epsdiluted": -0.0234,
        "weightedAverageShsOut": 565918000,
        "weightedAverageShsOutDil": 616810000,
        "link": "https://www.sec.gov/Archives/edgar/data/718877/000110465907047752/0001104659-07-047752-index.htm",
        "finalLink": "https://www.sec.gov/Archives/edgar/data/718877/000110465907047752/a07-15539_410k.htm"
    },
    {
        "date": "2006-12-31",
        "symbol": "ATVI",
        "reportedCurrency": "USD",
        "cik": "0000718877",
        "fillingDate": "2007-06-07",
        "acceptedDate": "2007-06-07 06:06:06",
        "calendarYear": "2006",
        "period": "Q4",
        "revenue": 824259000,
        "costOfRevenue": 483180000,
        "grossProfit": 341079000,
        "grossProfitRatio": 0.4138007592,
        "researchAndDevelopmentExpenses": 37162000,
        "generalAndAdministrativeExpenses": 43387000,
        "sellingAndMarketingExpenses": 87410000,
        "sellingGeneralAndAdministrativeExpenses": 130797000,
        "otherExpenses": 0,
        "operatingExpenses": 167959000,
        "costAndExpenses": 651139000,
        "interestIncome": 0,
        "interestExpense": 0,
        "depreciationAndAmortization": 55859000,
        "ebitda": 254044000,
        "ebitdaratio": 0.3082089489,
        "operatingIncome": 173120000,
        "operatingIncomeRatio": 0.2100310703,
        "totalOtherIncomeExpensesNet": 9724000,
        "incomeBeforeTax": 182844000,
        "incomeBeforeTaxRatio": 0.2218283331,
        "incomeTaxExpense": 40024000,
        "netIncome": 142820000,
        "netIncomeRatio": 0.1732707802,
        "eps": 0.26,
        "epsdiluted": 0.23,
        "weightedAverageShsOut": 565024000,
        "weightedAverageShsOutDil": 614350000,
        "link": "https://www.sec.gov/Archives/edgar/data/718877/000110465907045948/0001104659-07-045948-index.htm",
        "finalLink": "https://www.sec.gov/Archives/edgar/data/718877/000110465907045948/a07-16061_310q.htm"
    },
    {
        "date": "2006-09-30",
        "symbol": "ATVI",
        "reportedCurrency": "USD",
        "cik": "0000718877",
        "fillingDate": "2007-06-07",
        "acceptedDate": "2007-06-07 06:03:05",
        "calendarYear": "2006",
        "period": "Q3",
        "revenue": 188172000,
        "costOfRevenue": 141078000,
        "grossProfit": 47094000,
        "grossProfitRatio": 0.2502710286,
        "researchAndDevelopmentExpenses": 25608000,
        "generalAndAdministrativeExpenses": 26346000,
        "sellingAndMarketingExpenses": 32550000,
        "sellingGeneralAndAdministrativeExpenses": 58896000,
        "otherExpenses": 0,
        "operatingExpenses": 84504000,
        "costAndExpenses": 225582000,
        "interestIncome": 0,
        "interestExpense": 0,
        "depreciationAndAmortization": 9241000,
        "ebitda": -28169000,
        "ebitdaratio": -0.1496981485,
        "operatingIncome": -37410000,
        "operatingIncomeRatio": -0.198807474,
        "totalOtherIncomeExpensesNet": 8032000,
        "incomeBeforeTax": -29378000,
        "incomeBeforeTaxRatio": -0.1561231214,
        "incomeTaxExpense": -5076000,
        "netIncome": -24302000,
        "netIncomeRatio": -0.1291478009,
        "eps": -0.0433,
        "epsdiluted": -0.0433,
        "weightedAverageShsOut": 561254000,
        "weightedAverageShsOutDil": 561254000,
        "link": "https://www.sec.gov/Archives/edgar/data/718877/000110465907045944/0001104659-07-045944-index.htm",
        "finalLink": "https://www.sec.gov/Archives/edgar/data/718877/000110465907045944/a07-16061_210q.htm"
    },
    {
        "date": "2006-06-30",
        "symbol": "ATVI",
        "reportedCurrency": "USD",
        "cik": "0000718877",
        "fillingDate": "2006-08-08",
        "acceptedDate": "2006-08-08 16:24:43",
        "calendarYear": "2006",
        "period": "Q2",
        "revenue": 188069000,
        "costOfRevenue": 137789000,
        "grossProfit": 50280000,
        "grossProfitRatio": 0.2673486859,
        "researchAndDevelopmentExpenses": 25422000,
        "generalAndAdministrativeExpenses": 21450000,
        "sellingAndMarketingExpenses": 36194000,
        "sellingGeneralAndAdministrativeExpenses": 57644000,
        "otherExpenses": 0,
        "operatingExpenses": 83066000,
        "costAndExpenses": 220855000,
        "interestIncome": 0,
        "interestExpense": 0,
        "depreciationAndAmortization": 25561000,
        "ebitda": -7227000,
        "ebitdaratio": -0.0384273857,
        "operatingIncome": -32786000,
        "operatingIncomeRatio": -0.1743296343,
        "totalOtherIncomeExpensesNet": 8275000,
        "incomeBeforeTax": -24511000,
        "incomeBeforeTaxRatio": -0.1303298258,
        "incomeTaxExpense": -6685000,
        "netIncome": -17826000,
        "netIncomeRatio": -0.0947843611,
        "eps": -0.032,
        "epsdiluted": -0.032,
        "weightedAverageShsOut": 556670000,
        "weightedAverageShsOutDil": 556670000,
        "link": "https://www.sec.gov/Archives/edgar/data/718877/000110465906052524/0001104659-06-052524-index.htm",
        "finalLink": "https://www.sec.gov/Archives/edgar/data/718877/000110465906052524/a06-16940_110q.htm"
    },
    {
        "date": "2006-03-31",
        "symbol": "ATVI",
        "reportedCurrency": "USD",
        "cik": "0000718877",
        "fillingDate": "2006-06-09",
        "acceptedDate": "2006-06-09 16:21:24",
        "calendarYear": "2006",
        "period": "Q1",
        "revenue": 188125000,
        "costOfRevenue": 128309000,
        "grossProfit": 59816000,
        "grossProfitRatio": 0.317958804,
        "researchAndDevelopmentExpenses": 32769000,
        "generalAndAdministrativeExpenses": 0,
        "sellingAndMarketingExpenses": 0,
        "sellingGeneralAndAdministrativeExpenses": 53162000,
        "otherExpenses": 0,
        "operatingExpenses": 85931000,
        "costAndExpenses": 214240000,
        "interestIncome": 0,
        "interestExpense": 0,
        "depreciationAndAmortization": 9832000,
        "ebitda": -16285000,
        "ebitdaratio": -0.0865647841,
        "operatingIncome": -26115000,
        "operatingIncomeRatio": -0.1388172757,
        "totalOtherIncomeExpensesNet": 7790000,
        "incomeBeforeTax": -18325000,
        "incomeBeforeTaxRatio": -0.0974086379,
        "incomeTaxExpense": -9106000,
        "netIncome": -9219000,
        "netIncomeRatio": -0.0490046512,
        "eps": -0.0167,
        "epsdiluted": -0.0156,
        "weightedAverageShsOut": 552882000,
        "weightedAverageShsOutDil": 591634000,
        "link": "https://www.sec.gov/Archives/edgar/data/718877/000110465906040913/0001104659-06-040913-index.htm",
        "finalLink": "https://www.sec.gov/Archives/edgar/data/718877/000110465906040913/a06-9724_110k.htm"
    },
    {
        "date": "2005-12-31",
        "symbol": "ATVI",
        "reportedCurrency": "USD",
        "cik": "0000718877",
        "fillingDate": "2006-02-08",
        "acceptedDate": "2006-02-08 15:06:51",
        "calendarYear": "2005",
        "period": "Q4",
        "revenue": 816242000,
        "costOfRevenue": 498325000,
        "grossProfit": 317917000,
        "grossProfitRatio": 0.3894886566,
        "researchAndDevelopmentExpenses": 53139000,
        "generalAndAdministrativeExpenses": 24712000,
        "sellingAndMarketingExpenses": 155999000,
        "sellingGeneralAndAdministrativeExpenses": 180711000,
        "otherExpenses": 0,
        "operatingExpenses": 233850000,
        "costAndExpenses": 732175000,
        "interestIncome": 0,
        "interestExpense": 0,
        "depreciationAndAmortization": 82887000,
        "ebitda": 84067000,
        "ebitdaratio": 0.1029927399,
        "operatingIncome": 84067000,
        "operatingIncomeRatio": 0.1029927399,
        "totalOtherIncomeExpensesNet": 9162000,
        "incomeBeforeTax": 93229000,
        "incomeBeforeTaxRatio": 0.1142173522,
        "incomeTaxExpense": 25284000,
        "netIncome": 67945000,
        "netIncomeRatio": 0.0832412446,
        "eps": 0.13,
        "epsdiluted": 0.12,
        "weightedAverageShsOut": 549930000,
        "weightedAverageShsOutDil": 592410000,
        "link": "https://www.sec.gov/Archives/edgar/data/718877/000110465906006951/0001104659-06-006951-index.htm",
        "finalLink": "https://www.sec.gov/Archives/edgar/data/718877/000110465906006951/a06-4415_110q.htm"
    },
    {
        "date": "2005-09-30",
        "symbol": "ATVI",
        "reportedCurrency": "USD",
        "cik": "0000718877",
        "fillingDate": "2005-11-03",
        "acceptedDate": "2005-11-03 16:04:00",
        "calendarYear": "2005",
        "period": "Q3",
        "revenue": 222540000,
        "costOfRevenue": 141458000,
        "grossProfit": 81082000,
        "grossProfitRatio": 0.3643479824,
        "researchAndDevelopmentExpenses": 28072000,
        "generalAndAdministrativeExpenses": 22917000,
        "sellingAndMarketingExpenses": 56640000,
        "sellingGeneralAndAdministrativeExpenses": 79557000,
        "otherExpenses": 0,
        "operatingExpenses": 107629000,
        "costAndExpenses": 249087000,
        "interestIncome": 0,
        "interestExpense": 0,
        "depreciationAndAmortization": 25544000,
        "ebitda": -1007000,
        "ebitdaratio": -0.0045250292,
        "operatingIncome": -26547000,
        "operatingIncomeRatio": -0.119290914,
        "totalOtherIncomeExpensesNet": 6330000,
        "incomeBeforeTax": -20217000,
        "incomeBeforeTaxRatio": -0.0908465894,
        "incomeTaxExpense": -6975000,
        "netIncome": -13242000,
        "netIncomeRatio": -0.0595039094,
        "eps": -0.0182,
        "epsdiluted": -0.0182,
        "weightedAverageShsOut": 725659191,
        "weightedAverageShsOutDil": 725659191,
        "link": "https://www.sec.gov/Archives/edgar/data/718877/000110465905052329/0001104659-05-052329-index.htm",
        "finalLink": "https://www.sec.gov/Archives/edgar/data/718877/000110465905052329/a05-18513_110q.htm"
    },
    {
        "date": "2005-06-30",
        "symbol": "ATVI",
        "reportedCurrency": "USD",
        "cik": "0000718877",
        "fillingDate": "2005-08-04",
        "acceptedDate": "2005-08-04 15:43:57",
        "calendarYear": "2005",
        "period": "Q2",
        "revenue": 241093000,
        "costOfRevenue": 172270000,
        "grossProfit": 68823000,
        "grossProfitRatio": 0.2854624564,
        "researchAndDevelopmentExpenses": 17802000,
        "generalAndAdministrativeExpenses": 18151000,
        "sellingAndMarketingExpenses": 46318000,
        "sellingGeneralAndAdministrativeExpenses": 64469000,
        "otherExpenses": 0,
        "operatingExpenses": 82271000,
        "costAndExpenses": 254541000,
        "interestIncome": 0,
        "interestExpense": 0,
        "depreciationAndAmortization": 24993000,
        "ebitda": 19461000,
        "ebitdaratio": 0.0807198882,
        "operatingIncome": -13448000,
        "operatingIncomeRatio": -0.0557793051,
        "totalOtherIncomeExpensesNet": 7348000,
        "incomeBeforeTax": -6100000,
        "incomeBeforeTaxRatio": -0.0253014397,
        "incomeTaxExpense": -2515000,
        "netIncome": -3585000,
        "netIncomeRatio": -0.0148697805,
        "eps": -0.005,
        "epsdiluted": -0.005,
        "weightedAverageShsOut": 717691390,
        "weightedAverageShsOutDil": 717691390,
        "link": "https://www.sec.gov/Archives/edgar/data/718877/000110465905036463/0001104659-05-036463-index.htm",
        "finalLink": "https://www.sec.gov/Archives/edgar/data/718877/000110465905036463/a05-14151_110q.htm"
    },
    {
        "date": "2005-03-31",
        "symbol": "ATVI",
        "reportedCurrency": "USD",
        "cik": "0000718877",
        "fillingDate": "2005-06-09",
        "acceptedDate": "2005-06-09 15:38:36",
        "calendarYear": "2005",
        "period": "Q1",
        "revenue": 203861000,
        "costOfRevenue": 141544000,
        "grossProfit": 62317000,
        "grossProfitRatio": 0.3056837747,
        "researchAndDevelopmentExpenses": 20489000,
        "generalAndAdministrativeExpenses": 0,
        "sellingAndMarketingExpenses": 0,
        "sellingGeneralAndAdministrativeExpenses": 44727000,
        "otherExpenses": 0,
        "operatingExpenses": 65216000,
        "costAndExpenses": 206760000,
        "interestIncome": 0,
        "interestExpense": 0,
        "depreciationAndAmortization": 12077000,
        "ebitda": 9178000,
        "ebitdaratio": 0.0450208721,
        "operatingIncome": -2899000,
        "operatingIncomeRatio": -0.0142204738,
        "totalOtherIncomeExpensesNet": 5138000,
        "incomeBeforeTax": 2239000,
        "incomeBeforeTaxRatio": 0.0109829737,
        "incomeTaxExpense": -1334000,
        "netIncome": 3573000,
        "netIncomeRatio": 0.0175266481,
        "eps": 0.0006,
        "epsdiluted": 0.0006,
        "weightedAverageShsOut": 536081661,
        "weightedAverageShsOutDil": 536081661,
        "link": "https://www.sec.gov/Archives/edgar/data/718877/000110465905027535/0001104659-05-027535-index.htm",
        "finalLink": "https://www.sec.gov/Archives/edgar/data/718877/000110465905027535/a05-8078_110k.htm"
    },
    {
        "date": "2004-12-31",
        "symbol": "ATVI",
        "reportedCurrency": "USD",
        "cik": "0000718877",
        "fillingDate": "2005-02-08",
        "acceptedDate": "2005-02-08 06:06:30",
        "calendarYear": "2004",
        "period": "Q4",
        "revenue": 680094000,
        "costOfRevenue": 397292000,
        "grossProfit": 282802000,
        "grossProfitRatio": 0.415827812,
        "researchAndDevelopmentExpenses": 25068000,
        "generalAndAdministrativeExpenses": 15407000,
        "sellingAndMarketingExpenses": 105248000,
        "sellingGeneralAndAdministrativeExpenses": 120655000,
        "otherExpenses": 0,
        "operatingExpenses": 145723000,
        "costAndExpenses": 543015000,
        "interestIncome": 0,
        "interestExpense": 0,
        "depreciationAndAmortization": 63046000,
        "ebitda": 200125000,
        "ebitdaratio": 0.2942607934,
        "operatingIncome": 137079000,
        "operatingIncomeRatio": 0.2015589022,
        "totalOtherIncomeExpensesNet": 3197000,
        "incomeBeforeTax": 140276000,
        "incomeBeforeTaxRatio": 0.2062597229,
        "incomeTaxExpense": 43014000,
        "netIncome": 97262000,
        "netIncomeRatio": 0.1430125836,
        "eps": 0.11,
        "epsdiluted": 0.0984,
        "weightedAverageShsOut": 883756699,
        "weightedAverageShsOutDil": 983445936,
        "link": "https://www.sec.gov/Archives/edgar/data/718877/000110465905004430/0001104659-05-004430-index.htm",
        "finalLink": "https://www.sec.gov/Archives/edgar/data/718877/000110465905004430/a05-2750_110q.htm"
    },
    {
        "date": "2004-09-30",
        "symbol": "ATVI",
        "reportedCurrency": "USD",
        "cik": "0000718877",
        "fillingDate": "2004-11-05",
        "acceptedDate": "2004-11-05 17:19:49",
        "calendarYear": "2004",
        "period": "Q3",
        "revenue": 310626000,
        "costOfRevenue": 187091000,
        "grossProfit": 123535000,
        "grossProfitRatio": 0.3976969088,
        "researchAndDevelopmentExpenses": 19881000,
        "generalAndAdministrativeExpenses": 15762000,
        "sellingAndMarketingExpenses": 53234000,
        "sellingGeneralAndAdministrativeExpenses": 68996000,
        "otherExpenses": 0,
        "operatingExpenses": 88877000,
        "costAndExpenses": 275968000,
        "interestIncome": 0,
        "interestExpense": 0,
        "depreciationAndAmortization": 36049000,
        "ebitda": 34658000,
        "ebitdaratio": 0.1115746911,
        "operatingIncome": 34658000,
        "operatingIncomeRatio": 0.1115746911,
        "totalOtherIncomeExpensesNet": 2645000,
        "incomeBeforeTax": 37303000,
        "incomeBeforeTaxRatio": 0.1200897542,
        "incomeTaxExpense": 11760000,
        "netIncome": 25543000,
        "netIncomeRatio": 0.0822307212,
        "eps": 0.0281,
        "epsdiluted": 0.0253,
        "weightedAverageShsOut": 875444226,
        "weightedAverageShsOutDil": 965068189,
        "link": "https://www.sec.gov/Archives/edgar/data/718877/000110465904033971/0001104659-04-033971-index.htm",
        "finalLink": "https://www.sec.gov/Archives/edgar/data/718877/000110465904033971/a04-12882_110q.htm"
    },
    {
        "date": "2004-06-30",
        "symbol": "ATVI",
        "reportedCurrency": "USD",
        "cik": "0000718877",
        "fillingDate": "2004-08-03",
        "acceptedDate": "2004-08-03 17:15:18",
        "calendarYear": "2004",
        "period": "Q2",
        "revenue": 211276000,
        "costOfRevenue": 119019000,
        "grossProfit": 92257000,
        "grossProfitRatio": 0.4366657831,
        "researchAndDevelopmentExpenses": 21105000,
        "generalAndAdministrativeExpenses": 13685000,
        "sellingAndMarketingExpenses": 41734000,
        "sellingGeneralAndAdministrativeExpenses": 55419000,
        "otherExpenses": 0,
        "operatingExpenses": 76524000,
        "costAndExpenses": 195543000,
        "interestIncome": 0,
        "interestExpense": 0,
        "depreciationAndAmortization": 34329000,
        "ebitda": 50062000,
        "ebitdaratio": 0.2369507185,
        "operatingIncome": 15733000,
        "operatingIncomeRatio": 0.0744665745,
        "totalOtherIncomeExpensesNet": 2112000,
        "incomeBeforeTax": 17845000,
        "incomeBeforeTaxRatio": 0.0844629773,
        "incomeTaxExpense": 5888000,
        "netIncome": 11957000,
        "netIncomeRatio": 0.056594218,
        "eps": 0.0197,
        "epsdiluted": 0.0169,
        "weightedAverageShsOut": 653073122,
        "weightedAverageShsOutDil": 727213415,
        "link": "https://www.sec.gov/Archives/edgar/data/718877/000110465904022041/0001104659-04-022041-index.htm",
        "finalLink": "https://www.sec.gov/Archives/edgar/data/718877/000110465904022041/a04-8701_110q.htm"
    },
    {
        "date": "2004-03-31",
        "symbol": "ATVI",
        "reportedCurrency": "USD",
        "cik": "0000718877",
        "fillingDate": "2004-06-10",
        "acceptedDate": "2004-06-10 16:43:37",
        "calendarYear": "2004",
        "period": "Q1",
        "revenue": 162897000,
        "costOfRevenue": 105262000,
        "grossProfit": 57635000,
        "grossProfitRatio": 0.3538125318,
        "researchAndDevelopmentExpenses": 18031000,
        "generalAndAdministrativeExpenses": 0,
        "sellingAndMarketingExpenses": 0,
        "sellingGeneralAndAdministrativeExpenses": 34961000,
        "otherExpenses": 0,
        "operatingExpenses": 52992000,
        "costAndExpenses": 158254000,
        "interestIncome": 0,
        "interestExpense": 0,
        "depreciationAndAmortization": 14709000,
        "ebitda": 19348000,
        "ebitdaratio": 0.1187744403,
        "operatingIncome": 4643000,
        "operatingIncomeRatio": 0.0285026735,
        "totalOtherIncomeExpensesNet": 2050000,
        "incomeBeforeTax": 6693000,
        "incomeBeforeTaxRatio": 0.0410873128,
        "incomeTaxExpense": 29000,
        "netIncome": 6664000,
        "netIncomeRatio": 0.0409092862,
        "eps": -0.0141,
        "epsdiluted": -0.0141,
        "weightedAverageShsOut": 1249189096,
        "weightedAverageShsOutDil": 1375378338,
        "link": "https://www.sec.gov/Archives/edgar/data/718877/000110465904016641/0001104659-04-016641-index.htm",
        "finalLink": "https://www.sec.gov/Archives/edgar/data/718877/000110465904016641/a04-6777_110k.htm"
    },
    {
        "date": "2003-12-31",
        "symbol": "ATVI",
        "reportedCurrency": "USD",
        "cik": "0000718877",
        "fillingDate": "2004-02-12",
        "acceptedDate": "2004-02-12 17:02:28",
        "calendarYear": "2003",
        "period": "Q4",
        "revenue": 462867000,
        "costOfRevenue": 268445000,
        "grossProfit": 240066000,
        "grossProfitRatio": 0.5186500658,
        "researchAndDevelopmentExpenses": 50354000,
        "generalAndAdministrativeExpenses": 14248000,
        "sellingAndMarketingExpenses": 58503000,
        "sellingGeneralAndAdministrativeExpenses": 72751000,
        "otherExpenses": 41060000,
        "operatingExpenses": 128105000,
        "costAndExpenses": 396550000,
        "interestIncome": 0,
        "interestExpense": 0,
        "depreciationAndAmortization": 46734000,
        "ebitda": 158694000,
        "ebitdaratio": 0.342850106,
        "operatingIncome": 121078000,
        "operatingIncomeRatio": 0.2615827009,
        "totalOtherIncomeExpensesNet": 3893000,
        "incomeBeforeTax": 118425000,
        "incomeBeforeTaxRatio": 0.2558510328,
        "incomeTaxExpense": 41444000,
        "netIncome": 76981000,
        "netIncomeRatio": 0.1663134334,
        "eps": 0.11,
        "epsdiluted": 0.0994,
        "weightedAverageShsOut": 710071161,
        "weightedAverageShsOutDil": 778771726,
        "link": "https://www.sec.gov/Archives/edgar/data/718877/000110465904003937/0001104659-04-003937-index.htm",
        "finalLink": "https://www.sec.gov/Archives/edgar/data/718877/000110465904003937/a04-2044_110q.htm"
    },
    {
        "date": "2003-09-30",
        "symbol": "ATVI",
        "reportedCurrency": "USD",
        "cik": "0000718877",
        "fillingDate": "2003-11-14",
        "acceptedDate": "2003-11-13 19:06:35",
        "calendarYear": "2003",
        "period": "Q3",
        "revenue": 117523000,
        "costOfRevenue": 91189000,
        "grossProfit": 26334000,
        "grossProfitRatio": 0.2240752874,
        "researchAndDevelopmentExpenses": 15894000,
        "generalAndAdministrativeExpenses": 10136000,
        "sellingAndMarketingExpenses": 17237000,
        "sellingGeneralAndAdministrativeExpenses": 27373000,
        "otherExpenses": 0,
        "operatingExpenses": 43267000,
        "costAndExpenses": 134456000,
        "interestIncome": 0,
        "interestExpense": 0,
        "depreciationAndAmortization": 15957000,
        "ebitda": -996000,
        "ebitdaratio": -0.0084749368,
        "operatingIncome": -16933000,
        "operatingIncomeRatio": -0.1440824349,
        "totalOtherIncomeExpensesNet": 1404000,
        "incomeBeforeTax": -15529000,
        "incomeBeforeTaxRatio": -0.1321358372,
        "incomeTaxExpense": -5436000,
        "netIncome": -10093000,
        "netIncomeRatio": -0.0858810616,
        "eps": -0.008,
        "epsdiluted": -0.0215,
        "weightedAverageShsOut": 1256337808,
        "weightedAverageShsOutDil": 470173823,
        "link": "https://www.sec.gov/Archives/edgar/data/718877/000110465903026298/0001104659-03-026298-index.htm",
        "finalLink": "https://www.sec.gov/Archives/edgar/data/718877/000110465903026298/a03-5494_110q.htm"
    },
    {
        "date": "2003-06-30",
        "symbol": "ATVI",
        "reportedCurrency": "USD",
        "cik": "0000718877",
        "fillingDate": "2003-08-04",
        "acceptedDate": "2003-08-04 15:28:57",
        "calendarYear": "2003",
        "period": "Q2",
        "revenue": 158725000,
        "costOfRevenue": 102251000,
        "grossProfit": 56474000,
        "grossProfitRatio": 0.3557977634,
        "researchAndDevelopmentExpenses": 13580000,
        "generalAndAdministrativeExpenses": 11463000,
        "sellingAndMarketingExpenses": 26285000,
        "sellingGeneralAndAdministrativeExpenses": 37748000,
        "otherExpenses": 0,
        "operatingExpenses": 51328000,
        "costAndExpenses": 153579000,
        "interestIncome": 0,
        "interestExpense": 0,
        "depreciationAndAmortization": 21296000,
        "ebitda": 26446000,
        "ebitdaratio": 0.166615215,
        "operatingIncome": 5146000,
        "operatingIncomeRatio": 0.0324208537,
        "totalOtherIncomeExpensesNet": 1257000,
        "incomeBeforeTax": 6403000,
        "incomeBeforeTaxRatio": 0.0403402111,
        "incomeTaxExpense": 2240000,
        "netIncome": 4163000,
        "netIncomeRatio": 0.0262277524,
        "eps": 0.0033,
        "epsdiluted": 0.0075,
        "weightedAverageShsOut": 1256337808,
        "weightedAverageShsOutDil": 500081661,
        "link": "https://www.sec.gov/Archives/edgar/data/718877/000110465903016538/0001104659-03-016538-index.htm",
        "finalLink": "https://www.sec.gov/Archives/edgar/data/718877/000110465903016538/a03-1770_110q.htm"
    },
    {
        "date": "2003-03-31",
        "symbol": "ATVI",
        "reportedCurrency": "USD",
        "cik": "0000718877",
        "fillingDate": "2003-06-19",
        "acceptedDate": "2003-06-19 17:08:55",
        "calendarYear": "2003",
        "period": "Q1",
        "revenue": 125001000,
        "costOfRevenue": 96069000,
        "grossProfit": 28932000,
        "grossProfitRatio": 0.2314541484,
        "researchAndDevelopmentExpenses": 18203000,
        "generalAndAdministrativeExpenses": 0,
        "sellingAndMarketingExpenses": 0,
        "sellingGeneralAndAdministrativeExpenses": 25173000,
        "otherExpenses": 0,
        "operatingExpenses": 43376000,
        "costAndExpenses": 139445000,
        "interestIncome": 0,
        "interestExpense": 0,
        "depreciationAndAmortization": 28308000,
        "ebitda": 22764000,
        "ebitdaratio": 0.1821105431,
        "operatingIncome": -14444000,
        "operatingIncomeRatio": -0.1155510756,
        "totalOtherIncomeExpensesNet": 2006000,
        "incomeBeforeTax": -12438000,
        "incomeBeforeTaxRatio": -0.099503204,
        "incomeTaxExpense": -4481000,
        "netIncome": -7957000,
        "netIncomeRatio": -0.0636554908,
        "eps": -0.0063,
        "epsdiluted": -0.0166,
        "weightedAverageShsOut": 1256337808,
        "weightedAverageShsOutDil": 480209204,
        "link": "https://www.sec.gov/Archives/edgar/data/718877/000110465903012724/0001104659-03-012724-index.htm",
        "finalLink": "https://www.sec.gov/Archives/edgar/data/718877/000110465903012724/j2068_10k.htm"
    },
    {
        "date": "2002-12-31",
        "symbol": "ATVI",
        "reportedCurrency": "USD",
        "cik": "0000718877",
        "fillingDate": "2003-01-31",
        "acceptedDate": "2003-01-31 16:13:38",
        "calendarYear": "2002",
        "period": "Q4",
        "revenue": 378685000,
        "costOfRevenue": 253302000,
        "grossProfit": 125383000,
        "grossProfitRatio": 0.331101047,
        "researchAndDevelopmentExpenses": 13758000,
        "generalAndAdministrativeExpenses": 10989000,
        "sellingAndMarketingExpenses": 33875000,
        "sellingGeneralAndAdministrativeExpenses": 44864000,
        "otherExpenses": 0,
        "operatingExpenses": 58622000,
        "costAndExpenses": 311924000,
        "interestIncome": 0,
        "interestExpense": 0,
        "depreciationAndAmortization": 43423000,
        "ebitda": 110052000,
        "ebitdaratio": 0.2906162114,
        "operatingIncome": 66761000,
        "operatingIncomeRatio": 0.1762969222,
        "totalOtherIncomeExpensesNet": 2533000,
        "incomeBeforeTax": 69294000,
        "incomeBeforeTaxRatio": 0.182985859,
        "incomeTaxExpense": 24947000,
        "netIncome": 44347000,
        "netIncomeRatio": 0.1171078865,
        "eps": 0.0353,
        "epsdiluted": 0.0197,
        "weightedAverageShsOut": 1256337808,
        "weightedAverageShsOutDil": 2264844953,
        "link": "https://www.sec.gov/Archives/edgar/data/718877/000104746903003530/0001047469-03-003530-index.htm",
        "finalLink": "https://www.sec.gov/Archives/edgar/data/718877/000104746903003530/a2101265z10-q.htm"
    },
    {
        "date": "2002-09-30",
        "symbol": "ATVI",
        "reportedCurrency": "USD",
        "cik": "0000718877",
        "fillingDate": "2002-11-01",
        "acceptedDate": "2002-11-01 16:56:49",
        "calendarYear": "2002",
        "period": "Q3",
        "revenue": 169172000,
        "costOfRevenue": 103977000,
        "grossProfit": 65195000,
        "grossProfitRatio": 0.3853770127,
        "researchAndDevelopmentExpenses": 13259000,
        "generalAndAdministrativeExpenses": 11826000,
        "sellingAndMarketingExpenses": 28776000,
        "sellingGeneralAndAdministrativeExpenses": 40602000,
        "otherExpenses": 0,
        "operatingExpenses": 53861000,
        "costAndExpenses": 157838000,
        "interestIncome": 0,
        "interestExpense": 0,
        "depreciationAndAmortization": 18508000,
        "ebitda": 29900000,
        "ebitdaratio": 0.1767431963,
        "operatingIncome": 11334000,
        "operatingIncomeRatio": 0.0669969026,
        "totalOtherIncomeExpensesNet": 2865000,
        "incomeBeforeTax": 14199000,
        "incomeBeforeTaxRatio": 0.0839323292,
        "incomeTaxExpense": 5113000,
        "netIncome": 9086000,
        "netIncomeRatio": 0.0537086515,
        "eps": 0.0072,
        "epsdiluted": 0.0163,
        "weightedAverageShsOut": 1256337808,
        "weightedAverageShsOutDil": 579867005,
        "link": "https://www.sec.gov/Archives/edgar/data/718877/000091205702040667/0000912057-02-040667-index.htm",
        "finalLink": "https://www.sec.gov/Archives/edgar/data/718877/000091205702040667/a2092440z10-q.htm"
    },
    {
        "date": "2002-06-30",
        "symbol": "ATVI",
        "reportedCurrency": "USD",
        "cik": "0000718877",
        "fillingDate": "2002-08-14",
        "acceptedDate": "2002-08-14 13:49:11",
        "calendarYear": "2002",
        "period": "Q2",
        "revenue": 191258000,
        "costOfRevenue": 111825000,
        "grossProfit": 79433000,
        "grossProfitRatio": 0.4153185749,
        "researchAndDevelopmentExpenses": 11751000,
        "generalAndAdministrativeExpenses": 14493000,
        "sellingAndMarketingExpenses": 21993000,
        "sellingGeneralAndAdministrativeExpenses": 36486000,
        "otherExpenses": 0,
        "operatingExpenses": 48237000,
        "costAndExpenses": 160062000,
        "interestIncome": 0,
        "interestExpense": 0,
        "depreciationAndAmortization": 20695000,
        "ebitda": 51891000,
        "ebitdaratio": 0.2713141411,
        "operatingIncome": 31196000,
        "operatingIncomeRatio": 0.163109517,
        "totalOtherIncomeExpensesNet": 1156000,
        "incomeBeforeTax": 32352000,
        "incomeBeforeTaxRatio": 0.1691537086,
        "incomeTaxExpense": 11648000,
        "netIncome": 20704000,
        "netIncomeRatio": 0.108251681,
        "eps": 0.0165,
        "epsdiluted": 0.0388,
        "weightedAverageShsOut": 1256337808,
        "weightedAverageShsOutDil": 533973300,
        "link": "https://www.sec.gov/Archives/edgar/data/718877/000091205702031935/0000912057-02-031935-index.htm",
        "finalLink": "https://www.sec.gov/Archives/edgar/data/718877/000091205702031935/a2086837z10-q.htm"
    },
    {
        "date": "2002-03-31",
        "symbol": "ATVI",
        "reportedCurrency": "USD",
        "cik": "0000718877",
        "fillingDate": "2002-06-28",
        "acceptedDate": "2002-06-28 15:21:13",
        "calendarYear": "2002",
        "period": "Q1",
        "revenue": 164911000,
        "costOfRevenue": 105646000,
        "grossProfit": 59265000,
        "grossProfitRatio": 0.3593756632,
        "researchAndDevelopmentExpenses": 11901000,
        "generalAndAdministrativeExpenses": 0,
        "sellingAndMarketingExpenses": 0,
        "sellingGeneralAndAdministrativeExpenses": 30502000,
        "otherExpenses": 0,
        "operatingExpenses": 42403000,
        "costAndExpenses": 148049000,
        "interestIncome": 0,
        "interestExpense": 0,
        "depreciationAndAmortization": 12296000,
        "ebitda": 29158000,
        "ebitdaratio": 0.176810522,
        "operatingIncome": 16862000,
        "operatingIncomeRatio": 0.1022490919,
        "totalOtherIncomeExpensesNet": 623000,
        "incomeBeforeTax": 17485000,
        "incomeBeforeTaxRatio": 0.1060268872,
        "incomeTaxExpense": 6601000,
        "netIncome": 10884000,
        "netIncomeRatio": 0.065999236,
        "eps": 0.0087,
        "epsdiluted": 0.0188,
        "weightedAverageShsOut": 1256337808,
        "weightedAverageShsOutDil": 543292834,
        "link": "https://www.sec.gov/Archives/edgar/data/718877/000091205702025821/0000912057-02-025821-index.htm",
        "finalLink": "https://www.sec.gov/Archives/edgar/data/718877/000091205702025821/a2083006z10-k.htm"
    },
    {
        "date": "2001-12-31",
        "symbol": "ATVI",
        "reportedCurrency": "USD",
        "cik": "0000718877",
        "fillingDate": "2002-02-13",
        "acceptedDate": "2002-02-13 00:00:00",
        "calendarYear": "2001",
        "period": "Q4",
        "revenue": 371341000,
        "costOfRevenue": 253644000,
        "grossProfit": 117697000,
        "grossProfitRatio": 0.3169512658,
        "researchAndDevelopmentExpenses": 10848000,
        "generalAndAdministrativeExpenses": 13165000,
        "sellingAndMarketingExpenses": 31883000,
        "sellingGeneralAndAdministrativeExpenses": 45048000,
        "otherExpenses": 0,
        "operatingExpenses": 55896000,
        "costAndExpenses": 309540000,
        "interestIncome": 0,
        "interestExpense": 271000,
        "depreciationAndAmortization": 36167000,
        "ebitda": 97968000,
        "ebitdaratio": 0.2638222012,
        "operatingIncome": 61801000,
        "operatingIncomeRatio": 0.166426546,
        "totalOtherIncomeExpensesNet": 271000,
        "incomeBeforeTax": 62072000,
        "incomeBeforeTaxRatio": 0.1671563334,
        "incomeTaxExpense": 22962000,
        "netIncome": 39110000,
        "netIncomeRatio": 0.1053209853,
        "eps": 0.0311,
        "epsdiluted": 0.0825,
        "weightedAverageShsOut": 1256337808,
        "weightedAverageShsOutDil": 474320283,
        "link": "https://www.sec.gov/Archives/edgar/data/718877/000091205702005614/0000912057-02-005614-index.htm",
        "finalLink": "https://www.sec.gov/Archives/edgar/data/718877/000091205702005614/a2070146z10-q.htm"
    },
    {
        "date": "2001-09-30",
        "symbol": "ATVI",
        "reportedCurrency": "USD",
        "cik": "0000718877",
        "fillingDate": "2001-11-13",
        "acceptedDate": "2001-11-13 00:00:00",
        "calendarYear": "2001",
        "period": "Q3",
        "revenue": 139604000,
        "costOfRevenue": 101322000,
        "grossProfit": 38282000,
        "grossProfitRatio": 0.2742185038,
        "researchAndDevelopmentExpenses": 9020000,
        "generalAndAdministrativeExpenses": 9693000,
        "sellingAndMarketingExpenses": 16425000,
        "sellingGeneralAndAdministrativeExpenses": 26118000,
        "otherExpenses": 0,
        "operatingExpenses": 35138000,
        "costAndExpenses": 136460000,
        "interestIncome": 0,
        "interestExpense": 372000,
        "depreciationAndAmortization": 12560000,
        "ebitda": 15704000,
        "ebitdaratio": 0.1124896135,
        "operatingIncome": 3144000,
        "operatingIncomeRatio": 0.0225208447,
        "totalOtherIncomeExpensesNet": 372000,
        "incomeBeforeTax": 3516000,
        "incomeBeforeTaxRatio": 0.0251855248,
        "incomeTaxExpense": 1301000,
        "netIncome": 2215000,
        "netIncomeRatio": 0.0158663076,
        "eps": 0.0018,
        "epsdiluted": 0.005,
        "weightedAverageShsOut": 1256337808,
        "weightedAverageShsOutDil": 457177140,
        "link": "https://www.sec.gov/Archives/edgar/data/718877/000091205701538780/0000912057-01-538780-index.htm",
        "finalLink": "https://www.sec.gov/Archives/edgar/data/718877/000091205701538780/a2063255z10-q.htm"
    },
    {
        "date": "2001-06-30",
        "symbol": "ATVI",
        "reportedCurrency": "USD",
        "cik": "0000718877",
        "fillingDate": "2001-08-14",
        "acceptedDate": "2001-08-14 00:00:00",
        "calendarYear": "2001",
        "period": "Q2",
        "revenue": 110577000,
        "costOfRevenue": 74120000,
        "grossProfit": 36457000,
        "grossProfitRatio": 0.3296978576,
        "researchAndDevelopmentExpenses": 9191000,
        "generalAndAdministrativeExpenses": 9745000,
        "sellingAndMarketingExpenses": 18756000,
        "sellingGeneralAndAdministrativeExpenses": 28501000,
        "otherExpenses": 0,
        "operatingExpenses": 37692000,
        "costAndExpenses": 111812000,
        "interestIncome": 0,
        "interestExpense": 1281000,
        "depreciationAndAmortization": 19172000,
        "ebitda": -7981000,
        "ebitdaratio": -0.0721759498,
        "operatingIncome": -1235000,
        "operatingIncomeRatio": -0.0111686879,
        "totalOtherIncomeExpensesNet": 0,
        "incomeBeforeTax": 46000,
        "incomeBeforeTaxRatio": 0.0004159997,
        "incomeTaxExpense": 17000,
        "netIncome": 29000,
        "netIncomeRatio": 0.0002622607,
        "eps": 2.3083e-05,
        "epsdiluted": 0.0001,
        "weightedAverageShsOut": 1256337808,
        "weightedAverageShsOutDil": 427694614,
        "link": "https://www.sec.gov/Archives/edgar/data/718877/000091205701528712/0000912057-01-528712-index.htm",
        "finalLink": "https://www.sec.gov/Archives/edgar/data/718877/000091205701528712/a2056759z10-q.htm"
    },
    {
        "date": "2001-03-31",
        "symbol": "ATVI",
        "reportedCurrency": "USD",
        "cik": "0000718877",
        "fillingDate": "2001-06-27",
        "acceptedDate": "2001-06-27 00:00:00",
        "calendarYear": "2001",
        "period": "Q1",
        "revenue": 126790000,
        "costOfRevenue": 89366000,
        "grossProfit": 37424000,
        "grossProfitRatio": 0.2951652339,
        "researchAndDevelopmentExpenses": 11085000,
        "generalAndAdministrativeExpenses": 0,
        "sellingAndMarketingExpenses": 0,
        "sellingGeneralAndAdministrativeExpenses": 22822000,
        "otherExpenses": -130000,
        "operatingExpenses": 35409000,
        "costAndExpenses": 124775000,
        "interestIncome": 0,
        "interestExpense": 0,
        "depreciationAndAmortization": 7294000,
        "ebitda": 9309000,
        "ebitdaratio": 0.0734206168,
        "operatingIncome": 2015000,
        "operatingIncomeRatio": 0.0158924205,
        "totalOtherIncomeExpensesNet": -632000,
        "incomeBeforeTax": 1383000,
        "incomeBeforeTaxRatio": 0.0109078003,
        "incomeTaxExpense": 508000,
        "netIncome": 875000,
        "netIncomeRatio": 0.0069011752,
        "eps": 0.0007,
        "epsdiluted": 0.0028,
        "weightedAverageShsOut": 1256337808,
        "weightedAverageShsOutDil": 314852259,
        "link": "https://www.sec.gov/Archives/edgar/data/718877/000091205701521517/0000912057-01-521517-index.htm",
        "finalLink": "https://www.sec.gov/Archives/edgar/data/718877/000091205701521517/a2052327z10-k.htm"
    },
    {
        "date": "2000-12-31",
        "symbol": "ATVI",
        "reportedCurrency": "USD",
        "cik": "0000718877",
        "fillingDate": "2001-02-14",
        "acceptedDate": "2001-02-14 00:00:00",
        "calendarYear": "2000",
        "period": "Q4",
        "revenue": 264473000,
        "costOfRevenue": 178794000,
        "grossProfit": 85679000,
        "grossProfitRatio": 0.3239612361,
        "researchAndDevelopmentExpenses": 11779000,
        "generalAndAdministrativeExpenses": 0,
        "sellingAndMarketingExpenses": 0,
        "sellingGeneralAndAdministrativeExpenses": 39146000,
        "otherExpenses": 0,
        "operatingExpenses": 50925000,
        "costAndExpenses": 229719000,
        "interestIncome": 0,
        "interestExpense": 0,
        "depreciationAndAmortization": 30834000,
        "ebitda": 65588000,
        "ebitdaratio": 0.2479950694,
        "operatingIncome": 34754000,
        "operatingIncomeRatio": 0.1314084992,
        "totalOtherIncomeExpensesNet": -2225000,
        "incomeBeforeTax": 32529000,
        "incomeBeforeTaxRatio": 0.1229955421,
        "incomeTaxExpense": 12024000,
        "netIncome": 20505000,
        "netIncomeRatio": 0.0775315439,
        "eps": 0.0163,
        "epsdiluted": 0.0583,
        "weightedAverageShsOut": 1256337808,
        "weightedAverageShsOutDil": 364445777,
        "link": "https://www.sec.gov/Archives/edgar/data/718877/000091205701005532/0000912057-01-005532-index.htm",
        "finalLink": "https://www.sec.gov/Archives/edgar/data/718877/000091205701005532/a2038346z10-q.txt"
    },
    {
        "date": "2000-09-30",
        "symbol": "ATVI",
        "reportedCurrency": "USD",
        "cik": "0000718877",
        "fillingDate": "2000-11-14",
        "acceptedDate": "2000-11-14 00:00:00",
        "calendarYear": "2000",
        "period": "Q3",
        "revenue": 144363000,
        "costOfRevenue": 89170000,
        "grossProfit": 55193000,
        "grossProfitRatio": 0.3823209548,
        "researchAndDevelopmentExpenses": 11107000,
        "generalAndAdministrativeExpenses": 0,
        "sellingAndMarketingExpenses": 0,
        "sellingGeneralAndAdministrativeExpenses": 34550000,
        "otherExpenses": 0,
        "operatingExpenses": 45657000,
        "costAndExpenses": 134827000,
        "interestIncome": 0,
        "interestExpense": 0,
        "depreciationAndAmortization": 23039000,
        "ebitda": 32575000,
        "ebitdaratio": 0.2256464607,
        "operatingIncome": 9536000,
        "operatingIncomeRatio": 0.0660557068,
        "totalOtherIncomeExpensesNet": -2683000,
        "incomeBeforeTax": 6853000,
        "incomeBeforeTaxRatio": 0.0474706123,
        "incomeTaxExpense": 2547000,
        "netIncome": 4306000,
        "netIncomeRatio": 0.0298275874,
        "eps": 0.0034,
        "epsdiluted": 0.0142,
        "weightedAverageShsOut": 1256337808,
        "weightedAverageShsOutDil": 309572520,
        "link": "https://www.sec.gov/Archives/edgar/data/718877/000091205700049633/0000912057-00-049633-index.htm",
        "finalLink": "https://www.sec.gov/Archives/edgar/data/718877/000091205700049633/a2029465z10-q.txt"
    },
    {
        "date": "2000-06-30",
        "symbol": "ATVI",
        "reportedCurrency": "USD",
        "cik": "0000718877",
        "fillingDate": "2000-08-14",
        "acceptedDate": "2000-08-14 00:00:00",
        "calendarYear": "2000",
        "period": "Q2",
        "revenue": 84558000,
        "costOfRevenue": 57280000,
        "grossProfit": 27278000,
        "grossProfitRatio": 0.3225951418,
        "researchAndDevelopmentExpenses": 7424000,
        "generalAndAdministrativeExpenses": 0,
        "sellingAndMarketingExpenses": 0,
        "sellingGeneralAndAdministrativeExpenses": 25974000,
        "otherExpenses": 378000,
        "operatingExpenses": 33776000,
        "costAndExpenses": 91056000,
        "interestIncome": 0,
        "interestExpense": 0,
        "depreciationAndAmortization": 14026000,
        "ebitda": 7528000,
        "ebitdaratio": 0.0890276497,
        "operatingIncome": -6498000,
        "operatingIncomeRatio": -0.0768466615,
        "totalOtherIncomeExpensesNet": -1723000,
        "incomeBeforeTax": -8221000,
        "incomeBeforeTaxRatio": -0.0972232077,
        "incomeTaxExpense": -3042000,
        "netIncome": -5179000,
        "netIncomeRatio": -0.0612479008,
        "eps": -0.0041,
        "epsdiluted": -0.0175,
        "weightedAverageShsOut": 1256337808,
        "weightedAverageShsOutDil": 296241187,
        "link": "https://www.sec.gov/Archives/edgar/data/718877/000091205700036795/0000912057-00-036795-index.htm",
        "finalLink": "https://www.sec.gov/Archives/edgar/data/718877/000091205700036795/a10-q.txt"
    },
    {
        "date": "2000-03-31",
        "symbol": "ATVI",
        "reportedCurrency": "USD",
        "cik": "0000718877",
        "fillingDate": "2000-06-29",
        "acceptedDate": "2000-06-29 00:00:00",
        "calendarYear": "2000",
        "period": "Q1",
        "revenue": 103838000,
        "costOfRevenue": 90267000,
        "grossProfit": 13571000,
        "grossProfitRatio": 0.1306939656,
        "researchAndDevelopmentExpenses": 9699000,
        "generalAndAdministrativeExpenses": 0,
        "sellingAndMarketingExpenses": 0,
        "sellingGeneralAndAdministrativeExpenses": 31597000,
        "otherExpenses": 38416000,
        "operatingExpenses": 79712000,
        "costAndExpenses": 169979000,
        "interestIncome": 0,
        "interestExpense": 0,
        "depreciationAndAmortization": 68634000,
        "ebitda": 2493000,
        "ebitdaratio": 0.0240085518,
        "operatingIncome": -65991000,
        "operatingIncomeRatio": -0.6355187889,
        "totalOtherIncomeExpensesNet": 5833000,
        "incomeBeforeTax": -60158000,
        "incomeBeforeTaxRatio": -0.5793447486,
        "incomeTaxExpense": -15691000,
        "netIncome": -52878000,
        "netIncomeRatio": -0.50923554,
        "eps": -0.0421,
        "epsdiluted": -0.17,
        "weightedAverageShsOut": 1256337808,
        "weightedAverageShsOutDil": 305397677,
        "link": "https://www.sec.gov/Archives/edgar/data/718877/000091205700030433/0000912057-00-030433-index.htm",
        "finalLink": "https://www.sec.gov/Archives/edgar/data/718877/000091205700030433/a10-k.txt"
    },
    {
        "date": "1999-12-31",
        "symbol": "ATVI",
        "reportedCurrency": "USD",
        "cik": "0000718877",
        "fillingDate": "2000-02-14",
        "acceptedDate": "2000-02-14 00:00:00",
        "calendarYear": "1999",
        "period": "Q4",
        "revenue": 268862000,
        "costOfRevenue": 179090000,
        "grossProfit": 89772000,
        "grossProfitRatio": 0.3338961995,
        "researchAndDevelopmentExpenses": 6235000,
        "generalAndAdministrativeExpenses": 0,
        "sellingAndMarketingExpenses": 0,
        "sellingGeneralAndAdministrativeExpenses": 43925000,
        "otherExpenses": 33089000,
        "operatingExpenses": 51531000,
        "costAndExpenses": 230621000,
        "interestIncome": 0,
        "interestExpense": 0,
        "depreciationAndAmortization": 34240000,
        "ebitda": 72481000,
        "ebitdaratio": 0.2695843965,
        "operatingIncome": 38241000,
        "operatingIncomeRatio": 0.1422328183,
        "totalOtherIncomeExpensesNet": -2835000,
        "incomeBeforeTax": 35406000,
        "incomeBeforeTaxRatio": 0.1316883754,
        "incomeTaxExpense": 13105000,
        "netIncome": 22301000,
        "netIncomeRatio": 0.0829458979,
        "eps": 0.0124,
        "epsdiluted": 0.0763,
        "weightedAverageShsOut": 1802604454,
        "weightedAverageShsOutDil": 292379396,
        "link": "https://www.sec.gov/Archives/edgar/data/718877/000091205700006753/0000912057-00-006753-index.html",
        "finalLink": "https://www.sec.gov/Archives/edgar/data/718877/000091205700006753/"
    },
    {
        "date": "1999-09-30",
        "symbol": "ATVI",
        "reportedCurrency": "USD",
        "cik": "0000718877",
        "fillingDate": "1999-11-15",
        "acceptedDate": "1999-11-15 00:00:00",
        "calendarYear": "1999",
        "period": "Q3",
        "revenue": 115363000,
        "costOfRevenue": 77894000,
        "grossProfit": 37469000,
        "grossProfitRatio": 0.3247921777,
        "researchAndDevelopmentExpenses": 5819000,
        "generalAndAdministrativeExpenses": 0,
        "sellingAndMarketingExpenses": 0,
        "sellingGeneralAndAdministrativeExpenses": 26613000,
        "otherExpenses": 33080000,
        "operatingExpenses": 33794000,
        "costAndExpenses": 111688000,
        "interestIncome": 0,
        "interestExpense": 0,
        "depreciationAndAmortization": -39219000,
        "ebitda": -53053000,
        "ebitdaratio": -0.4598788173,
        "operatingIncome": -15034000,
        "operatingIncomeRatio": -0.1303190798,
        "totalOtherIncomeExpensesNet": 0,
        "incomeBeforeTax": 1687000,
        "incomeBeforeTaxRatio": 0.0146234061,
        "incomeTaxExpense": 624000,
        "netIncome": 1063000,
        "netIncomeRatio": 0.0092143928,
        "eps": 0.0006,
        "epsdiluted": 0.0036,
        "weightedAverageShsOut": 1761412362,
        "weightedAverageShsOutDil": 292379396,
        "link": "https://www.sec.gov/Archives/edgar/data/718877/000091205799005938/0000912057-99-005938-index.html",
        "finalLink": "https://www.sec.gov/Archives/edgar/data/718877/000091205799005938/"
    },
    {
        "date": "1999-06-30",
        "symbol": "ATVI",
        "reportedCurrency": "USD",
        "cik": "0000718877",
        "fillingDate": "1999-08-16",
        "acceptedDate": "1999-08-16 00:00:00",
        "calendarYear": "1999",
        "period": "Q2",
        "revenue": 84142000,
        "costOfRevenue": 63409000,
        "grossProfit": 20733000,
        "grossProfitRatio": 0.246404887,
        "researchAndDevelopmentExpenses": 4181000,
        "generalAndAdministrativeExpenses": 0,
        "sellingAndMarketingExpenses": 0,
        "sellingGeneralAndAdministrativeExpenses": 21841000,
        "otherExpenses": 469000,
        "operatingExpenses": 26491000,
        "costAndExpenses": 89900000,
        "interestIncome": 0,
        "interestExpense": 0,
        "depreciationAndAmortization": 9817000,
        "ebitda": 4059000,
        "ebitdaratio": 0.0482398802,
        "operatingIncome": -5758000,
        "operatingIncomeRatio": -0.0684319365,
        "totalOtherIncomeExpensesNet": -1160000,
        "incomeBeforeTax": -6918000,
        "incomeBeforeTaxRatio": -0.082218155,
        "incomeTaxExpense": -2560000,
        "netIncome": -4358000,
        "netIncomeRatio": -0.0517933969,
        "eps": -0.0026,
        "epsdiluted": -0.0156,
        "weightedAverageShsOut": 1703330178,
        "weightedAverageShsOutDil": 279361115,
        "link": "https://www.sec.gov/Archives/edgar/data/718877/000104746999032466/0001047469-99-032466-index.html",
        "finalLink": "https://www.sec.gov/Archives/edgar/data/718877/000104746999032466/"
    },
    {
        "date": "1999-03-31",
        "symbol": "ATVI",
        "reportedCurrency": "USD",
        "cik": "0000718877",
        "fillingDate": "1999-06-29",
        "acceptedDate": "1999-06-29 00:00:00",
        "calendarYear": "1999",
        "period": "Q1",
        "revenue": 124886000,
        "costOfRevenue": 82702000,
        "grossProfit": 42184000,
        "grossProfitRatio": 0.3377800554,
        "researchAndDevelopmentExpenses": 7810000,
        "generalAndAdministrativeExpenses": 0,
        "sellingAndMarketingExpenses": 0,
        "sellingGeneralAndAdministrativeExpenses": 24483000,
        "otherExpenses": 95000,
        "operatingExpenses": 32388000,
        "costAndExpenses": 115090000,
        "interestIncome": 0,
        "interestExpense": 0,
        "depreciationAndAmortization": 28705000,
        "ebitda": 38501000,
        "ebitdaratio": 0.3082891597,
        "operatingIncome": 9796000,
        "operatingIncomeRatio": 0.0784395369,
        "totalOtherIncomeExpensesNet": -1313000,
        "incomeBeforeTax": 8483000,
        "incomeBeforeTaxRatio": 0.0679259485,
        "incomeTaxExpense": 3213000,
        "netIncome": 5270000,
        "netIncomeRatio": 0.042198485,
        "eps": 0.0031,
        "epsdiluted": 0.0186,
        "weightedAverageShsOut": 1703330178,
        "weightedAverageShsOutDil": 270852640,
        "link": "https://www.sec.gov/Archives/edgar/data/718877/000104746999025826/0001047469-99-025826-index.html",
        "finalLink": "https://www.sec.gov/Archives/edgar/data/718877/000104746999025826/"
    },
    {
        "date": "1998-12-31",
        "symbol": "ATVI",
        "reportedCurrency": "USD",
        "cik": "0000718877",
        "fillingDate": "1999-02-16",
        "acceptedDate": "1999-02-16 00:00:00",
        "calendarYear": "1998",
        "period": "Q4",
        "revenue": 193537000,
        "costOfRevenue": 131521000,
        "grossProfit": 62016000,
        "grossProfitRatio": 0.3204348523,
        "researchAndDevelopmentExpenses": 3985000,
        "generalAndAdministrativeExpenses": 0,
        "sellingAndMarketingExpenses": 0,
        "sellingGeneralAndAdministrativeExpenses": 31305000,
        "otherExpenses": 14955000,
        "operatingExpenses": 35688000,
        "costAndExpenses": 167209000,
        "interestIncome": 0,
        "interestExpense": 0,
        "depreciationAndAmortization": 2059000,
        "ebitda": 28387000,
        "ebitdaratio": 0.146674796,
        "operatingIncome": 26328000,
        "operatingIncomeRatio": 0.1360360035,
        "totalOtherIncomeExpensesNet": -854000,
        "incomeBeforeTax": 25474000,
        "incomeBeforeTaxRatio": 0.1316234105,
        "incomeTaxExpense": 9452000,
        "netIncome": 16022000,
        "netIncomeRatio": 0.0827852039,
        "eps": 0.0096,
        "epsdiluted": 0.0085,
        "weightedAverageShsOut": 1645247994,
        "weightedAverageShsOutDil": 1924218997,
        "link": "https://www.sec.gov/Archives/edgar/data/718877/000104746999005627/0001047469-99-005627-index.html",
        "finalLink": "https://www.sec.gov/Archives/edgar/data/718877/"
    },
    {
        "date": "1998-09-30",
        "symbol": "ATVI",
        "reportedCurrency": "USD",
        "cik": "0000718877",
        "fillingDate": "1998-11-13",
        "acceptedDate": "1998-11-13 00:00:00",
        "calendarYear": "1998",
        "period": "Q3",
        "revenue": 66182000,
        "costOfRevenue": 48832000,
        "grossProfit": 17350000,
        "grossProfitRatio": 0.2621558732,
        "researchAndDevelopmentExpenses": 3934000,
        "generalAndAdministrativeExpenses": 0,
        "sellingAndMarketingExpenses": 0,
        "sellingGeneralAndAdministrativeExpenses": 15378000,
        "otherExpenses": 396000,
        "operatingExpenses": 19708000,
        "costAndExpenses": 68540000,
        "interestIncome": 0,
        "interestExpense": 0,
        "depreciationAndAmortization": 464000,
        "ebitda": -502000,
        "ebitdaratio": -0.007585144,
        "operatingIncome": -10923000,
        "operatingIncomeRatio": -0.1650448763,
        "totalOtherIncomeExpensesNet": 816000,
        "incomeBeforeTax": -3607000,
        "incomeBeforeTaxRatio": -0.0545012239,
        "incomeTaxExpense": -1373000,
        "netIncome": -2234000,
        "netIncomeRatio": -0.0337554018,
        "eps": -0.0014,
        "epsdiluted": -0.0014,
        "weightedAverageShsOut": 1629664349,
        "weightedAverageShsOutDil": 1629664349,
        "link": "https://www.sec.gov/Archives/edgar/data/718877/000104746998040851/0001047469-98-040851-index.html",
        "finalLink": "https://www.sec.gov/Archives/edgar/data/718877/"
    },
    {
        "date": "1998-06-30",
        "symbol": "ATVI",
        "reportedCurrency": "USD",
        "cik": "0000718877",
        "fillingDate": "1998-08-14",
        "acceptedDate": "1998-08-14 00:00:00",
        "calendarYear": "1998",
        "period": "Q2",
        "revenue": 51880000,
        "costOfRevenue": 34811000,
        "grossProfit": 17069000,
        "grossProfitRatio": 0.3290092521,
        "researchAndDevelopmentExpenses": 5693000,
        "generalAndAdministrativeExpenses": 0,
        "sellingAndMarketingExpenses": 0,
        "sellingGeneralAndAdministrativeExpenses": 16601000,
        "otherExpenses": 396000,
        "operatingExpenses": 22690000,
        "costAndExpenses": 57501000,
        "interestIncome": 0,
        "interestExpense": 0,
        "depreciationAndAmortization": 381000,
        "ebitda": -3759000,
        "ebitdaratio": -0.0724556669,
        "operatingIncome": -13936000,
        "operatingIncomeRatio": -0.2686198921,
        "totalOtherIncomeExpensesNet": 1301000,
        "incomeBeforeTax": -6135000,
        "incomeBeforeTaxRatio": -0.1182536623,
        "incomeTaxExpense": -2331000,
        "netIncome": -3804000,
        "netIncomeRatio": -0.0733230532,
        "eps": -0.0024,
        "epsdiluted": -0.0024,
        "weightedAverageShsOut": 1575433301,
        "weightedAverageShsOutDil": 1575433301,
        "link": "https://www.sec.gov/Archives/edgar/data/718877/000104746998031707/0001047469-98-031707-index.html",
        "finalLink": "https://www.sec.gov/Archives/edgar/data/718877/"
    },
    {
        "date": "1998-03-31",
        "symbol": "ATVI",
        "reportedCurrency": "USD",
        "cik": "0000718877",
        "fillingDate": "1998-06-15",
        "acceptedDate": "1998-06-15 00:00:00",
        "calendarYear": "1998",
        "period": "Q1",
        "revenue": 58256000,
        "costOfRevenue": 36034000,
        "grossProfit": 22222000,
        "grossProfitRatio": 0.3814542708,
        "researchAndDevelopmentExpenses": 6430000,
        "generalAndAdministrativeExpenses": 0,
        "sellingAndMarketingExpenses": 0,
        "sellingGeneralAndAdministrativeExpenses": 14869000,
        "otherExpenses": 403000,
        "operatingExpenses": 21702000,
        "costAndExpenses": 57736000,
        "interestIncome": 0,
        "interestExpense": 0,
        "depreciationAndAmortization": 1341000,
        "ebitda": 1861000,
        "ebitdaratio": 0.0319452074,
        "operatingIncome": 520000,
        "operatingIncomeRatio": 0.0089261192,
        "totalOtherIncomeExpensesNet": 0,
        "incomeBeforeTax": 203000,
        "incomeBeforeTaxRatio": 0.0034846196,
        "incomeTaxExpense": 77000,
        "netIncome": 126000,
        "netIncomeRatio": 0.0021628673,
        "eps": 0.0001,
        "epsdiluted": 0.0001,
        "weightedAverageShsOut": 1340240327,
        "weightedAverageShsOutDil": 1340240327,
        "link": "https://www.sec.gov/Archives/edgar/data/718877/000104746998024188/0001047469-98-024188-index.html",
        "finalLink": "https://www.sec.gov/Archives/edgar/data/718877/"
    },
    {
        "date": "1997-12-31",
        "symbol": "ATVI",
        "reportedCurrency": "USD",
        "cik": "0000718877",
        "fillingDate": "1998-02-17",
        "acceptedDate": "1998-02-17 00:00:00",
        "calendarYear": "1997",
        "period": "Q4",
        "revenue": 122141000,
        "costOfRevenue": 77078000,
        "grossProfit": 45063000,
        "grossProfitRatio": 0.3689424518,
        "researchAndDevelopmentExpenses": 8045000,
        "generalAndAdministrativeExpenses": 0,
        "sellingAndMarketingExpenses": 0,
        "sellingGeneralAndAdministrativeExpenses": 19986000,
        "otherExpenses": 352000,
        "operatingExpenses": 28435000,
        "costAndExpenses": 105513000,
        "interestIncome": 0,
        "interestExpense": 0,
        "depreciationAndAmortization": 2071000,
        "ebitda": 10092000,
        "ebitdaratio": 0.0826258177,
        "operatingIncome": 8791000,
        "operatingIncomeRatio": 0.0719741938,
        "totalOtherIncomeExpensesNet": 485000,
        "incomeBeforeTax": 14922000,
        "incomeBeforeTaxRatio": 0.1221702786,
        "incomeTaxExpense": 5644000,
        "netIncome": 9278000,
        "netIncomeRatio": 0.0759613889,
        "eps": 0.006,
        "epsdiluted": 0.0057,
        "weightedAverageShsOut": 1105047353,
        "weightedAverageShsOutDil": 1105047353,
        "link": "https://www.sec.gov/Archives/edgar/data/718877/000104746998006307/0001047469-98-006307-index.html",
        "finalLink": "https://www.sec.gov/Archives/edgar/data/718877/"
    },
    {
        "date": "1997-09-30",
        "symbol": "ATVI",
        "reportedCurrency": "USD",
        "cik": "0000718877",
        "fillingDate": "1997-11-14",
        "acceptedDate": "1997-11-14 00:00:00",
        "calendarYear": "1997",
        "period": "Q3",
        "revenue": 31915000,
        "costOfRevenue": 11218000,
        "grossProfit": 20697000,
        "grossProfitRatio": 0.6485038383,
        "researchAndDevelopmentExpenses": 7550000,
        "generalAndAdministrativeExpenses": 0,
        "sellingAndMarketingExpenses": 0,
        "sellingGeneralAndAdministrativeExpenses": 9527000,
        "otherExpenses": 23496000,
        "operatingExpenses": 17382000,
        "costAndExpenses": 28600000,
        "interestIncome": 0,
        "interestExpense": 0,
        "depreciationAndAmortization": 902000,
        "ebitda": 4117000,
        "ebitdaratio": 0.1289989033,
        "operatingIncome": 3315000,
        "operatingIncomeRatio": 0.1038696538,
        "totalOtherIncomeExpensesNet": 81000,
        "incomeBeforeTax": 3396000,
        "incomeBeforeTaxRatio": 0.1064076453,
        "incomeTaxExpense": 1290000,
        "netIncome": 2106000,
        "netIncomeRatio": 0.06598778,
        "eps": 0.0011,
        "epsdiluted": 0.0011,
        "weightedAverageShsOut": 1517845816,
        "weightedAverageShsOutDil": 1568384745,
        "link": "https://www.sec.gov/Archives/edgar/data/718877/000104746997004911/0001047469-97-004911-index.html",
        "finalLink": "https://www.sec.gov/Archives/edgar/data/718877/"
    },
    {
        "date": "1997-06-30",
        "symbol": "ATVI",
        "reportedCurrency": "USD",
        "cik": "0000718877",
        "fillingDate": "1997-08-14",
        "acceptedDate": "1997-08-14 00:00:00",
        "calendarYear": "1997",
        "period": "Q2",
        "revenue": 8083000,
        "costOfRevenue": 4275000,
        "grossProfit": 3808000,
        "grossProfitRatio": 0.4711122108,
        "researchAndDevelopmentExpenses": 5803000,
        "generalAndAdministrativeExpenses": 0,
        "sellingAndMarketingExpenses": 0,
        "sellingGeneralAndAdministrativeExpenses": 6022000,
        "otherExpenses": 254000,
        "operatingExpenses": 12131000,
        "costAndExpenses": 16406000,
        "interestIncome": 0,
        "interestExpense": 0,
        "depreciationAndAmortization": 898000,
        "ebitda": -7425000,
        "ebitdaratio": -0.9185945812,
        "operatingIncome": -8353000,
        "operatingIncomeRatio": -1.0334034393,
        "totalOtherIncomeExpensesNet": 162000,
        "incomeBeforeTax": -8191000,
        "incomeBeforeTaxRatio": -1.0133613757,
        "incomeTaxExpense": -3103000,
        "netIncome": -5088000,
        "netIncomeRatio": -0.6294692565,
        "eps": -0.0037,
        "epsdiluted": -0.0037,
        "weightedAverageShsOut": 1360570988,
        "weightedAverageShsOutDil": 1360570988,
        "link": "https://www.sec.gov/Archives/edgar/data/718877/000071887797000015/0000718877-97-000015-index.html",
        "finalLink": "https://www.sec.gov/Archives/edgar/data/718877/"
    },
    {
        "date": "1997-03-31",
        "symbol": "ATVI",
        "reportedCurrency": "USD",
        "cik": "0000718877",
        "fillingDate": "1997-06-16",
        "acceptedDate": "1997-06-16 00:00:00",
        "calendarYear": "1997",
        "period": "Q1",
        "revenue": 28926000,
        "costOfRevenue": 10723000,
        "grossProfit": 18203000,
        "grossProfitRatio": 0.6292954435,
        "researchAndDevelopmentExpenses": 4334000,
        "generalAndAdministrativeExpenses": 0,
        "sellingAndMarketingExpenses": 0,
        "sellingGeneralAndAdministrativeExpenses": 7511000,
        "otherExpenses": 23495000,
        "operatingExpenses": 12149000,
        "costAndExpenses": 22872000,
        "interestIncome": 0,
        "interestExpense": 0,
        "depreciationAndAmortization": 304000,
        "ebitda": 6358000,
        "ebitdaratio": 0.219802254,
        "operatingIncome": 6054000,
        "operatingIncomeRatio": 0.2092926779,
        "totalOtherIncomeExpensesNet": 196000,
        "incomeBeforeTax": 6250000,
        "incomeBeforeTaxRatio": 0.2160685888,
        "incomeTaxExpense": 1968000,
        "netIncome": 4282000,
        "netIncomeRatio": 0.1480329116,
        "eps": 0.0025,
        "epsdiluted": 0.0024,
        "weightedAverageShsOut": 1047076236,
        "weightedAverageShsOutDil": 1047076236,
        "link": "https://www.sec.gov/Archives/edgar/data/718877/000091205797020468/0000912057-97-020468-index.html",
        "finalLink": "https://www.sec.gov/Archives/edgar/data/718877/"
    },
    {
        "date": "1996-12-31",
        "symbol": "ATVI",
        "reportedCurrency": "USD",
        "cik": "0000718877",
        "fillingDate": "1997-02-14",
        "acceptedDate": "1997-02-14 00:00:00",
        "calendarYear": "1996",
        "period": "Q4",
        "revenue": 31361000,
        "costOfRevenue": 11878000,
        "grossProfit": 19483000,
        "grossProfitRatio": 0.6212493224,
        "researchAndDevelopmentExpenses": 4707000,
        "generalAndAdministrativeExpenses": 0,
        "sellingAndMarketingExpenses": 0,
        "sellingGeneralAndAdministrativeExpenses": 8245000,
        "otherExpenses": 321000,
        "operatingExpenses": 13273000,
        "costAndExpenses": 25151000,
        "interestIncome": 0,
        "interestExpense": 0,
        "depreciationAndAmortization": 321000,
        "ebitda": 6531000,
        "ebitdaratio": 0.2082522879,
        "operatingIncome": 6210000,
        "operatingIncomeRatio": 0.1980166449,
        "totalOtherIncomeExpensesNet": 172000,
        "incomeBeforeTax": 6382000,
        "incomeBeforeTaxRatio": 0.2035011639,
        "incomeTaxExpense": 2262000,
        "netIncome": 4120000,
        "netIncomeRatio": 0.1313733618,
        "eps": 0.0039,
        "epsdiluted": 0.0039,
        "weightedAverageShsOut": 1052734301,
        "weightedAverageShsOutDil": 1052734301,
        "link": "https://www.sec.gov/Archives/edgar/data/718877/000071887797000006/0000718877-97-000006-index.html",
        "finalLink": "https://www.sec.gov/Archives/edgar/data/718877/"
    },
    {
        "date": "1996-09-30",
        "symbol": "ATVI",
        "reportedCurrency": "USD",
        "cik": "0000718877",
        "fillingDate": "1996-11-14",
        "acceptedDate": "1996-11-14 00:00:00",
        "calendarYear": "1996",
        "period": "Q3",
        "revenue": 19175000,
        "costOfRevenue": 5712000,
        "grossProfit": 13463000,
        "grossProfitRatio": 0.7021121252,
        "researchAndDevelopmentExpenses": 4607000,
        "generalAndAdministrativeExpenses": 0,
        "sellingAndMarketingExpenses": 0,
        "sellingGeneralAndAdministrativeExpenses": 6766000,
        "otherExpenses": 321000,
        "operatingExpenses": 11694000,
        "costAndExpenses": 17406000,
        "interestIncome": 0,
        "interestExpense": 0,
        "depreciationAndAmortization": 321000,
        "ebitda": 2090000,
        "ebitdaratio": 0.1089960887,
        "operatingIncome": 1769000,
        "operatingIncomeRatio": 0.0922555411,
        "totalOtherIncomeExpensesNet": 244000,
        "incomeBeforeTax": 2013000,
        "incomeBeforeTaxRatio": 0.1049804433,
        "incomeTaxExpense": 677000,
        "netIncome": 1336000,
        "netIncomeRatio": 0.0696740548,
        "eps": 0.0013,
        "epsdiluted": 0.0013,
        "weightedAverageShsOut": 1046069306,
        "weightedAverageShsOutDil": 1046069306,
        "link": "https://www.sec.gov/Archives/edgar/data/718877/000071887796000032/0000718877-96-000032-index.html",
        "finalLink": "https://www.sec.gov/Archives/edgar/data/718877/"
    },
    {
        "date": "1996-06-30",
        "symbol": "ATVI",
        "reportedCurrency": "USD",
        "cik": "0000718877",
        "fillingDate": "1996-08-14",
        "acceptedDate": "1996-08-14 00:00:00",
        "calendarYear": "1996",
        "period": "Q2",
        "revenue": 7021000,
        "costOfRevenue": 1509000,
        "grossProfit": 5512000,
        "grossProfitRatio": 0.7850733514,
        "researchAndDevelopmentExpenses": 4547000,
        "generalAndAdministrativeExpenses": 0,
        "sellingAndMarketingExpenses": 0,
        "sellingGeneralAndAdministrativeExpenses": 4870000,
        "otherExpenses": 8634000,
        "operatingExpenses": 9738000,
        "costAndExpenses": 11247000,
        "interestIncome": 0,
        "interestExpense": 0,
        "depreciationAndAmortization": 321000,
        "ebitda": -3905000,
        "ebitdaratio": -0.5561885771,
        "operatingIncome": -4226000,
        "operatingIncomeRatio": -0.60190856,
        "totalOtherIncomeExpensesNet": 312000,
        "incomeBeforeTax": -3914000,
        "incomeBeforeTaxRatio": -0.5574704458,
        "incomeTaxExpense": -1283000,
        "netIncome": -2631000,
        "netIncomeRatio": -0.374732944,
        "eps": -0.0025,
        "epsdiluted": -0.0026,
        "weightedAverageShsOut": 1069708478,
        "weightedAverageShsOutDil": 1026745593,
        "link": "https://www.sec.gov/Archives/edgar/data/718877/000071887796000021/0000718877-96-000021-index.html",
        "finalLink": "https://www.sec.gov/Archives/edgar/data/718877/"
    },
    {
        "date": "1996-03-31",
        "symbol": "ATVI",
        "reportedCurrency": "USD",
        "cik": "0000718877",
        "fillingDate": "1996-07-08",
        "acceptedDate": "1996-07-08 00:00:00",
        "calendarYear": "1996",
        "period": "Q1",
        "revenue": 21648000,
        "costOfRevenue": 6321000,
        "grossProfit": 15327000,
        "grossProfitRatio": 0.7080099778,
        "researchAndDevelopmentExpenses": 4698000,
        "generalAndAdministrativeExpenses": 0,
        "sellingAndMarketingExpenses": 0,
        "sellingGeneralAndAdministrativeExpenses": 5612000,
        "otherExpenses": 410000,
        "operatingExpenses": 10720000,
        "costAndExpenses": 17041000,
        "interestIncome": 0,
        "interestExpense": 0,
        "depreciationAndAmortization": 320000,
        "ebitda": 4927000,
        "ebitdaratio": 0.2275960828,
        "operatingIncome": 4607000,
        "operatingIncomeRatio": 0.2128141168,
        "totalOtherIncomeExpensesNet": 364000,
        "incomeBeforeTax": 4971000,
        "incomeBeforeTaxRatio": 0.2296286031,
        "incomeTaxExpense": -1374000,
        "netIncome": 6345000,
        "netIncomeRatio": 0.2930986696,
        "eps": 0.0059,
        "epsdiluted": 0.0063,
        "weightedAverageShsOut": 1069708478,
        "weightedAverageShsOutDil": 1007421879,
        "link": "https://www.sec.gov/Archives/edgar/data/718877/000071887796000011/0000718877-96-000011-index.html",
        "finalLink": "https://www.sec.gov/Archives/edgar/data/718877/"
    },
    {
        "date": "1995-12-31",
        "symbol": "ATVI",
        "reportedCurrency": "USD",
        "cik": "0000718877",
        "fillingDate": "1996-02-15",
        "acceptedDate": "1996-02-15 00:00:00",
        "calendarYear": "1995",
        "period": "Q4",
        "revenue": 17578000,
        "costOfRevenue": 7131000,
        "grossProfit": 10447000,
        "grossProfitRatio": 0.5943224485,
        "researchAndDevelopmentExpenses": 4163000,
        "generalAndAdministrativeExpenses": 0,
        "sellingAndMarketingExpenses": 0,
        "sellingGeneralAndAdministrativeExpenses": 4390000,
        "otherExpenses": 321000,
        "operatingExpenses": 8874000,
        "costAndExpenses": 16005000,
        "interestIncome": 0,
        "interestExpense": 0,
        "depreciationAndAmortization": 321000,
        "ebitda": 1894000,
        "ebitdaratio": 0.1077483218,
        "operatingIncome": 1573000,
        "operatingIncomeRatio": 0.0894868586,
        "totalOtherIncomeExpensesNet": 409000,
        "incomeBeforeTax": 1982000,
        "incomeBeforeTaxRatio": 0.1127545796,
        "incomeTaxExpense": 34000,
        "netIncome": 1948000,
        "netIncomeRatio": 0.1108203436,
        "eps": 0.0018,
        "epsdiluted": 0.0018,
        "weightedAverageShsOut": 1093347650,
        "weightedAverageShsOutDil": 1093347650,
        "link": "https://www.sec.gov/Archives/edgar/data/718877/000071887796000002/0000718877-96-000002-index.html",
        "finalLink": "https://www.sec.gov/Archives/edgar/data/718877/"
    },
    {
        "date": "1995-09-30",
        "symbol": "ATVI",
        "reportedCurrency": "USD",
        "cik": "0000718877",
        "fillingDate": "1995-10-25",
        "acceptedDate": "1995-10-25 00:00:00",
        "calendarYear": "1995",
        "period": "Q3",
        "revenue": 18848000,
        "costOfRevenue": 6743000,
        "grossProfit": 12105000,
        "grossProfitRatio": 0.6422432088,
        "researchAndDevelopmentExpenses": 4065000,
        "generalAndAdministrativeExpenses": 0,
        "sellingAndMarketingExpenses": 0,
        "sellingGeneralAndAdministrativeExpenses": 5353000,
        "otherExpenses": 321000,
        "operatingExpenses": 9739000,
        "costAndExpenses": 16482000,
        "interestIncome": 0,
        "interestExpense": 0,
        "depreciationAndAmortization": 321000,
        "ebitda": 2687000,
        "ebitdaratio": 0.142561545,
        "operatingIncome": 2366000,
        "operatingIncomeRatio": 0.1255305603,
        "totalOtherIncomeExpensesNet": 409000,
        "incomeBeforeTax": 2775000,
        "incomeBeforeTaxRatio": 0.1472304754,
        "incomeTaxExpense": 10000,
        "netIncome": 2765000,
        "netIncomeRatio": 0.1466999151,
        "eps": 0.0025,
        "epsdiluted": 0.0025,
        "weightedAverageShsOut": 1082942586,
        "weightedAverageShsOutDil": 1082942586,
        "link": "https://www.sec.gov/Archives/edgar/data/718877/000071887795000017/0000718877-95-000017-index.html",
        "finalLink": "https://www.sec.gov/Archives/edgar/data/718877/"
    },
    {
        "date": "1995-06-30",
        "symbol": "ATVI",
        "reportedCurrency": "USD",
        "cik": "0000718877",
        "fillingDate": "1995-08-15",
        "acceptedDate": "1995-08-15 00:00:00",
        "calendarYear": "1995",
        "period": "Q2",
        "revenue": 3319000,
        "costOfRevenue": 1554000,
        "grossProfit": 1765000,
        "grossProfitRatio": 0.5317866827,
        "researchAndDevelopmentExpenses": 4579000,
        "generalAndAdministrativeExpenses": 0,
        "sellingAndMarketingExpenses": 0,
        "sellingGeneralAndAdministrativeExpenses": 2879000,
        "otherExpenses": 321000,
        "operatingExpenses": 7779000,
        "costAndExpenses": 9333000,
        "interestIncome": 0,
        "interestExpense": 0,
        "depreciationAndAmortization": 321000,
        "ebitda": -5693000,
        "ebitdaratio": -1.7152756854,
        "operatingIncome": -6014000,
        "operatingIncomeRatio": -1.8119915637,
        "totalOtherIncomeExpensesNet": 525000,
        "incomeBeforeTax": -5489000,
        "incomeBeforeTaxRatio": -1.653811389,
        "incomeTaxExpense": 39000,
        "netIncome": -5528000,
        "netIncomeRatio": -1.6655619162,
        "eps": -0.0053,
        "epsdiluted": -0.0053,
        "weightedAverageShsOut": 1034033944,
        "weightedAverageShsOutDil": 1034033944,
        "link": "https://www.sec.gov/Archives/edgar/data/718877/000071887795000013/0000718877-95-000013-index.html",
        "finalLink": "https://www.sec.gov/Archives/edgar/data/718877/"
    },
    {
        "date": "1995-03-31",
        "symbol": "ATVI",
        "reportedCurrency": "USD",
        "cik": "0000718877",
        "fillingDate": "1995-06-30",
        "acceptedDate": "1995-06-30 00:00:00",
        "calendarYear": "1995",
        "period": "Q1",
        "revenue": 6569000,
        "costOfRevenue": 2093000,
        "grossProfit": 4476000,
        "grossProfitRatio": 0.68138225,
        "researchAndDevelopmentExpenses": 1974000,
        "generalAndAdministrativeExpenses": 0,
        "sellingAndMarketingExpenses": 0,
        "sellingGeneralAndAdministrativeExpenses": 3376000,
        "otherExpenses": -117000,
        "operatingExpenses": 5233000,
        "costAndExpenses": 7326000,
        "interestIncome": 0,
        "interestExpense": 0,
        "depreciationAndAmortization": 542000,
        "ebitda": -215000,
        "ebitdaratio": -0.032729487,
        "operatingIncome": -757000,
        "operatingIncomeRatio": -0.1152382402,
        "totalOtherIncomeExpensesNet": 0,
        "incomeBeforeTax": -265000,
        "incomeBeforeTaxRatio": -0.0403409956,
        "incomeTaxExpense": 55000,
        "netIncome": -320000,
        "netIncomeRatio": -0.048713655,
        "eps": -0.0019,
        "epsdiluted": -0.0003,
        "weightedAverageShsOut": 975644472,
        "weightedAverageShsOutDil": 975644472,
        "link": "https://www.sec.gov/Archives/edgar/data/718877/000071887795000005/0000718877-95-000005-index.html",
        "finalLink": "https://www.sec.gov/Archives/edgar/data/718877/"
    },
    {
        "date": "1994-12-31",
        "symbol": "ATVI",
        "reportedCurrency": "USD",
        "cik": "0000718877",
        "fillingDate": "1994-12-31",
        "acceptedDate": "1994-12-30 19:00:00",
        "calendarYear": "1994",
        "period": "Q4",
        "revenue": 26200000,
        "costOfRevenue": 15800000,
        "grossProfit": 10400000,
        "grossProfitRatio": 0.3969465649,
        "researchAndDevelopmentExpenses": 2200000,
        "generalAndAdministrativeExpenses": 0,
        "sellingAndMarketingExpenses": 0,
        "sellingGeneralAndAdministrativeExpenses": 6500000,
        "otherExpenses": 800000,
        "operatingExpenses": 9500000,
        "costAndExpenses": 25300000,
        "interestIncome": 0,
        "interestExpense": 0,
        "depreciationAndAmortization": 800000,
        "ebitda": 1300000,
        "ebitdaratio": 0.0496183206,
        "operatingIncome": 900000,
        "operatingIncomeRatio": 0.034351145,
        "totalOtherIncomeExpensesNet": 400000,
        "incomeBeforeTax": 1300000,
        "incomeBeforeTaxRatio": 0.0496183206,
        "incomeTaxExpense": 0,
        "netIncome": 1300000,
        "netIncomeRatio": 0.0496183206,
        "eps": 0.0013,
        "epsdiluted": 0.0013,
        "weightedAverageShsOut": 975644472,
        "weightedAverageShsOutDil": 975644472,
        "link": null,
        "finalLink": null
    },
    {
        "date": "1994-09-30",
        "symbol": "ATVI",
        "reportedCurrency": "USD",
        "cik": "0000718877",
        "fillingDate": "1994-09-30",
        "acceptedDate": "1994-09-29 20:00:00",
        "calendarYear": "1994",
        "period": "Q3",
        "revenue": 4600000,
        "costOfRevenue": 1500000,
        "grossProfit": 3100000,
        "grossProfitRatio": 0.6739130435,
        "researchAndDevelopmentExpenses": 1800000,
        "generalAndAdministrativeExpenses": 0,
        "sellingAndMarketingExpenses": 0,
        "sellingGeneralAndAdministrativeExpenses": 2000000,
        "otherExpenses": 300000,
        "operatingExpenses": 4100000,
        "costAndExpenses": 5600000,
        "interestIncome": 0,
        "interestExpense": 0,
        "depreciationAndAmortization": -100000,
        "ebitda": -1100000,
        "ebitdaratio": -0.2391304348,
        "operatingIncome": -1000000,
        "operatingIncomeRatio": -0.2173913043,
        "totalOtherIncomeExpensesNet": 400000,
        "incomeBeforeTax": -600000,
        "incomeBeforeTaxRatio": -0.1304347826,
        "incomeTaxExpense": 0,
        "netIncome": -600000,
        "netIncomeRatio": -0.1304347826,
        "eps": -0.0006,
        "epsdiluted": -0.0006,
        "weightedAverageShsOut": 975644472,
        "weightedAverageShsOutDil": 975644472,
        "link": null,
        "finalLink": null
    },
    {
        "date": "1994-06-30",
        "symbol": "ATVI",
        "reportedCurrency": "USD",
        "cik": "0000718877",
        "fillingDate": "1994-06-30",
        "acceptedDate": "1994-06-29 20:00:00",
        "calendarYear": "1994",
        "period": "Q2",
        "revenue": 3200000,
        "costOfRevenue": 1800000,
        "grossProfit": 1400000,
        "grossProfitRatio": 0.4375,
        "researchAndDevelopmentExpenses": 1400000,
        "generalAndAdministrativeExpenses": 0,
        "sellingAndMarketingExpenses": 0,
        "sellingGeneralAndAdministrativeExpenses": 2000000,
        "otherExpenses": 300000,
        "operatingExpenses": 3700000,
        "costAndExpenses": 5500000,
        "interestIncome": 0,
        "interestExpense": 0,
        "depreciationAndAmortization": 300000,
        "ebitda": 700000,
        "ebitdaratio": 0.21875,
        "operatingIncome": 200000,
        "operatingIncomeRatio": 0.0625,
        "totalOtherIncomeExpensesNet": -800000,
        "incomeBeforeTax": -2000000,
        "incomeBeforeTaxRatio": -0.625,
        "incomeTaxExpense": -400000,
        "netIncome": -1900000,
        "netIncomeRatio": -0.59375,
        "eps": -0.0019,
        "epsdiluted": -0.0019,
        "weightedAverageShsOut": 975644472,
        "weightedAverageShsOutDil": 975644472,
        "link": null,
        "finalLink": null
    },
    {
        "date": "1994-03-31",
        "symbol": "ATVI",
        "reportedCurrency": "USD",
        "cik": "0000718877",
        "fillingDate": "1994-03-31",
        "acceptedDate": "1994-03-30 19:00:00",
        "calendarYear": "1994",
        "period": "Q1",
        "revenue": 4300000,
        "costOfRevenue": 2400000,
        "grossProfit": 1900000,
        "grossProfitRatio": 0.4418604651,
        "researchAndDevelopmentExpenses": 0,
        "generalAndAdministrativeExpenses": 0,
        "sellingAndMarketingExpenses": 0,
        "sellingGeneralAndAdministrativeExpenses": -1000000,
        "otherExpenses": 7900000,
        "operatingExpenses": 4100000,
        "costAndExpenses": 6500000,
        "interestIncome": 0,
        "interestExpense": 0,
        "depreciationAndAmortization": 700000,
        "ebitda": -1500000,
        "ebitdaratio": -0.3488372093,
        "operatingIncome": -2200000,
        "operatingIncomeRatio": -0.511627907,
        "totalOtherIncomeExpensesNet": 200000,
        "incomeBeforeTax": -2000000,
        "incomeBeforeTaxRatio": -0.4651162791,
        "incomeTaxExpense": 0,
        "netIncome": -2000000,
        "netIncomeRatio": -0.4651162791,
        "eps": -0.0106,
        "epsdiluted": -0.0106,
        "weightedAverageShsOut": 189158570,
        "weightedAverageShsOutDil": 189158570,
        "link": null,
        "finalLink": null
    },
    {
        "date": "1993-12-31",
        "symbol": "ATVI",
        "reportedCurrency": "USD",
        "cik": "0000718877",
        "fillingDate": "1993-12-31",
        "acceptedDate": "1993-12-30 19:00:00",
        "calendarYear": "1993",
        "period": "Q4",
        "revenue": 9400000,
        "costOfRevenue": 5000000,
        "grossProfit": 4400000,
        "grossProfitRatio": 0.4680851064,
        "researchAndDevelopmentExpenses": 0,
        "generalAndAdministrativeExpenses": 0,
        "sellingAndMarketingExpenses": 0,
        "sellingGeneralAndAdministrativeExpenses": 3600000,
        "otherExpenses": 300000,
        "operatingExpenses": 3900000,
        "costAndExpenses": 8900000,
        "interestIncome": 0,
        "interestExpense": 0,
        "depreciationAndAmortization": 200000,
        "ebitda": 800000,
        "ebitdaratio": 0.085106383,
        "operatingIncome": 500000,
        "operatingIncomeRatio": 0.0531914894,
        "totalOtherIncomeExpensesNet": 0,
        "incomeBeforeTax": 500000,
        "incomeBeforeTaxRatio": 0.0531914894,
        "incomeTaxExpense": 100000,
        "netIncome": 400000,
        "netIncomeRatio": 0.0425531915,
        "eps": -0.0022,
        "epsdiluted": -0.0022,
        "weightedAverageShsOut": 269578762,
        "weightedAverageShsOutDil": 269578762,
        "link": null,
        "finalLink": null
    },
    {
        "date": "1993-09-30",
        "symbol": "ATVI",
        "reportedCurrency": "USD",
        "cik": "0000718877",
        "fillingDate": "1993-09-30",
        "acceptedDate": "1993-09-29 20:00:00",
        "calendarYear": "1993",
        "period": "Q3",
        "revenue": 7900000,
        "costOfRevenue": 3700000,
        "grossProfit": 4200000,
        "grossProfitRatio": 0.5316455696,
        "researchAndDevelopmentExpenses": 0,
        "generalAndAdministrativeExpenses": 0,
        "sellingAndMarketingExpenses": 0,
        "sellingGeneralAndAdministrativeExpenses": 3300000,
        "otherExpenses": 400000,
        "operatingExpenses": 3700000,
        "costAndExpenses": 7400000,
        "interestIncome": 0,
        "interestExpense": 0,
        "depreciationAndAmortization": 400000,
        "ebitda": 900000,
        "ebitdaratio": 0.1139240506,
        "operatingIncome": 500000,
        "operatingIncomeRatio": 0.0632911392,
        "totalOtherIncomeExpensesNet": 0,
        "incomeBeforeTax": 0,
        "incomeBeforeTaxRatio": 0,
        "incomeTaxExpense": 0,
        "netIncome": 500000,
        "netIncomeRatio": 0.0632911392,
        "eps": -0.0006,
        "epsdiluted": -0.0006,
        "weightedAverageShsOut": 808766570,
        "weightedAverageShsOutDil": 808766570,
        "link": null,
        "finalLink": null
    },
    {
        "date": "1993-06-30",
        "symbol": "ATVI",
        "reportedCurrency": "USD",
        "cik": "0000718877",
        "fillingDate": "1993-06-30",
        "acceptedDate": "1993-06-29 20:00:00",
        "calendarYear": "1993",
        "period": "Q2",
        "revenue": 5000000,
        "costOfRevenue": 3100000,
        "grossProfit": 1900000,
        "grossProfitRatio": 0.38,
        "researchAndDevelopmentExpenses": 0,
        "generalAndAdministrativeExpenses": 0,
        "sellingAndMarketingExpenses": 0,
        "sellingGeneralAndAdministrativeExpenses": 2500000,
        "otherExpenses": 400000,
        "operatingExpenses": 2900000,
        "costAndExpenses": 6000000,
        "interestIncome": 0,
        "interestExpense": 0,
        "depreciationAndAmortization": 400000,
        "ebitda": -600000,
        "ebitdaratio": -0.12,
        "operatingIncome": -1000000,
        "operatingIncomeRatio": -0.2,
        "totalOtherIncomeExpensesNet": 0,
        "incomeBeforeTax": 0,
        "incomeBeforeTaxRatio": 0,
        "incomeTaxExpense": -100000,
        "netIncome": -900000,
        "netIncomeRatio": -0.18,
        "eps": -0.0011,
        "epsdiluted": -0.0011,
        "weightedAverageShsOut": 808766570,
        "weightedAverageShsOutDil": 808766570,
        "link": null,
        "finalLink": null
    },
    {
        "date": "1993-03-31",
        "symbol": "ATVI",
        "reportedCurrency": "USD",
        "cik": "0000718877",
        "fillingDate": "1993-03-31",
        "acceptedDate": "1993-03-30 19:00:00",
        "calendarYear": "1993",
        "period": "Q1",
        "revenue": -1200000,
        "costOfRevenue": 0,
        "grossProfit": 5600000,
        "grossProfitRatio": -4.6666666667,
        "researchAndDevelopmentExpenses": 0,
        "generalAndAdministrativeExpenses": 0,
        "sellingAndMarketingExpenses": 0,
        "sellingGeneralAndAdministrativeExpenses": 0,
        "otherExpenses": 900000,
        "operatingExpenses": -21200000,
        "costAndExpenses": -21200000,
        "interestIncome": 0,
        "interestExpense": 0,
        "depreciationAndAmortization": 700000,
        "ebitda": -15600000,
        "ebitdaratio": 13,
        "operatingIncome": -100000,
        "operatingIncomeRatio": 0.0833333333,
        "totalOtherIncomeExpensesNet": 0,
        "incomeBeforeTax": 0,
        "incomeBeforeTaxRatio": 0,
        "incomeTaxExpense": 500000,
        "netIncome": -500000,
        "netIncomeRatio": 0.4166666667,
        "eps": -0.002,
        "epsdiluted": -0.002,
        "weightedAverageShsOut": 245644508,
        "weightedAverageShsOutDil": 245644508,
        "link": null,
        "finalLink": null
    },
    {
        "date": "1992-12-31",
        "symbol": "ATVI",
        "reportedCurrency": "USD",
        "cik": "0000718877",
        "fillingDate": "1992-12-31",
        "acceptedDate": "1992-12-30 19:00:00",
        "calendarYear": "1992",
        "period": "Q4",
        "revenue": 5500000,
        "costOfRevenue": 0,
        "grossProfit": 5500000,
        "grossProfitRatio": 1,
        "researchAndDevelopmentExpenses": 0,
        "generalAndAdministrativeExpenses": 0,
        "sellingAndMarketingExpenses": 0,
        "sellingGeneralAndAdministrativeExpenses": 0,
        "otherExpenses": 0,
        "operatingExpenses": 0,
        "costAndExpenses": 0,
        "interestIncome": 0,
        "interestExpense": 0,
        "depreciationAndAmortization": 0,
        "ebitda": 5500000,
        "ebitdaratio": 1,
        "operatingIncome": 5500000,
        "operatingIncomeRatio": 1,
        "totalOtherIncomeExpensesNet": 0,
        "incomeBeforeTax": 0,
        "incomeBeforeTaxRatio": 0,
        "incomeTaxExpense": 500000,
        "netIncome": -500000,
        "netIncomeRatio": -0.0909090909,
        "eps": -0.001,
        "epsdiluted": -0.001,
        "weightedAverageShsOut": 482270218,
        "weightedAverageShsOutDil": 482270218,
        "link": null,
        "finalLink": null
    },
    {
        "date": "1992-09-30",
        "symbol": "ATVI",
        "reportedCurrency": "USD",
        "cik": "0000718877",
        "fillingDate": "1992-09-30",
        "acceptedDate": "1992-09-29 20:00:00",
        "calendarYear": "1992",
        "period": "Q3",
        "revenue": 4200000,
        "costOfRevenue": 1600000,
        "grossProfit": 2600000,
        "grossProfitRatio": 0.619047619,
        "researchAndDevelopmentExpenses": 0,
        "generalAndAdministrativeExpenses": 0,
        "sellingAndMarketingExpenses": 0,
        "sellingGeneralAndAdministrativeExpenses": 2900000,
        "otherExpenses": 400000,
        "operatingExpenses": 3300000,
        "costAndExpenses": 4900000,
        "interestIncome": 0,
        "interestExpense": 0,
        "depreciationAndAmortization": 500000,
        "ebitda": -100000,
        "ebitdaratio": -0.0238095238,
        "operatingIncome": -700000,
        "operatingIncomeRatio": -0.1666666667,
        "totalOtherIncomeExpensesNet": -100000,
        "incomeBeforeTax": -800000,
        "incomeBeforeTaxRatio": -0.1904761905,
        "incomeTaxExpense": 0,
        "netIncome": -700000,
        "netIncomeRatio": -0.1666666667,
        "eps": -0.001,
        "epsdiluted": -0.001,
        "weightedAverageShsOut": 718895927,
        "weightedAverageShsOutDil": 718895927,
        "link": null,
        "finalLink": null
    },
    {
        "date": "1992-06-30",
        "symbol": "ATVI",
        "reportedCurrency": "USD",
        "cik": "0000718877",
        "fillingDate": "1992-06-30",
        "acceptedDate": "1992-06-29 20:00:00",
        "calendarYear": "1992",
        "period": "Q2",
        "revenue": 4500000,
        "costOfRevenue": 1600000,
        "grossProfit": 2900000,
        "grossProfitRatio": 0.6444444444,
        "researchAndDevelopmentExpenses": 0,
        "generalAndAdministrativeExpenses": 0,
        "sellingAndMarketingExpenses": 0,
        "sellingGeneralAndAdministrativeExpenses": 2400000,
        "otherExpenses": 400000,
        "operatingExpenses": 2800000,
        "costAndExpenses": 4400000,
        "interestIncome": 0,
        "interestExpense": 0,
        "depreciationAndAmortization": 400000,
        "ebitda": 500000,
        "ebitdaratio": 0.1111111111,
        "operatingIncome": 100000,
        "operatingIncomeRatio": 0.0222222222,
        "totalOtherIncomeExpensesNet": 0,
        "incomeBeforeTax": 0,
        "incomeBeforeTaxRatio": 0,
        "incomeTaxExpense": 0,
        "netIncome": 0,
        "netIncomeRatio": 0,
        "eps": 0,
        "epsdiluted": 0,
        "weightedAverageShsOut": 718895927,
        "weightedAverageShsOutDil": 718895927,
        "link": null,
        "finalLink": null
    }
]