[
    {
        "date": "2025-08-31",
        "symbol": "AYI",
        "reportedCurrency": "USD",
        "cik": "0001144215",
        "fillingDate": "2025-10-27",
        "acceptedDate": "2025-10-27 16:15:32",
        "calendarYear": "2025",
        "period": "Q4",
        "revenue": 1209100000,
        "costOfRevenue": 618100000,
        "grossProfit": 591000000,
        "grossProfitRatio": 0.4887933173,
        "researchAndDevelopmentExpenses": 0,
        "generalAndAdministrativeExpenses": 0,
        "sellingAndMarketingExpenses": 410400000,
        "sellingGeneralAndAdministrativeExpenses": 410400000,
        "otherExpenses": 0,
        "operatingExpenses": 410400000,
        "costAndExpenses": 1028500000,
        "interestIncome": 0,
        "interestExpense": 7000000,
        "depreciationAndAmortization": 46400000,
        "ebitda": 191100000,
        "ebitdaratio": 0.1580514432,
        "operatingIncome": 180600000,
        "operatingIncomeRatio": 0.149367298,
        "totalOtherIncomeExpensesNet": -42900000,
        "incomeBeforeTax": 137700000,
        "incomeBeforeTaxRatio": 0.1138863618,
        "incomeTaxExpense": 23700000,
        "netIncome": 114000000,
        "netIncomeRatio": 0.0942850054,
        "eps": 3.71,
        "epsdiluted": 3.61,
        "weightedAverageShsOut": 30689000,
        "weightedAverageShsOutDil": 31533000,
        "link": "https://www.sec.gov/Archives/edgar/data/1144215/000114421525000082/0001144215-25-000082-index.htm",
        "finalLink": "https://www.sec.gov/Archives/edgar/data/1144215/000114421525000082/ayi-20250831.htm"
    },
    {
        "date": "2025-05-31",
        "symbol": "AYI",
        "reportedCurrency": "USD",
        "cik": "0001144215",
        "fillingDate": "2025-06-26",
        "acceptedDate": "2025-06-26 07:18:21",
        "calendarYear": "2025",
        "period": "Q3",
        "revenue": 1178600000,
        "costOfRevenue": 608400000,
        "grossProfit": 570200000,
        "grossProfitRatio": 0.4837943323,
        "researchAndDevelopmentExpenses": 0,
        "generalAndAdministrativeExpenses": 400700000,
        "sellingAndMarketingExpenses": 0,
        "sellingGeneralAndAdministrativeExpenses": 400700000,
        "otherExpenses": 29700000,
        "operatingExpenses": 430400000,
        "costAndExpenses": 1038800000,
        "interestIncome": 2500000,
        "interestExpense": 14600000,
        "depreciationAndAmortization": 34600000,
        "ebitda": 174600000,
        "ebitdaratio": 0.1481418632,
        "operatingIncome": 139800000,
        "operatingIncomeRatio": 0.1186153063,
        "totalOtherIncomeExpensesNet": -14400000,
        "incomeBeforeTax": 125400000,
        "incomeBeforeTaxRatio": 0.1063974207,
        "incomeTaxExpense": 27000000,
        "netIncome": 98400000,
        "netIncomeRatio": 0.0834888851,
        "eps": 3.19,
        "epsdiluted": 3.12,
        "weightedAverageShsOut": 30851000,
        "weightedAverageShsOutDil": 31565000,
        "link": "https://www.sec.gov/Archives/edgar/data/1144215/000114421525000059/0001144215-25-000059-index.htm",
        "finalLink": "https://www.sec.gov/Archives/edgar/data/1144215/000114421525000059/ayi-20250531.htm"
    },
    {
        "date": "2025-02-28",
        "symbol": "AYI",
        "reportedCurrency": "USD",
        "cik": "0001144215",
        "fillingDate": "2025-04-03",
        "acceptedDate": "2025-04-03 07:40:37",
        "calendarYear": "2025",
        "period": "Q2",
        "revenue": 1006300000,
        "costOfRevenue": 538300000,
        "grossProfit": 468000000,
        "grossProfitRatio": 0.4650700586,
        "researchAndDevelopmentExpenses": 0,
        "generalAndAdministrativeExpenses": 0,
        "sellingAndMarketingExpenses": 357800000,
        "sellingGeneralAndAdministrativeExpenses": 357800000,
        "otherExpenses": 0,
        "operatingExpenses": 357800000,
        "costAndExpenses": 896100000,
        "interestIncome": 4800000,
        "interestExpense": 11700000,
        "depreciationAndAmortization": 1000000,
        "ebitda": 110200000,
        "ebitdaratio": 0.1095100865,
        "operatingIncome": 110200000,
        "operatingIncomeRatio": 0.1095100865,
        "totalOtherIncomeExpensesNet": -7900000,
        "incomeBeforeTax": 102300000,
        "incomeBeforeTaxRatio": 0.1016595449,
        "incomeTaxExpense": 24800000,
        "netIncome": 77500000,
        "netIncomeRatio": 0.0770148067,
        "eps": 2.5,
        "epsdiluted": 2.44,
        "weightedAverageShsOut": 30999000,
        "weightedAverageShsOutDil": 31700000,
        "link": "https://www.sec.gov/Archives/edgar/data/1144215/000114421525000043/0001144215-25-000043-index.htm",
        "finalLink": "https://www.sec.gov/Archives/edgar/data/1144215/000114421525000043/ayi-20250228.htm"
    },
    {
        "date": "2024-11-30",
        "symbol": "AYI",
        "reportedCurrency": "USD",
        "cik": "0001144215",
        "fillingDate": "2025-01-08",
        "acceptedDate": "2025-01-08 07:26:30",
        "calendarYear": "2025",
        "period": "Q1",
        "revenue": 951600000,
        "costOfRevenue": 502300000,
        "grossProfit": 449300000,
        "grossProfitRatio": 0.4721521648,
        "researchAndDevelopmentExpenses": 0,
        "generalAndAdministrativeExpenses": 0,
        "sellingAndMarketingExpenses": 316000000,
        "sellingGeneralAndAdministrativeExpenses": 316000000,
        "otherExpenses": 0,
        "operatingExpenses": 316000000,
        "costAndExpenses": 818300000,
        "interestIncome": 10100000,
        "interestExpense": 6100000,
        "depreciationAndAmortization": 21600000,
        "ebitda": 162500000,
        "ebitdaratio": 0.1707650273,
        "operatingIncome": 133300000,
        "operatingIncomeRatio": 0.1400798655,
        "totalOtherIncomeExpensesNet": 1500000,
        "incomeBeforeTax": 134800000,
        "incomeBeforeTaxRatio": 0.141656158,
        "incomeTaxExpense": 28100000,
        "netIncome": 106700000,
        "netIncomeRatio": 0.1121269441,
        "eps": 3.45,
        "epsdiluted": 3.36,
        "weightedAverageShsOut": 30930000,
        "weightedAverageShsOutDil": 31799000,
        "link": "https://www.sec.gov/Archives/edgar/data/1144215/000114421525000008/0001144215-25-000008-index.htm",
        "finalLink": "https://www.sec.gov/Archives/edgar/data/1144215/000114421525000008/ayi-20241130.htm"
    },
    {
        "date": "2024-08-31",
        "symbol": "AYI",
        "reportedCurrency": "USD",
        "cik": "0001144215",
        "fillingDate": "2024-10-28",
        "acceptedDate": "2024-10-28 16:06:01",
        "calendarYear": "2024",
        "period": "Q4",
        "revenue": 1032300000,
        "costOfRevenue": 543600000,
        "grossProfit": 488700000,
        "grossProfitRatio": 0.4734088928,
        "researchAndDevelopmentExpenses": 102300000,
        "generalAndAdministrativeExpenses": 209300000,
        "sellingAndMarketingExpenses": 20100000,
        "sellingGeneralAndAdministrativeExpenses": 229400000,
        "otherExpenses": 0,
        "operatingExpenses": 331700000,
        "costAndExpenses": 875300000,
        "interestIncome": 9600000,
        "interestExpense": 6100000,
        "depreciationAndAmortization": 22600000,
        "ebitda": 181200000,
        "ebitdaratio": 0.1755303691,
        "operatingIncome": 157000000,
        "operatingIncomeRatio": 0.1520875714,
        "totalOtherIncomeExpensesNet": -4500000,
        "incomeBeforeTax": 152500000,
        "incomeBeforeTaxRatio": 0.1477283735,
        "incomeTaxExpense": 33600000,
        "netIncome": 118900000,
        "netIncomeRatio": 0.1151796958,
        "eps": 3.86,
        "epsdiluted": 3.77,
        "weightedAverageShsOut": 30813000,
        "weightedAverageShsOutDil": 31512000,
        "link": "https://www.sec.gov/Archives/edgar/data/1144215/000114421524000085/0001144215-24-000085-index.htm",
        "finalLink": "https://www.sec.gov/Archives/edgar/data/1144215/000114421524000085/ayi-20240831.htm"
    },
    {
        "date": "2024-05-31",
        "symbol": "AYI",
        "reportedCurrency": "USD",
        "cik": "0001144215",
        "fillingDate": "2024-06-27",
        "acceptedDate": "2024-06-27 07:22:34",
        "calendarYear": "2024",
        "period": "Q3",
        "revenue": 968100000,
        "costOfRevenue": 515900000,
        "grossProfit": 452200000,
        "grossProfitRatio": 0.4671005061,
        "researchAndDevelopmentExpenses": 0,
        "generalAndAdministrativeExpenses": 306900000,
        "sellingAndMarketingExpenses": 0,
        "sellingGeneralAndAdministrativeExpenses": 306900000,
        "otherExpenses": 0,
        "operatingExpenses": 306900000,
        "costAndExpenses": 822800000,
        "interestIncome": 8100000,
        "interestExpense": 6300000,
        "depreciationAndAmortization": 22900000,
        "ebitda": 167000000,
        "ebitdaratio": 0.1725028406,
        "operatingIncome": 145300000,
        "operatingIncomeRatio": 0.1500878008,
        "totalOtherIncomeExpensesNet": 2300000,
        "incomeBeforeTax": 147600000,
        "incomeBeforeTaxRatio": 0.1524635885,
        "incomeTaxExpense": 33700000,
        "netIncome": 113900000,
        "netIncomeRatio": 0.117653135,
        "eps": 3.69,
        "epsdiluted": 3.62,
        "weightedAverageShsOut": 30829000,
        "weightedAverageShsOutDil": 31477000,
        "link": "https://www.sec.gov/Archives/edgar/data/1144215/000114421524000068/0001144215-24-000068-index.htm",
        "finalLink": "https://www.sec.gov/Archives/edgar/data/1144215/000114421524000068/ayi-20240531.htm"
    },
    {
        "date": "2024-02-29",
        "symbol": "AYI",
        "reportedCurrency": "USD",
        "cik": "0001144215",
        "fillingDate": "2024-04-03",
        "acceptedDate": "2024-04-03 07:17:39",
        "calendarYear": "2024",
        "period": "Q2",
        "revenue": 905900000,
        "costOfRevenue": 493500000,
        "grossProfit": 412400000,
        "grossProfitRatio": 0.455237885,
        "researchAndDevelopmentExpenses": 0,
        "generalAndAdministrativeExpenses": 294300000,
        "sellingAndMarketingExpenses": 0,
        "sellingGeneralAndAdministrativeExpenses": 294300000,
        "otherExpenses": 0,
        "operatingExpenses": 294300000,
        "costAndExpenses": 787800000,
        "interestIncome": 6600000,
        "interestExpense": 6500000,
        "depreciationAndAmortization": 22900000,
        "ebitda": 140000000,
        "ebitdaratio": 0.154542444,
        "operatingIncome": 118100000,
        "operatingIncomeRatio": 0.1303675902,
        "totalOtherIncomeExpensesNet": -500000,
        "incomeBeforeTax": 117600000,
        "incomeBeforeTaxRatio": 0.1298156529,
        "incomeTaxExpense": 28400000,
        "netIncome": 89200000,
        "netIncomeRatio": 0.0984656143,
        "eps": 2.89,
        "epsdiluted": 2.84,
        "weightedAverageShsOut": 30864000,
        "weightedAverageShsOutDil": 31399000,
        "link": "https://www.sec.gov/Archives/edgar/data/1144215/000114421524000044/0001144215-24-000044-index.htm",
        "finalLink": "https://www.sec.gov/Archives/edgar/data/1144215/000114421524000044/ayi-20240229.htm"
    },
    {
        "date": "2023-11-30",
        "symbol": "AYI",
        "reportedCurrency": "USD",
        "cik": "0001144215",
        "fillingDate": "2024-01-09",
        "acceptedDate": "2024-01-09 07:33:17",
        "calendarYear": "2024",
        "period": "Q1",
        "revenue": 934700000,
        "costOfRevenue": 506300000,
        "grossProfit": 428400000,
        "grossProfitRatio": 0.4583288756,
        "researchAndDevelopmentExpenses": 0,
        "generalAndAdministrativeExpenses": 295500000,
        "sellingAndMarketingExpenses": 0,
        "sellingGeneralAndAdministrativeExpenses": 295500000,
        "otherExpenses": 0,
        "operatingExpenses": 295500000,
        "costAndExpenses": 801800000,
        "interestIncome": 5500000,
        "interestExpense": 6400000,
        "depreciationAndAmortization": 22700000,
        "ebitda": 160000000,
        "ebitdaratio": 0.171177918,
        "operatingIncome": 132900000,
        "operatingIncomeRatio": 0.1421846582,
        "totalOtherIncomeExpensesNet": -2000000,
        "incomeBeforeTax": 130900000,
        "incomeBeforeTaxRatio": 0.1400449342,
        "incomeTaxExpense": 30300000,
        "netIncome": 100600000,
        "netIncomeRatio": 0.107628116,
        "eps": 3.24,
        "epsdiluted": 3.21,
        "weightedAverageShsOut": 31005000,
        "weightedAverageShsOutDil": 31365000,
        "link": "https://www.sec.gov/Archives/edgar/data/1144215/000114421524000005/0001144215-24-000005-index.htm",
        "finalLink": "https://www.sec.gov/Archives/edgar/data/1144215/000114421524000005/ayi-20231130.htm"
    },
    {
        "date": "2023-08-31",
        "symbol": "AYI",
        "reportedCurrency": "USD",
        "cik": "0001144215",
        "fillingDate": "2023-10-26",
        "acceptedDate": "2023-10-26 08:09:01",
        "calendarYear": "2023",
        "period": "Q4",
        "revenue": 1010400000,
        "costOfRevenue": 567700000,
        "grossProfit": 442700000,
        "grossProfitRatio": 0.4381433096,
        "researchAndDevelopmentExpenses": 0,
        "generalAndAdministrativeExpenses": 0,
        "sellingAndMarketingExpenses": 313000000,
        "sellingGeneralAndAdministrativeExpenses": 313000000,
        "otherExpenses": 20000000,
        "operatingExpenses": 333000000,
        "costAndExpenses": 900700000,
        "interestIncome": 3400000,
        "interestExpense": 6100000,
        "depreciationAndAmortization": 22800000,
        "ebitda": 134200000,
        "ebitdaratio": 0.1328186857,
        "operatingIncome": 109700000,
        "operatingIncomeRatio": 0.108570863,
        "totalOtherIncomeExpensesNet": -4400000,
        "incomeBeforeTax": 105300000,
        "incomeBeforeTaxRatio": 0.104216152,
        "incomeTaxExpense": 22400000,
        "netIncome": 82900000,
        "netIncomeRatio": 0.0820467142,
        "eps": 2.66,
        "epsdiluted": 2.63,
        "weightedAverageShsOut": 31190000,
        "weightedAverageShsOutDil": 31562000,
        "link": "https://www.sec.gov/Archives/edgar/data/1144215/000114421523000090/0001144215-23-000090-index.htm",
        "finalLink": "https://www.sec.gov/Archives/edgar/data/1144215/000114421523000090/ayi-20230831.htm"
    },
    {
        "date": "2023-05-31",
        "symbol": "AYI",
        "reportedCurrency": "USD",
        "cik": "0001144215",
        "fillingDate": "2023-06-29",
        "acceptedDate": "2023-06-29 07:36:14",
        "calendarYear": "2023",
        "period": "Q3",
        "revenue": 1000300000,
        "costOfRevenue": 553000000,
        "grossProfit": 447300000,
        "grossProfitRatio": 0.4471658502,
        "researchAndDevelopmentExpenses": 0,
        "generalAndAdministrativeExpenses": 304000000,
        "sellingAndMarketingExpenses": 0,
        "sellingGeneralAndAdministrativeExpenses": 304000000,
        "otherExpenses": 0,
        "operatingExpenses": 304000000,
        "costAndExpenses": 857000000,
        "interestIncome": 2400000,
        "interestExpense": 6300000,
        "depreciationAndAmortization": 21900000,
        "ebitda": 166900000,
        "ebitdaratio": 0.166849945,
        "operatingIncome": 143300000,
        "operatingIncomeRatio": 0.1432570229,
        "totalOtherIncomeExpensesNet": -4600000,
        "incomeBeforeTax": 138700000,
        "incomeBeforeTaxRatio": 0.1386584025,
        "incomeTaxExpense": 33700000,
        "netIncome": 105000000,
        "netIncomeRatio": 0.1049685094,
        "eps": 3.31,
        "epsdiluted": 3.28,
        "weightedAverageShsOut": 31682000,
        "weightedAverageShsOutDil": 32011000,
        "link": "https://www.sec.gov/Archives/edgar/data/1144215/000114421523000069/0001144215-23-000069-index.htm",
        "finalLink": "https://www.sec.gov/Archives/edgar/data/1144215/000114421523000069/ayi-20230531.htm"
    },
    {
        "date": "2023-02-28",
        "symbol": "AYI",
        "reportedCurrency": "USD",
        "cik": "0001144215",
        "fillingDate": "2023-04-04",
        "acceptedDate": "2023-04-04 07:31:08",
        "calendarYear": "2023",
        "period": "Q2",
        "revenue": 943600000,
        "costOfRevenue": 536900000,
        "grossProfit": 406700000,
        "grossProfitRatio": 0.4310089021,
        "researchAndDevelopmentExpenses": 0,
        "generalAndAdministrativeExpenses": 295200000,
        "sellingAndMarketingExpenses": 0,
        "sellingGeneralAndAdministrativeExpenses": 295200000,
        "otherExpenses": 0,
        "operatingExpenses": 295200000,
        "costAndExpenses": 832100000,
        "interestIncome": 1900000,
        "interestExpense": 7600000,
        "depreciationAndAmortization": 22000000,
        "ebitda": 139100000,
        "ebitdaratio": 0.1474141585,
        "operatingIncome": 111500000,
        "operatingIncomeRatio": 0.1181644765,
        "totalOtherIncomeExpensesNet": -2000000,
        "incomeBeforeTax": 109500000,
        "incomeBeforeTaxRatio": 0.1160449343,
        "incomeTaxExpense": 26300000,
        "netIncome": 83200000,
        "netIncomeRatio": 0.0881729546,
        "eps": 2.6,
        "epsdiluted": 2.57,
        "weightedAverageShsOut": 32048000,
        "weightedAverageShsOutDil": 32386000,
        "link": "https://www.sec.gov/Archives/edgar/data/1144215/000114421523000053/0001144215-23-000053-index.htm",
        "finalLink": "https://www.sec.gov/Archives/edgar/data/1144215/000114421523000053/ayi-20230228.htm"
    },
    {
        "date": "2022-11-30",
        "symbol": "AYI",
        "reportedCurrency": "USD",
        "cik": "0001144215",
        "fillingDate": "2023-01-09",
        "acceptedDate": "2023-01-09 07:31:34",
        "calendarYear": "2023",
        "period": "Q1",
        "revenue": 997900000,
        "costOfRevenue": 581400000,
        "grossProfit": 416500000,
        "grossProfitRatio": 0.4173764906,
        "researchAndDevelopmentExpenses": 0,
        "generalAndAdministrativeExpenses": 0,
        "sellingAndMarketingExpenses": 300700000,
        "sellingGeneralAndAdministrativeExpenses": 300700000,
        "otherExpenses": 6900000,
        "operatingExpenses": 307600000,
        "costAndExpenses": 889000000,
        "interestIncome": 1300000,
        "interestExpense": 7900000,
        "depreciationAndAmortization": 26500000,
        "ebitda": 127600000,
        "ebitdaratio": 0.1278685239,
        "operatingIncome": 108900000,
        "operatingIncomeRatio": 0.1091291713,
        "totalOtherIncomeExpensesNet": -15700000,
        "incomeBeforeTax": 93200000,
        "incomeBeforeTaxRatio": 0.0933961319,
        "incomeTaxExpense": 18300000,
        "netIncome": 74900000,
        "netIncomeRatio": 0.075057621,
        "eps": 2.32,
        "epsdiluted": 2.29,
        "weightedAverageShsOut": 32308000,
        "weightedAverageShsOutDil": 32704000,
        "link": "https://www.sec.gov/Archives/edgar/data/1144215/000114421523000008/0001144215-23-000008-index.htm",
        "finalLink": "https://www.sec.gov/Archives/edgar/data/1144215/000114421523000008/ayi-20221130.htm"
    },
    {
        "date": "2022-08-31",
        "symbol": "AYI",
        "reportedCurrency": "USD",
        "cik": "0001144215",
        "fillingDate": "2022-10-26",
        "acceptedDate": "2022-10-26 08:29:44",
        "calendarYear": "2022",
        "period": "Q4",
        "revenue": 1110300000,
        "costOfRevenue": 647800000,
        "grossProfit": 462500000,
        "grossProfitRatio": 0.4165540845,
        "researchAndDevelopmentExpenses": 95100000,
        "generalAndAdministrativeExpenses": 49700000,
        "sellingAndMarketingExpenses": 170500000,
        "sellingGeneralAndAdministrativeExpenses": 220200000,
        "otherExpenses": -2400000,
        "operatingExpenses": 312900000,
        "costAndExpenses": 960700000,
        "interestIncome": 1000000,
        "interestExpense": 7800000,
        "depreciationAndAmortization": 23400000,
        "ebitda": 170600000,
        "ebitdaratio": 0.1536521661,
        "operatingIncome": 149600000,
        "operatingIncomeRatio": 0.134738359,
        "totalOtherIncomeExpensesNet": -800000,
        "incomeBeforeTax": 148800000,
        "incomeBeforeTaxRatio": 0.134017833,
        "incomeTaxExpense": 33400000,
        "netIncome": 115400000,
        "netIncomeRatio": 0.1039358732,
        "eps": 3.53,
        "epsdiluted": 3.48,
        "weightedAverageShsOut": 32717000,
        "weightedAverageShsOutDil": 33159000,
        "link": "https://www.sec.gov/Archives/edgar/data/1144215/000114421522000097/0001144215-22-000097-index.htm",
        "finalLink": "https://www.sec.gov/Archives/edgar/data/1144215/000114421522000097/ayi-20220831.htm"
    },
    {
        "date": "2022-05-31",
        "symbol": "AYI",
        "reportedCurrency": "USD",
        "cik": "0001144215",
        "fillingDate": "2022-06-30",
        "acceptedDate": "2022-06-30 07:47:39",
        "calendarYear": "2022",
        "period": "Q3",
        "revenue": 1060600000,
        "costOfRevenue": 615500000,
        "grossProfit": 445100000,
        "grossProfitRatio": 0.4196681124,
        "researchAndDevelopmentExpenses": 0,
        "generalAndAdministrativeExpenses": 0,
        "sellingAndMarketingExpenses": 302400000,
        "sellingGeneralAndAdministrativeExpenses": 302400000,
        "otherExpenses": 0,
        "operatingExpenses": 302400000,
        "costAndExpenses": 917900000,
        "interestIncome": 400000,
        "interestExpense": 6600000,
        "depreciationAndAmortization": 23500000,
        "ebitda": 168100000,
        "ebitdaratio": 0.1584951914,
        "operatingIncome": 142700000,
        "operatingIncomeRatio": 0.1345464831,
        "totalOtherIncomeExpensesNet": -4700000,
        "incomeBeforeTax": 138000000,
        "incomeBeforeTaxRatio": 0.1301150292,
        "incomeTaxExpense": 32300000,
        "netIncome": 105700000,
        "netIncomeRatio": 0.0996605695,
        "eps": 3.1,
        "epsdiluted": 3.07,
        "weightedAverageShsOut": 34079000,
        "weightedAverageShsOutDil": 34400000,
        "link": "https://www.sec.gov/Archives/edgar/data/1144215/000114421522000073/0001144215-22-000073-index.htm",
        "finalLink": "https://www.sec.gov/Archives/edgar/data/1144215/000114421522000073/ayi-20220531.htm"
    },
    {
        "date": "2022-02-28",
        "symbol": "AYI",
        "reportedCurrency": "USD",
        "cik": "0001144215",
        "fillingDate": "2022-04-05",
        "acceptedDate": "2022-04-05 07:50:10",
        "calendarYear": "2022",
        "period": "Q2",
        "revenue": 909100000,
        "costOfRevenue": 529800000,
        "grossProfit": 379300000,
        "grossProfitRatio": 0.4172258277,
        "researchAndDevelopmentExpenses": 0,
        "generalAndAdministrativeExpenses": 0,
        "sellingAndMarketingExpenses": 277000000,
        "sellingGeneralAndAdministrativeExpenses": 277000000,
        "otherExpenses": 0,
        "operatingExpenses": 277000000,
        "costAndExpenses": 806800000,
        "interestIncome": 400000,
        "interestExpense": 6400000,
        "depreciationAndAmortization": 23600000,
        "ebitda": 128200000,
        "ebitdaratio": 0.1410185898,
        "operatingIncome": 102300000,
        "operatingIncomeRatio": 0.1125288747,
        "totalOtherIncomeExpensesNet": -4100000,
        "incomeBeforeTax": 98200000,
        "incomeBeforeTaxRatio": 0.1080189198,
        "incomeTaxExpense": 22900000,
        "netIncome": 75300000,
        "netIncomeRatio": 0.0828291717,
        "eps": 2.13,
        "epsdiluted": 2.13,
        "weightedAverageShsOut": 34964000,
        "weightedAverageShsOutDil": 35364000,
        "link": "https://www.sec.gov/Archives/edgar/data/1144215/000114421522000053/0001144215-22-000053-index.htm",
        "finalLink": "https://www.sec.gov/Archives/edgar/data/1144215/000114421522000053/ayi-20220228.htm"
    },
    {
        "date": "2021-11-30",
        "symbol": "AYI",
        "reportedCurrency": "USD",
        "cik": "0001144215",
        "fillingDate": "2022-01-07",
        "acceptedDate": "2022-01-07 07:38:51",
        "calendarYear": "2022",
        "period": "Q1",
        "revenue": 926100000,
        "costOfRevenue": 540300000,
        "grossProfit": 385800000,
        "grossProfitRatio": 0.4165856819,
        "researchAndDevelopmentExpenses": 0,
        "generalAndAdministrativeExpenses": 0,
        "sellingAndMarketingExpenses": 270700000,
        "sellingGeneralAndAdministrativeExpenses": 270700000,
        "otherExpenses": 0,
        "operatingExpenses": 270700000,
        "costAndExpenses": 811000000,
        "interestIncome": 300000,
        "interestExpense": 6200000,
        "depreciationAndAmortization": 24300000,
        "ebitda": 139400000,
        "ebitdaratio": 0.1505237015,
        "operatingIncome": 115100000,
        "operatingIncomeRatio": 0.1242846345,
        "totalOtherIncomeExpensesNet": -6200000,
        "incomeBeforeTax": 108900000,
        "incomeBeforeTaxRatio": 0.1175898931,
        "incomeTaxExpense": 21300000,
        "netIncome": 87600000,
        "netIncomeRatio": 0.094590217,
        "eps": 2.5,
        "epsdiluted": 2.46,
        "weightedAverageShsOut": 35063000,
        "weightedAverageShsOutDil": 35539000,
        "link": "https://www.sec.gov/Archives/edgar/data/1144215/000114421522000010/0001144215-22-000010-index.htm",
        "finalLink": "https://www.sec.gov/Archives/edgar/data/1144215/000114421522000010/ayi-20211130.htm"
    },
    {
        "date": "2021-08-31",
        "symbol": "AYI",
        "reportedCurrency": "USD",
        "cik": "0001144215",
        "fillingDate": "2021-10-27",
        "acceptedDate": "2021-10-27 09:11:14",
        "calendarYear": "2021",
        "period": "Q4",
        "revenue": 992700000,
        "costOfRevenue": 573400000,
        "grossProfit": 419300000,
        "grossProfitRatio": 0.4223833988,
        "researchAndDevelopmentExpenses": 88300000,
        "generalAndAdministrativeExpenses": 52700000,
        "sellingAndMarketingExpenses": 147900000,
        "sellingGeneralAndAdministrativeExpenses": 200600000,
        "otherExpenses": -2400000,
        "operatingExpenses": 286500000,
        "costAndExpenses": 859900000,
        "interestIncome": 300000,
        "interestExpense": 5800000,
        "depreciationAndAmortization": 25100000,
        "ebitda": 155500000,
        "ebitdaratio": 0.1566434975,
        "operatingIncome": 132800000,
        "operatingIncomeRatio": 0.133776569,
        "totalOtherIncomeExpensesNet": -7200000,
        "incomeBeforeTax": 125600000,
        "incomeBeforeTaxRatio": 0.1265236224,
        "incomeTaxExpense": 27500000,
        "netIncome": 98100000,
        "netIncomeRatio": 0.0988213962,
        "eps": 2.76,
        "epsdiluted": 2.72,
        "weightedAverageShsOut": 35500000,
        "weightedAverageShsOutDil": 36000000,
        "link": "https://www.sec.gov/Archives/edgar/data/1144215/000114421521000097/0001144215-21-000097-index.htm",
        "finalLink": "https://www.sec.gov/Archives/edgar/data/1144215/000114421521000097/ayi-20210831.htm"
    },
    {
        "date": "2021-05-31",
        "symbol": "AYI",
        "reportedCurrency": "USD",
        "cik": "0001144215",
        "fillingDate": "2021-07-01",
        "acceptedDate": "2021-07-01 08:28:50",
        "calendarYear": "2021",
        "period": "Q3",
        "revenue": 899700000,
        "costOfRevenue": 513100000,
        "grossProfit": 386600000,
        "grossProfitRatio": 0.4296987885,
        "researchAndDevelopmentExpenses": 0,
        "generalAndAdministrativeExpenses": 0,
        "sellingAndMarketingExpenses": 268000000,
        "sellingGeneralAndAdministrativeExpenses": 268000000,
        "otherExpenses": 500000,
        "operatingExpenses": 268500000,
        "costAndExpenses": 781600000,
        "interestIncome": 200000,
        "interestExpense": 6400000,
        "depreciationAndAmortization": 25000000,
        "ebitda": 143200000,
        "ebitdaratio": 0.1591641658,
        "operatingIncome": 118100000,
        "operatingIncomeRatio": 0.1312659775,
        "totalOtherIncomeExpensesNet": -8900000,
        "incomeBeforeTax": 109200000,
        "incomeBeforeTaxRatio": 0.1213737913,
        "incomeTaxExpense": 23500000,
        "netIncome": 85700000,
        "netIncomeRatio": 0.0952539735,
        "eps": 2.4,
        "epsdiluted": 2.37,
        "weightedAverageShsOut": 35700000,
        "weightedAverageShsOutDil": 36200000,
        "link": "https://www.sec.gov/Archives/edgar/data/1144215/000114421521000065/0001144215-21-000065-index.htm",
        "finalLink": "https://www.sec.gov/Archives/edgar/data/1144215/000114421521000065/ayi-20210531.htm"
    },
    {
        "date": "2021-02-28",
        "symbol": "AYI",
        "reportedCurrency": "USD",
        "cik": "0001144215",
        "fillingDate": "2021-03-31",
        "acceptedDate": "2021-03-31 07:57:11",
        "calendarYear": "2021",
        "period": "Q2",
        "revenue": 776600000,
        "costOfRevenue": 439900000,
        "grossProfit": 336700000,
        "grossProfitRatio": 0.4335565285,
        "researchAndDevelopmentExpenses": 0,
        "generalAndAdministrativeExpenses": 0,
        "sellingAndMarketingExpenses": 245400000,
        "sellingGeneralAndAdministrativeExpenses": 245400000,
        "otherExpenses": 300000,
        "operatingExpenses": 245700000,
        "costAndExpenses": 685600000,
        "interestIncome": 300000,
        "interestExpense": 6900000,
        "depreciationAndAmortization": 25000000,
        "ebitda": 116100000,
        "ebitdaratio": 0.149497811,
        "operatingIncome": 91000000,
        "operatingIncomeRatio": 0.1171774401,
        "totalOtherIncomeExpensesNet": -8800000,
        "incomeBeforeTax": 82200000,
        "incomeBeforeTaxRatio": 0.1058459954,
        "incomeTaxExpense": 19300000,
        "netIncome": 62900000,
        "netIncomeRatio": 0.0809940767,
        "eps": 1.75,
        "epsdiluted": 1.74,
        "weightedAverageShsOut": 36000000,
        "weightedAverageShsOutDil": 36200000,
        "link": "https://www.sec.gov/Archives/edgar/data/1144215/000114421521000041/0001144215-21-000041-index.htm",
        "finalLink": "https://www.sec.gov/Archives/edgar/data/1144215/000114421521000041/ayi-20210228.htm"
    },
    {
        "date": "2020-11-30",
        "symbol": "AYI",
        "reportedCurrency": "USD",
        "cik": "0001144215",
        "fillingDate": "2021-01-07",
        "acceptedDate": "2021-01-07 12:36:12",
        "calendarYear": "2021",
        "period": "Q1",
        "revenue": 792000000,
        "costOfRevenue": 459600000,
        "grossProfit": 332400000,
        "grossProfitRatio": 0.4196969697,
        "researchAndDevelopmentExpenses": 0,
        "generalAndAdministrativeExpenses": 0,
        "sellingAndMarketingExpenses": 246000000,
        "sellingGeneralAndAdministrativeExpenses": 246000000,
        "otherExpenses": 700000,
        "operatingExpenses": 246700000,
        "costAndExpenses": 706300000,
        "interestIncome": 200000,
        "interestExpense": 5100000,
        "depreciationAndAmortization": 25000000,
        "ebitda": 111000000,
        "ebitdaratio": 0.1401515152,
        "operatingIncome": 85700000,
        "operatingIncomeRatio": 0.1082070707,
        "totalOtherIncomeExpensesNet": -6500000,
        "incomeBeforeTax": 79200000,
        "incomeBeforeTaxRatio": 0.1,
        "incomeTaxExpense": 19600000,
        "netIncome": 59600000,
        "netIncomeRatio": 0.0752525253,
        "eps": 1.58,
        "epsdiluted": 1.57,
        "weightedAverageShsOut": 37600000,
        "weightedAverageShsOutDil": 37800000,
        "link": "https://www.sec.gov/Archives/edgar/data/1144215/000114421521000008/0001144215-21-000008-index.htm",
        "finalLink": "https://www.sec.gov/Archives/edgar/data/1144215/000114421521000008/ayi-20201130.htm"
    },
    {
        "date": "2020-08-31",
        "symbol": "AYI",
        "reportedCurrency": "USD",
        "cik": "0001144215",
        "fillingDate": "2020-10-23",
        "acceptedDate": "2020-10-23 16:44:41",
        "calendarYear": "2020",
        "period": "Q4",
        "revenue": 891200000,
        "costOfRevenue": 516100000,
        "grossProfit": 375100000,
        "grossProfitRatio": 0.4208931777,
        "researchAndDevelopmentExpenses": 82000000,
        "generalAndAdministrativeExpenses": 30900000,
        "sellingAndMarketingExpenses": 137000000,
        "sellingGeneralAndAdministrativeExpenses": 167900000,
        "otherExpenses": 19300000,
        "operatingExpenses": 269200000,
        "costAndExpenses": 785300000,
        "interestIncome": 600000,
        "interestExpense": 4500000,
        "depreciationAndAmortization": 25800000,
        "ebitda": 140100000,
        "ebitdaratio": 0.1572037702,
        "operatingIncome": 105900000,
        "operatingIncomeRatio": 0.1188285458,
        "totalOtherIncomeExpensesNet": -8300000,
        "incomeBeforeTax": 97600000,
        "incomeBeforeTaxRatio": 0.1095152603,
        "incomeTaxExpense": 23900000,
        "netIncome": 73700000,
        "netIncomeRatio": 0.0826974865,
        "eps": 1.88,
        "epsdiluted": 1.87,
        "weightedAverageShsOut": 39300000,
        "weightedAverageShsOutDil": 39500000,
        "link": "https://www.sec.gov/Archives/edgar/data/1144215/000114421520000125/0001144215-20-000125-index.htm",
        "finalLink": "https://www.sec.gov/Archives/edgar/data/1144215/000114421520000125/ayi-20200831x10k.htm"
    },
    {
        "date": "2020-05-31",
        "symbol": "AYI",
        "reportedCurrency": "USD",
        "cik": "0001144215",
        "fillingDate": "2020-06-29",
        "acceptedDate": "2020-06-30 08:32:18",
        "calendarYear": "2020",
        "period": "Q3",
        "revenue": 776200000,
        "costOfRevenue": 448600000,
        "grossProfit": 327600000,
        "grossProfitRatio": 0.4220561711,
        "researchAndDevelopmentExpenses": 0,
        "generalAndAdministrativeExpenses": 0,
        "sellingAndMarketingExpenses": 241300000,
        "sellingGeneralAndAdministrativeExpenses": 241300000,
        "otherExpenses": 3300000,
        "operatingExpenses": 244600000,
        "costAndExpenses": 693200000,
        "interestIncome": 700000,
        "interestExpense": 6100000,
        "depreciationAndAmortization": 25500000,
        "ebitda": 110800000,
        "ebitdaratio": 0.1427467148,
        "operatingIncome": 83000000,
        "operatingIncomeRatio": 0.1069312033,
        "totalOtherIncomeExpensesNet": -4500000,
        "incomeBeforeTax": 78500000,
        "incomeBeforeTaxRatio": 0.1011337284,
        "incomeTaxExpense": 18100000,
        "netIncome": 60400000,
        "netIncomeRatio": 0.0778149961,
        "eps": 1.53,
        "epsdiluted": 1.52,
        "weightedAverageShsOut": 39500000,
        "weightedAverageShsOutDil": 39700000,
        "link": "https://www.sec.gov/Archives/edgar/data/1144215/000114421520000081/0001144215-20-000081-index.htm",
        "finalLink": "https://www.sec.gov/Archives/edgar/data/1144215/000114421520000081/ayi-20200531x10q.htm"
    },
    {
        "date": "2020-02-29",
        "symbol": "AYI",
        "reportedCurrency": "USD",
        "cik": "0001144215",
        "fillingDate": "2020-04-02",
        "acceptedDate": "2020-04-02 08:34:19",
        "calendarYear": "2020",
        "period": "Q2",
        "revenue": 824200000,
        "costOfRevenue": 480300000,
        "grossProfit": 343900000,
        "grossProfitRatio": 0.4172530939,
        "researchAndDevelopmentExpenses": 0,
        "generalAndAdministrativeExpenses": 0,
        "sellingAndMarketingExpenses": 260899999,
        "sellingGeneralAndAdministrativeExpenses": 260900000,
        "otherExpenses": 1600000,
        "operatingExpenses": 262500000,
        "costAndExpenses": 742800000,
        "interestIncome": 1100000,
        "interestExpense": 6800000,
        "depreciationAndAmortization": 25600000,
        "ebitda": 107700000,
        "ebitdaratio": 0.1306721669,
        "operatingIncome": 81400000,
        "operatingIncomeRatio": 0.0987624363,
        "totalOtherIncomeExpensesNet": -6700000,
        "incomeBeforeTax": 74700000,
        "incomeBeforeTaxRatio": 0.0906333414,
        "incomeTaxExpense": 17500000,
        "netIncome": 57200000,
        "netIncomeRatio": 0.0694006309,
        "eps": 1.45,
        "epsdiluted": 1.44,
        "weightedAverageShsOut": 39500000,
        "weightedAverageShsOutDil": 39700000,
        "link": "https://www.sec.gov/Archives/edgar/data/1144215/000114421520000045/0001144215-20-000045-index.htm",
        "finalLink": "https://www.sec.gov/Archives/edgar/data/1144215/000114421520000045/ayi-20200229x10q.htm"
    },
    {
        "date": "2019-11-30",
        "symbol": "AYI",
        "reportedCurrency": "USD",
        "cik": "0001144215",
        "fillingDate": "2020-01-09",
        "acceptedDate": "2020-01-09 08:39:58",
        "calendarYear": "2020",
        "period": "Q1",
        "revenue": 834700000,
        "costOfRevenue": 478900000,
        "grossProfit": 355800000,
        "grossProfitRatio": 0.4262609321,
        "researchAndDevelopmentExpenses": 0,
        "generalAndAdministrativeExpenses": 0,
        "sellingAndMarketingExpenses": 265300000,
        "sellingGeneralAndAdministrativeExpenses": 265300000,
        "otherExpenses": 6900000,
        "operatingExpenses": 272200000,
        "costAndExpenses": 751100000,
        "interestIncome": 700000,
        "interestExpense": 9000000,
        "depreciationAndAmortization": 24200000,
        "ebitda": 115800000,
        "ebitdaratio": 0.1387324787,
        "operatingIncome": 83600000,
        "operatingIncomeRatio": 0.1001557446,
        "totalOtherIncomeExpensesNet": -9700000,
        "incomeBeforeTax": 73900000,
        "incomeBeforeTaxRatio": 0.0885348029,
        "incomeTaxExpense": 16900000,
        "netIncome": 57000000,
        "netIncomeRatio": 0.0682880077,
        "eps": 1.44,
        "epsdiluted": 1.44,
        "weightedAverageShsOut": 39500000,
        "weightedAverageShsOutDil": 39600000,
        "link": "https://www.sec.gov/Archives/edgar/data/1144215/000114421520000005/0001144215-20-000005-index.htm",
        "finalLink": "https://www.sec.gov/Archives/edgar/data/1144215/000114421520000005/ayi-20191130x10q.htm"
    },
    {
        "date": "2019-08-31",
        "symbol": "AYI",
        "reportedCurrency": "USD",
        "cik": "0001144215",
        "fillingDate": "2019-10-29",
        "acceptedDate": "2019-10-29 14:51:38",
        "calendarYear": "2019",
        "period": "Q4",
        "revenue": 938100000,
        "costOfRevenue": 543400000,
        "grossProfit": 394700000,
        "grossProfitRatio": 0.4207440571,
        "researchAndDevelopmentExpenses": 0,
        "generalAndAdministrativeExpenses": 24800000,
        "sellingAndMarketingExpenses": 156900000,
        "sellingGeneralAndAdministrativeExpenses": 263900000,
        "otherExpenses": 500000,
        "operatingExpenses": 264400000,
        "costAndExpenses": 807800000,
        "interestIncome": 1300000,
        "interestExpense": 9000000,
        "depreciationAndAmortization": 22600000,
        "ebitda": 153200000,
        "ebitdaratio": 0.1633088157,
        "operatingIncome": 130300000,
        "operatingIncomeRatio": 0.1388977721,
        "totalOtherIncomeExpensesNet": -9800000,
        "incomeBeforeTax": 120500000,
        "incomeBeforeTaxRatio": 0.1284511246,
        "incomeTaxExpense": 24400000,
        "netIncome": 96100000,
        "netIncomeRatio": 0.1024411044,
        "eps": 2.43,
        "epsdiluted": 2.42,
        "weightedAverageShsOut": 39600000,
        "weightedAverageShsOutDil": 39700000,
        "link": "https://www.sec.gov/Archives/edgar/data/1144215/000114421519000114/0001144215-19-000114-index.htm",
        "finalLink": "https://www.sec.gov/Archives/edgar/data/1144215/000114421519000114/ayi-20190831x10k.htm"
    },
    {
        "date": "2019-05-31",
        "symbol": "AYI",
        "reportedCurrency": "USD",
        "cik": "0001144215",
        "fillingDate": "2019-07-02",
        "acceptedDate": "2019-07-02 08:32:47",
        "calendarYear": "2019",
        "period": "Q3",
        "revenue": 947600000,
        "costOfRevenue": 564000000,
        "grossProfit": 383600000,
        "grossProfitRatio": 0.404812157,
        "researchAndDevelopmentExpenses": 0,
        "generalAndAdministrativeExpenses": 0,
        "sellingAndMarketingExpenses": 263399999,
        "sellingGeneralAndAdministrativeExpenses": 263400000,
        "otherExpenses": -100000,
        "operatingExpenses": 263300000,
        "costAndExpenses": 827300000,
        "interestIncome": 800000,
        "interestExpense": 9100000,
        "depreciationAndAmortization": 22400000,
        "ebitda": 141700000,
        "ebitdaratio": 0.1495356691,
        "operatingIncome": 120300000,
        "operatingIncomeRatio": 0.1269523005,
        "totalOtherIncomeExpensesNet": -8500000,
        "incomeBeforeTax": 111800000,
        "incomeBeforeTaxRatio": 0.117982271,
        "incomeTaxExpense": 23400000,
        "netIncome": 88400000,
        "netIncomeRatio": 0.0932883073,
        "eps": 2.23,
        "epsdiluted": 2.22,
        "weightedAverageShsOut": 39700000,
        "weightedAverageShsOutDil": 39800000,
        "link": "https://www.sec.gov/Archives/edgar/data/1144215/000114421519000072/0001144215-19-000072-index.htm",
        "finalLink": "https://www.sec.gov/Archives/edgar/data/1144215/000114421519000072/ayi-20190531x10q.htm"
    },
    {
        "date": "2019-02-28",
        "symbol": "AYI",
        "reportedCurrency": "USD",
        "cik": "0001144215",
        "fillingDate": "2019-04-03",
        "acceptedDate": "2019-04-03 08:34:30",
        "calendarYear": "2019",
        "period": "Q2",
        "revenue": 854400000,
        "costOfRevenue": 520500000,
        "grossProfit": 333900000,
        "grossProfitRatio": 0.3908005618,
        "researchAndDevelopmentExpenses": 0,
        "generalAndAdministrativeExpenses": 0,
        "sellingAndMarketingExpenses": 237600000,
        "sellingGeneralAndAdministrativeExpenses": 237600000,
        "otherExpenses": 400000,
        "operatingExpenses": 238000000,
        "costAndExpenses": 758500000,
        "interestIncome": 500000,
        "interestExpense": 9100000,
        "depreciationAndAmortization": 22000000,
        "ebitda": 118400000,
        "ebitdaratio": 0.138576779,
        "operatingIncome": 95900000,
        "operatingIncomeRatio": 0.1122425094,
        "totalOtherIncomeExpensesNet": -9700000,
        "incomeBeforeTax": 86200000,
        "incomeBeforeTaxRatio": 0.1008895131,
        "incomeTaxExpense": 19900000,
        "netIncome": 66300000,
        "netIncomeRatio": 0.0775983146,
        "eps": 1.68,
        "epsdiluted": 1.67,
        "weightedAverageShsOut": 39500000,
        "weightedAverageShsOutDil": 39600000,
        "link": "https://www.sec.gov/Archives/edgar/data/1144215/000114421519000043/0001144215-19-000043-index.htm",
        "finalLink": "https://www.sec.gov/Archives/edgar/data/1144215/000114421519000043/ayi-20190228x10q.htm"
    },
    {
        "date": "2018-11-30",
        "symbol": "AYI",
        "reportedCurrency": "USD",
        "cik": "0001144215",
        "fillingDate": "2019-01-09",
        "acceptedDate": "2019-01-09 08:33:14",
        "calendarYear": "2019",
        "period": "Q1",
        "revenue": 932600000,
        "costOfRevenue": 565100000,
        "grossProfit": 367500000,
        "grossProfitRatio": 0.3940596183,
        "researchAndDevelopmentExpenses": 0,
        "generalAndAdministrativeExpenses": 0,
        "sellingAndMarketingExpenses": 250100000,
        "sellingGeneralAndAdministrativeExpenses": 250100000,
        "otherExpenses": 1000000,
        "operatingExpenses": 251100000,
        "costAndExpenses": 816200000,
        "interestIncome": 500000,
        "interestExpense": 9200000,
        "depreciationAndAmortization": 21300000,
        "ebitda": 138500000,
        "ebitdaratio": 0.1485095432,
        "operatingIncome": 116400000,
        "operatingIncomeRatio": 0.1248123526,
        "totalOtherIncomeExpensesNet": -10000000,
        "incomeBeforeTax": 106400000,
        "incomeBeforeTaxRatio": 0.1140896419,
        "incomeTaxExpense": 26800000,
        "netIncome": 79600000,
        "netIncomeRatio": 0.0853527772,
        "eps": 1.99,
        "epsdiluted": 1.98,
        "weightedAverageShsOut": 40000000,
        "weightedAverageShsOutDil": 40100000,
        "link": "https://www.sec.gov/Archives/edgar/data/1144215/000114421519000025/0001144215-19-000025-index.htm",
        "finalLink": "https://www.sec.gov/Archives/edgar/data/1144215/000114421519000025/ayi-20181130x10q.htm"
    },
    {
        "date": "2018-08-31",
        "symbol": "AYI",
        "reportedCurrency": "USD",
        "cik": "0001144215",
        "fillingDate": "2018-10-25",
        "acceptedDate": "2018-10-25 12:31:34",
        "calendarYear": "2018",
        "period": "Q4",
        "revenue": 1061200000,
        "costOfRevenue": 648900000,
        "grossProfit": 412300000,
        "grossProfitRatio": 0.3885224274,
        "researchAndDevelopmentExpenses": 0,
        "generalAndAdministrativeExpenses": 26900000,
        "sellingAndMarketingExpenses": 175500000,
        "sellingGeneralAndAdministrativeExpenses": 275300000,
        "otherExpenses": -5100000,
        "operatingExpenses": 270200000,
        "costAndExpenses": 919100000,
        "interestIncome": 200000,
        "interestExpense": 9200000,
        "depreciationAndAmortization": 21800000,
        "ebitda": 168100000,
        "ebitdaratio": 0.1584055786,
        "operatingIncome": 142100000,
        "operatingIncomeRatio": 0.1339050132,
        "totalOtherIncomeExpensesNet": -5000000,
        "incomeBeforeTax": 137100000,
        "incomeBeforeTaxRatio": 0.129193366,
        "incomeTaxExpense": 28900000,
        "netIncome": 108200000,
        "netIncomeRatio": 0.1019600452,
        "eps": 2.71,
        "epsdiluted": 2.7,
        "weightedAverageShsOut": 40000000,
        "weightedAverageShsOutDil": 40100000,
        "link": "https://www.sec.gov/Archives/edgar/data/1144215/000114421518000110/0001144215-18-000110-index.htm",
        "finalLink": "https://www.sec.gov/Archives/edgar/data/1144215/000114421518000110/ayi-20180831x10k.htm"
    },
    {
        "date": "2018-05-31",
        "symbol": "AYI",
        "reportedCurrency": "USD",
        "cik": "0001144215",
        "fillingDate": "2018-07-03",
        "acceptedDate": "2018-07-03 08:26:55",
        "calendarYear": "2018",
        "period": "Q3",
        "revenue": 944000000,
        "costOfRevenue": 554900000,
        "grossProfit": 389100000,
        "grossProfitRatio": 0.4121822034,
        "researchAndDevelopmentExpenses": 0,
        "generalAndAdministrativeExpenses": 0,
        "sellingAndMarketingExpenses": 273600000,
        "sellingGeneralAndAdministrativeExpenses": 271800000,
        "otherExpenses": 9900000,
        "operatingExpenses": 281700000,
        "costAndExpenses": 836600000,
        "interestIncome": 500000,
        "interestExpense": 8900000,
        "depreciationAndAmortization": 20200000,
        "ebitda": 128300000,
        "ebitdaratio": 0.1359110169,
        "operatingIncome": 107400000,
        "operatingIncomeRatio": 0.1137711864,
        "totalOtherIncomeExpensesNet": -8200000,
        "incomeBeforeTax": 99200000,
        "incomeBeforeTaxRatio": 0.1050847458,
        "incomeTaxExpense": 26200000,
        "netIncome": 73000000,
        "netIncomeRatio": 0.0773305085,
        "eps": 1.81,
        "epsdiluted": 1.8,
        "weightedAverageShsOut": 40400000,
        "weightedAverageShsOutDil": 40500000,
        "link": "https://www.sec.gov/Archives/edgar/data/1144215/000114421518000080/0001144215-18-000080-index.htm",
        "finalLink": "https://www.sec.gov/Archives/edgar/data/1144215/000114421518000080/ayi-20180531x10q.htm"
    },
    {
        "date": "2018-02-28",
        "symbol": "AYI",
        "reportedCurrency": "USD",
        "cik": "0001144215",
        "fillingDate": "2018-04-04",
        "acceptedDate": "2018-04-04 08:37:27",
        "calendarYear": "2018",
        "period": "Q2",
        "revenue": 832100000,
        "costOfRevenue": 497600000,
        "grossProfit": 334500000,
        "grossProfitRatio": 0.4019949525,
        "researchAndDevelopmentExpenses": 0,
        "generalAndAdministrativeExpenses": 0,
        "sellingAndMarketingExpenses": 246300000,
        "sellingGeneralAndAdministrativeExpenses": 244400000,
        "otherExpenses": 600000,
        "operatingExpenses": 245000000,
        "costAndExpenses": 742600000,
        "interestIncome": 700000,
        "interestExpense": 8700000,
        "depreciationAndAmortization": 19300000,
        "ebitda": 106700000,
        "ebitdaratio": 0.1282297801,
        "operatingIncome": 89500000,
        "operatingIncomeRatio": 0.1075591876,
        "totalOtherIncomeExpensesNet": -10800000,
        "incomeBeforeTax": 78700000,
        "incomeBeforeTaxRatio": 0.0945799784,
        "incomeTaxExpense": -18200000,
        "netIncome": 96900000,
        "netIncomeRatio": 0.1164523495,
        "eps": 2.34,
        "epsdiluted": 2.33,
        "weightedAverageShsOut": 41400000,
        "weightedAverageShsOutDil": 41500000,
        "link": "https://www.sec.gov/Archives/edgar/data/1144215/000114421518000040/0001144215-18-000040-index.htm",
        "finalLink": "https://www.sec.gov/Archives/edgar/data/1144215/000114421518000040/ayi-20180228x10q.htm"
    },
    {
        "date": "2017-11-30",
        "symbol": "AYI",
        "reportedCurrency": "USD",
        "cik": "0001144215",
        "fillingDate": "2018-01-09",
        "acceptedDate": "2018-01-09 08:48:02",
        "calendarYear": "2018",
        "period": "Q1",
        "revenue": 842800000,
        "costOfRevenue": 492900000,
        "grossProfit": 349900000,
        "grossProfitRatio": 0.4151637399,
        "researchAndDevelopmentExpenses": 0,
        "generalAndAdministrativeExpenses": 0,
        "sellingAndMarketingExpenses": 231400000,
        "sellingGeneralAndAdministrativeExpenses": 229500000,
        "otherExpenses": 200000,
        "operatingExpenses": 229700000,
        "costAndExpenses": 722600000,
        "interestIncome": 600000,
        "interestExpense": 8700000,
        "depreciationAndAmortization": 19000000,
        "ebitda": 138600000,
        "ebitdaratio": 0.1644518272,
        "operatingIncome": 120200000,
        "operatingIncomeRatio": 0.1426198386,
        "totalOtherIncomeExpensesNet": -9300000,
        "incomeBeforeTax": 110900000,
        "incomeBeforeTaxRatio": 0.1315851922,
        "incomeTaxExpense": 39400000,
        "netIncome": 71500000,
        "netIncomeRatio": 0.0848362601,
        "eps": 1.71,
        "epsdiluted": 1.7,
        "weightedAverageShsOut": 41900000,
        "weightedAverageShsOutDil": 42100000,
        "link": "https://www.sec.gov/Archives/edgar/data/1144215/000114421518000006/0001144215-18-000006-index.htm",
        "finalLink": "https://www.sec.gov/Archives/edgar/data/1144215/000114421518000006/ayi-20171130x10q.htm"
    },
    {
        "date": "2017-08-31",
        "symbol": "AYI",
        "reportedCurrency": "USD",
        "cik": "0001144215",
        "fillingDate": "2017-10-26",
        "acceptedDate": "2017-10-26 09:04:22",
        "calendarYear": "2017",
        "period": "Q4",
        "revenue": 957600000,
        "costOfRevenue": 550700000,
        "grossProfit": 406900000,
        "grossProfitRatio": 0.4249164578,
        "researchAndDevelopmentExpenses": 0,
        "generalAndAdministrativeExpenses": 29600000,
        "sellingAndMarketingExpenses": 156900000,
        "sellingGeneralAndAdministrativeExpenses": 244600000,
        "otherExpenses": 9600000,
        "operatingExpenses": 254200000,
        "costAndExpenses": 804900000,
        "interestIncome": 300000,
        "interestExpense": 8500000,
        "depreciationAndAmortization": 18100000,
        "ebitda": 180400000,
        "ebitdaratio": 0.1883876358,
        "operatingIncome": 152700000,
        "operatingIncomeRatio": 0.1594611529,
        "totalOtherIncomeExpensesNet": -10400000,
        "incomeBeforeTax": 142300000,
        "incomeBeforeTaxRatio": 0.1486006683,
        "incomeTaxExpense": 51800000,
        "netIncome": 90500000,
        "netIncomeRatio": 0.0945071011,
        "eps": 2.16,
        "epsdiluted": 2.15,
        "weightedAverageShsOut": 41900000,
        "weightedAverageShsOutDil": 42000000,
        "link": "https://www.sec.gov/Archives/edgar/data/1144215/000114421517000106/0001144215-17-000106-index.htm",
        "finalLink": "https://www.sec.gov/Archives/edgar/data/1144215/000114421517000106/ayi-20170831x10k.htm"
    },
    {
        "date": "2017-05-31",
        "symbol": "AYI",
        "reportedCurrency": "USD",
        "cik": "0001144215",
        "fillingDate": "2017-06-29",
        "acceptedDate": "2017-06-29 08:36:18",
        "calendarYear": "2017",
        "period": "Q3",
        "revenue": 891600000,
        "costOfRevenue": 512700000,
        "grossProfit": 378900000,
        "grossProfitRatio": 0.4249663526,
        "researchAndDevelopmentExpenses": 0,
        "generalAndAdministrativeExpenses": 0,
        "sellingAndMarketingExpenses": 246900000,
        "sellingGeneralAndAdministrativeExpenses": 246900000,
        "otherExpenses": 500000,
        "operatingExpenses": 247400000,
        "costAndExpenses": 760100000,
        "interestIncome": 400000,
        "interestExpense": 8500000,
        "depreciationAndAmortization": 20000000,
        "ebitda": 152000000,
        "ebitdaratio": 0.1704800359,
        "operatingIncome": 131500000,
        "operatingIncomeRatio": 0.1474876626,
        "totalOtherIncomeExpensesNet": -6900000,
        "incomeBeforeTax": 124600000,
        "incomeBeforeTaxRatio": 0.1397487663,
        "incomeTaxExpense": 42400000,
        "netIncome": 82200000,
        "netIncomeRatio": 0.0921938089,
        "eps": 1.91,
        "epsdiluted": 1.9,
        "weightedAverageShsOut": 43100000,
        "weightedAverageShsOutDil": 43300000,
        "link": "https://www.sec.gov/Archives/edgar/data/1144215/000114421517000068/0001144215-17-000068-index.htm",
        "finalLink": "https://www.sec.gov/Archives/edgar/data/1144215/000114421517000068/ayi-20170531x10q.htm"
    },
    {
        "date": "2017-02-28",
        "symbol": "AYI",
        "reportedCurrency": "USD",
        "cik": "0001144215",
        "fillingDate": "2017-04-04",
        "acceptedDate": "2017-04-04 08:32:35",
        "calendarYear": "2017",
        "period": "Q2",
        "revenue": 804700000,
        "costOfRevenue": 468900000,
        "grossProfit": 335800000,
        "grossProfitRatio": 0.4172983721,
        "researchAndDevelopmentExpenses": 0,
        "generalAndAdministrativeExpenses": 0,
        "sellingAndMarketingExpenses": 227800000,
        "sellingGeneralAndAdministrativeExpenses": 227800000,
        "otherExpenses": 0,
        "operatingExpenses": 227800000,
        "costAndExpenses": 696700000,
        "interestIncome": 500000,
        "interestExpense": 8500000,
        "depreciationAndAmortization": 19300000,
        "ebitda": 127200000,
        "ebitdaratio": 0.1580713309,
        "operatingIncome": 108000000,
        "operatingIncomeRatio": 0.1342115074,
        "totalOtherIncomeExpensesNet": -8600000,
        "incomeBeforeTax": 99400000,
        "incomeBeforeTaxRatio": 0.1235242948,
        "incomeTaxExpense": 32100000,
        "netIncome": 67300000,
        "netIncomeRatio": 0.0836336523,
        "eps": 1.54,
        "epsdiluted": 1.53,
        "weightedAverageShsOut": 43800000,
        "weightedAverageShsOutDil": 44000000,
        "link": "https://www.sec.gov/Archives/edgar/data/1144215/000114421517000039/0001144215-17-000039-index.htm",
        "finalLink": "https://www.sec.gov/Archives/edgar/data/1144215/000114421517000039/ayi-20170228x10q.htm"
    },
    {
        "date": "2016-11-30",
        "symbol": "AYI",
        "reportedCurrency": "USD",
        "cik": "0001144215",
        "fillingDate": "2017-01-09",
        "acceptedDate": "2017-01-09 08:35:01",
        "calendarYear": "2017",
        "period": "Q1",
        "revenue": 851200000,
        "costOfRevenue": 491600000,
        "grossProfit": 359600000,
        "grossProfitRatio": 0.422462406,
        "researchAndDevelopmentExpenses": 0,
        "generalAndAdministrativeExpenses": 0,
        "sellingAndMarketingExpenses": 231800000,
        "sellingGeneralAndAdministrativeExpenses": 231800000,
        "otherExpenses": 1200000,
        "operatingExpenses": 233000000,
        "costAndExpenses": 724600000,
        "interestIncome": 400000,
        "interestExpense": 8600000,
        "depreciationAndAmortization": 17200000,
        "ebitda": 144400000,
        "ebitdaratio": 0.1696428571,
        "operatingIncome": 126600000,
        "operatingIncomeRatio": 0.148731203,
        "totalOtherIncomeExpensesNet": -300000,
        "incomeBeforeTax": 126300000,
        "incomeBeforeTaxRatio": 0.1483787594,
        "incomeTaxExpense": 44600000,
        "netIncome": 81700000,
        "netIncomeRatio": 0.0959821429,
        "eps": 1.87,
        "epsdiluted": 1.86,
        "weightedAverageShsOut": 43800000,
        "weightedAverageShsOutDil": 44000000,
        "link": "https://www.sec.gov/Archives/edgar/data/1144215/000114421517000005/0001144215-17-000005-index.htm",
        "finalLink": "https://www.sec.gov/Archives/edgar/data/1144215/000114421517000005/ayi-20161130x10q.htm"
    },
    {
        "date": "2016-08-31",
        "symbol": "AYI",
        "reportedCurrency": "USD",
        "cik": "0001144215",
        "fillingDate": "2016-10-27",
        "acceptedDate": "2016-10-27 17:16:54",
        "calendarYear": "2016",
        "period": "Q4",
        "revenue": 925500000,
        "costOfRevenue": 523400000,
        "grossProfit": 402000000,
        "grossProfitRatio": 0.4343598055,
        "researchAndDevelopmentExpenses": 0,
        "generalAndAdministrativeExpenses": 67200000,
        "sellingAndMarketingExpenses": 142400000,
        "sellingGeneralAndAdministrativeExpenses": 262100000,
        "otherExpenses": 4800000,
        "operatingExpenses": 266900000,
        "costAndExpenses": 790300000,
        "interestIncome": 400000,
        "interestExpense": 8400000,
        "depreciationAndAmortization": 13600000,
        "ebitda": 159000000,
        "ebitdaratio": 0.1717990276,
        "operatingIncome": 135100000,
        "operatingIncomeRatio": 0.1459751486,
        "totalOtherIncomeExpensesNet": -7900000,
        "incomeBeforeTax": 127200000,
        "incomeBeforeTaxRatio": 0.137439222,
        "incomeTaxExpense": 44300000,
        "netIncome": 82900000,
        "netIncomeRatio": 0.0895732037,
        "eps": 1.9,
        "epsdiluted": 1.89,
        "weightedAverageShsOut": 43700000,
        "weightedAverageShsOutDil": 43900000,
        "link": "https://www.sec.gov/Archives/edgar/data/1144215/000114421516000287/0001144215-16-000287-index.htm",
        "finalLink": "https://www.sec.gov/Archives/edgar/data/1144215/000114421516000287/ayi-2016831x10k.htm"
    },
    {
        "date": "2016-05-31",
        "symbol": "AYI",
        "reportedCurrency": "USD",
        "cik": "0001144215",
        "fillingDate": "2016-06-29",
        "acceptedDate": "2016-06-29 08:28:19",
        "calendarYear": "2016",
        "period": "Q3",
        "revenue": 851500000,
        "costOfRevenue": 473600000,
        "grossProfit": 377900000,
        "grossProfitRatio": 0.4438050499,
        "researchAndDevelopmentExpenses": 0,
        "generalAndAdministrativeExpenses": 0,
        "sellingAndMarketingExpenses": 247200000,
        "sellingGeneralAndAdministrativeExpenses": 247200000,
        "otherExpenses": 9700000,
        "operatingExpenses": 256900000,
        "costAndExpenses": 730500000,
        "interestIncome": 200000,
        "interestExpense": 8300000,
        "depreciationAndAmortization": 18300000,
        "ebitda": 139200000,
        "ebitdaratio": 0.1634762184,
        "operatingIncome": 121000000,
        "operatingIncomeRatio": 0.1421021726,
        "totalOtherIncomeExpensesNet": -8400000,
        "incomeBeforeTax": 112600000,
        "incomeBeforeTaxRatio": 0.1322372284,
        "incomeTaxExpense": 38600000,
        "netIncome": 74000000,
        "netIncomeRatio": 0.086905461,
        "eps": 1.7,
        "epsdiluted": 1.69,
        "weightedAverageShsOut": 43500000,
        "weightedAverageShsOutDil": 43800000,
        "link": "https://www.sec.gov/Archives/edgar/data/1144215/000114421516000242/0001144215-16-000242-index.htm",
        "finalLink": "https://www.sec.gov/Archives/edgar/data/1144215/000114421516000242/ayi-20160531x10q.htm"
    },
    {
        "date": "2016-02-29",
        "symbol": "AYI",
        "reportedCurrency": "USD",
        "cik": "0001144215",
        "fillingDate": "2016-04-06",
        "acceptedDate": "2016-04-06 07:56:32",
        "calendarYear": "2016",
        "period": "Q2",
        "revenue": 777800000,
        "costOfRevenue": 440900000,
        "grossProfit": 336900000,
        "grossProfitRatio": 0.4331447673,
        "researchAndDevelopmentExpenses": 0,
        "generalAndAdministrativeExpenses": 0,
        "sellingAndMarketingExpenses": 230100000,
        "sellingGeneralAndAdministrativeExpenses": 230100000,
        "otherExpenses": 100000,
        "operatingExpenses": 230200000,
        "costAndExpenses": 671100000,
        "interestIncome": 100000,
        "interestExpense": 8300000,
        "depreciationAndAmortization": 16400000,
        "ebitda": 124300000,
        "ebitdaratio": 0.1598097197,
        "operatingIncome": 106700000,
        "operatingIncomeRatio": 0.1371817948,
        "totalOtherIncomeExpensesNet": -7100000,
        "incomeBeforeTax": 99600000,
        "incomeBeforeTaxRatio": 0.1280534842,
        "incomeTaxExpense": 34100000,
        "netIncome": 65500000,
        "netIncomeRatio": 0.0842118797,
        "eps": 1.5,
        "epsdiluted": 1.49,
        "weightedAverageShsOut": 43500000,
        "weightedAverageShsOutDil": 43800000,
        "link": "https://www.sec.gov/Archives/edgar/data/1144215/000114421516000200/0001144215-16-000200-index.htm",
        "finalLink": "https://www.sec.gov/Archives/edgar/data/1144215/000114421516000200/ayi-20160229x10q.htm"
    },
    {
        "date": "2015-11-30",
        "symbol": "AYI",
        "reportedCurrency": "USD",
        "cik": "0001144215",
        "fillingDate": "2016-01-08",
        "acceptedDate": "2016-01-08 08:46:49",
        "calendarYear": "2016",
        "period": "Q1",
        "revenue": 736600000,
        "costOfRevenue": 417200000,
        "grossProfit": 319400000,
        "grossProfitRatio": 0.4336139017,
        "researchAndDevelopmentExpenses": 0,
        "generalAndAdministrativeExpenses": 0,
        "sellingAndMarketingExpenses": 206600000,
        "sellingGeneralAndAdministrativeExpenses": 206600000,
        "otherExpenses": 400000,
        "operatingExpenses": 207000000,
        "costAndExpenses": 624200000,
        "interestIncome": 400000,
        "interestExpense": 7900000,
        "depreciationAndAmortization": 14300000,
        "ebitda": 127800000,
        "ebitdaratio": 0.1734998642,
        "operatingIncome": 112400000,
        "operatingIncomeRatio": 0.1525929948,
        "totalOtherIncomeExpensesNet": -7200000,
        "incomeBeforeTax": 105200000,
        "incomeBeforeTaxRatio": 0.1428183546,
        "incomeTaxExpense": 36800000,
        "netIncome": 68400000,
        "netIncomeRatio": 0.0928590823,
        "eps": 1.58,
        "epsdiluted": 1.57,
        "weightedAverageShsOut": 43300000,
        "weightedAverageShsOutDil": 43600000,
        "link": "https://www.sec.gov/Archives/edgar/data/1144215/000114421516000168/0001144215-16-000168-index.htm",
        "finalLink": "https://www.sec.gov/Archives/edgar/data/1144215/000114421516000168/ayi-20151130x10q.htm"
    },
    {
        "date": "2015-08-31",
        "symbol": "AYI",
        "reportedCurrency": "USD",
        "cik": "0001144215",
        "fillingDate": "2015-10-27",
        "acceptedDate": "2015-10-27 16:55:13",
        "calendarYear": "2015",
        "period": "Q4",
        "revenue": 759500000,
        "costOfRevenue": 438200000,
        "grossProfit": 321300000,
        "grossProfitRatio": 0.4230414747,
        "researchAndDevelopmentExpenses": 0,
        "generalAndAdministrativeExpenses": 40400000,
        "sellingAndMarketingExpenses": 124200000,
        "sellingGeneralAndAdministrativeExpenses": 206900000,
        "otherExpenses": 2600000,
        "operatingExpenses": 209500000,
        "costAndExpenses": 647700000,
        "interestIncome": 400000,
        "interestExpense": 7700000,
        "depreciationAndAmortization": 11600000,
        "ebitda": 112100000,
        "ebitdaratio": 0.1475971034,
        "operatingIncome": 111800000,
        "operatingIncomeRatio": 0.1472021066,
        "totalOtherIncomeExpensesNet": -19400000,
        "incomeBeforeTax": 92400000,
        "incomeBeforeTaxRatio": 0.1216589862,
        "incomeTaxExpense": 32300000,
        "netIncome": 60100000,
        "netIncomeRatio": 0.0791310072,
        "eps": 1.39,
        "epsdiluted": 1.38,
        "weightedAverageShsOut": 43200000,
        "weightedAverageShsOutDil": 43500000,
        "link": "https://www.sec.gov/Archives/edgar/data/1144215/000114421515000120/0001144215-15-000120-index.htm",
        "finalLink": "https://www.sec.gov/Archives/edgar/data/1144215/000114421515000120/ayi-2015831x10k.htm"
    },
    {
        "date": "2015-05-31",
        "symbol": "AYI",
        "reportedCurrency": "USD",
        "cik": "0001144215",
        "fillingDate": "2015-07-01",
        "acceptedDate": "2015-07-01 08:31:13",
        "calendarYear": "2015",
        "period": "Q3",
        "revenue": 683700000,
        "costOfRevenue": 388100000,
        "grossProfit": 295600000,
        "grossProfitRatio": 0.4323533714,
        "researchAndDevelopmentExpenses": 0,
        "generalAndAdministrativeExpenses": 0,
        "sellingAndMarketingExpenses": 196000000,
        "sellingGeneralAndAdministrativeExpenses": 196000000,
        "otherExpenses": 400000,
        "operatingExpenses": 196400000,
        "costAndExpenses": 584500000,
        "interestIncome": 300000,
        "interestExpense": 7900000,
        "depreciationAndAmortization": 11700000,
        "ebitda": 120700000,
        "ebitdaratio": 0.1765394179,
        "operatingIncome": 99200000,
        "operatingIncomeRatio": 0.145092877,
        "totalOtherIncomeExpensesNet": 1600000,
        "incomeBeforeTax": 100800000,
        "incomeBeforeTaxRatio": 0.1474330847,
        "incomeTaxExpense": 36300000,
        "netIncome": 64500000,
        "netIncomeRatio": 0.0943396226,
        "eps": 1.49,
        "epsdiluted": 1.48,
        "weightedAverageShsOut": 43200000,
        "weightedAverageShsOutDil": 43500000,
        "link": "https://www.sec.gov/Archives/edgar/data/1144215/000114421515000077/0001144215-15-000077-index.htm",
        "finalLink": "https://www.sec.gov/Archives/edgar/data/1144215/000114421515000077/ayi-20150531x10q.htm"
    },
    {
        "date": "2015-02-28",
        "symbol": "AYI",
        "reportedCurrency": "USD",
        "cik": "0001144215",
        "fillingDate": "2015-04-01",
        "acceptedDate": "2015-04-01 08:41:15",
        "calendarYear": "2015",
        "period": "Q2",
        "revenue": 616100000,
        "costOfRevenue": 360400000,
        "grossProfit": 255700000,
        "grossProfitRatio": 0.4150300276,
        "researchAndDevelopmentExpenses": 0,
        "generalAndAdministrativeExpenses": 0,
        "sellingAndMarketingExpenses": 177700000,
        "sellingGeneralAndAdministrativeExpenses": 177700000,
        "otherExpenses": -600000,
        "operatingExpenses": 177100000,
        "costAndExpenses": 537500000,
        "interestIncome": 200000,
        "interestExpense": 8000000,
        "depreciationAndAmortization": 11200000,
        "ebitda": 90100000,
        "ebitdaratio": 0.1462424931,
        "operatingIncome": 78600000,
        "operatingIncomeRatio": 0.1275766921,
        "totalOtherIncomeExpensesNet": -7900000,
        "incomeBeforeTax": 70700000,
        "incomeBeforeTaxRatio": 0.1147540984,
        "incomeTaxExpense": 24300000,
        "netIncome": 46400000,
        "netIncomeRatio": 0.0753124493,
        "eps": 1.07,
        "epsdiluted": 1.07,
        "weightedAverageShsOut": 43100000,
        "weightedAverageShsOutDil": 43400000,
        "link": "https://www.sec.gov/Archives/edgar/data/1144215/000114421515000040/0001144215-15-000040-index.htm",
        "finalLink": "https://www.sec.gov/Archives/edgar/data/1144215/000114421515000040/ayi-20150228x10q.htm"
    },
    {
        "date": "2014-11-30",
        "symbol": "AYI",
        "reportedCurrency": "USD",
        "cik": "0001144215",
        "fillingDate": "2015-01-09",
        "acceptedDate": "2015-01-09 08:26:40",
        "calendarYear": "2015",
        "period": "Q1",
        "revenue": 647400000,
        "costOfRevenue": 374400000,
        "grossProfit": 273000000,
        "grossProfitRatio": 0.421686747,
        "researchAndDevelopmentExpenses": 0,
        "generalAndAdministrativeExpenses": 0,
        "sellingAndMarketingExpenses": 176300000,
        "sellingGeneralAndAdministrativeExpenses": 176300000,
        "otherExpenses": 10000000,
        "operatingExpenses": 186300000,
        "costAndExpenses": 560700000,
        "interestIncome": 200000,
        "interestExpense": 8100000,
        "depreciationAndAmortization": 11300000,
        "ebitda": 99100000,
        "ebitdaratio": 0.1530738338,
        "operatingIncome": 86700000,
        "operatingIncomeRatio": 0.1339202966,
        "totalOtherIncomeExpensesNet": -7000000,
        "incomeBeforeTax": 79700000,
        "incomeBeforeTaxRatio": 0.1231078159,
        "incomeTaxExpense": 28600000,
        "netIncome": 51100000,
        "netIncomeRatio": 0.0789311091,
        "eps": 1.18,
        "epsdiluted": 1.17,
        "weightedAverageShsOut": 43000000,
        "weightedAverageShsOutDil": 43300000,
        "link": "https://www.sec.gov/Archives/edgar/data/1144215/000114421515000004/0001144215-15-000004-index.htm",
        "finalLink": "https://www.sec.gov/Archives/edgar/data/1144215/000114421515000004/ayi-20141130x10q.htm"
    },
    {
        "date": "2014-08-31",
        "symbol": "AYI",
        "reportedCurrency": "USD",
        "cik": "0001144215",
        "fillingDate": "2014-10-29",
        "acceptedDate": "2014-10-29 16:28:03",
        "calendarYear": "2014",
        "period": "Q4",
        "revenue": 668700000,
        "costOfRevenue": 385200000,
        "grossProfit": 283500000,
        "grossProfitRatio": 0.4239569314,
        "researchAndDevelopmentExpenses": 0,
        "generalAndAdministrativeExpenses": 37200000,
        "sellingAndMarketingExpenses": 120300000,
        "sellingGeneralAndAdministrativeExpenses": 192800000,
        "otherExpenses": 0,
        "operatingExpenses": 192800000,
        "costAndExpenses": 578000000,
        "interestIncome": 200000,
        "interestExpense": 8000000,
        "depreciationAndAmortization": 11200000,
        "ebitda": 101400000,
        "ebitdaratio": 0.1516375056,
        "operatingIncome": 90700000,
        "operatingIncomeRatio": 0.1356363093,
        "totalOtherIncomeExpensesNet": -8700000,
        "incomeBeforeTax": 82000000,
        "incomeBeforeTaxRatio": 0.1226259907,
        "incomeTaxExpense": 27200000,
        "netIncome": 54800000,
        "netIncomeRatio": 0.0819500523,
        "eps": 1.27,
        "epsdiluted": 1.26,
        "weightedAverageShsOut": 42900000,
        "weightedAverageShsOutDil": 43200000,
        "link": "https://www.sec.gov/Archives/edgar/data/1144215/000114421514000108/0001144215-14-000108-index.htm",
        "finalLink": "https://www.sec.gov/Archives/edgar/data/1144215/000114421514000108/ayi-2014831x10k.htm"
    },
    {
        "date": "2014-05-31",
        "symbol": "AYI",
        "reportedCurrency": "USD",
        "cik": "0001144215",
        "fillingDate": "2014-07-01",
        "acceptedDate": "2014-07-01 08:53:28",
        "calendarYear": "2014",
        "period": "Q3",
        "revenue": 603900000,
        "costOfRevenue": 360500000,
        "grossProfit": 243400000,
        "grossProfitRatio": 0.4030468621,
        "researchAndDevelopmentExpenses": 0,
        "generalAndAdministrativeExpenses": 0,
        "sellingAndMarketingExpenses": 170800000,
        "sellingGeneralAndAdministrativeExpenses": 170800000,
        "otherExpenses": 0,
        "operatingExpenses": 170800000,
        "costAndExpenses": 531300000,
        "interestIncome": 100000,
        "interestExpense": 8200000,
        "depreciationAndAmortization": 10800000,
        "ebitda": 83600000,
        "ebitdaratio": 0.1384335155,
        "operatingIncome": 72600000,
        "operatingIncomeRatio": 0.1202185792,
        "totalOtherIncomeExpensesNet": -8000000,
        "incomeBeforeTax": 64600000,
        "incomeBeforeTaxRatio": 0.1069713529,
        "incomeTaxExpense": 20800000,
        "netIncome": 43800000,
        "netIncomeRatio": 0.0725285643,
        "eps": 1.01,
        "epsdiluted": 1.01,
        "weightedAverageShsOut": 42800000,
        "weightedAverageShsOutDil": 43100000,
        "link": "https://www.sec.gov/Archives/edgar/data/1144215/000114421514000059/0001144215-14-000059-index.htm",
        "finalLink": "https://www.sec.gov/Archives/edgar/data/1144215/000114421514000059/ayi-20140531x10q.htm"
    },
    {
        "date": "2014-02-28",
        "symbol": "AYI",
        "reportedCurrency": "USD",
        "cik": "0001144215",
        "fillingDate": "2014-04-02",
        "acceptedDate": "2014-04-02 09:10:14",
        "calendarYear": "2014",
        "period": "Q2",
        "revenue": 546200000,
        "costOfRevenue": 331000000,
        "grossProfit": 215200000,
        "grossProfitRatio": 0.3939948737,
        "researchAndDevelopmentExpenses": 0,
        "generalAndAdministrativeExpenses": 0,
        "sellingAndMarketingExpenses": 157000000,
        "sellingGeneralAndAdministrativeExpenses": 157000000,
        "otherExpenses": -200000,
        "operatingExpenses": 156800000,
        "costAndExpenses": 487800000,
        "interestIncome": 100000,
        "interestExpense": 8100000,
        "depreciationAndAmortization": 10800000,
        "ebitda": 69200000,
        "ebitdaratio": 0.1266935189,
        "operatingIncome": 58400000,
        "operatingIncomeRatio": 0.1069205419,
        "totalOtherIncomeExpensesNet": -8100000,
        "incomeBeforeTax": 50300000,
        "incomeBeforeTaxRatio": 0.0920908092,
        "incomeTaxExpense": 17600000,
        "netIncome": 32700000,
        "netIncomeRatio": 0.0598681802,
        "eps": 0.76,
        "epsdiluted": 0.75,
        "weightedAverageShsOut": 42800000,
        "weightedAverageShsOutDil": 43100000,
        "link": "https://www.sec.gov/Archives/edgar/data/1144215/000114421514000037/0001144215-14-000037-index.htm",
        "finalLink": "https://www.sec.gov/Archives/edgar/data/1144215/000114421514000037/ayi-20140228x10q.htm"
    },
    {
        "date": "2013-11-30",
        "symbol": "AYI",
        "reportedCurrency": "USD",
        "cik": "0001144215",
        "fillingDate": "2014-01-09",
        "acceptedDate": "2014-01-09 08:44:23",
        "calendarYear": "2014",
        "period": "Q1",
        "revenue": 574700000,
        "costOfRevenue": 337600000,
        "grossProfit": 237100000,
        "grossProfitRatio": 0.4125630764,
        "researchAndDevelopmentExpenses": 0,
        "generalAndAdministrativeExpenses": 0,
        "sellingAndMarketingExpenses": 159700000,
        "sellingGeneralAndAdministrativeExpenses": 159700000,
        "otherExpenses": 0,
        "operatingExpenses": 159700000,
        "costAndExpenses": 497300000,
        "interestIncome": 100000,
        "interestExpense": 8100000,
        "depreciationAndAmortization": 10600000,
        "ebitda": 87500000,
        "ebitdaratio": 0.1522533496,
        "operatingIncome": 77400000,
        "operatingIncomeRatio": 0.1346789629,
        "totalOtherIncomeExpensesNet": -8600000,
        "incomeBeforeTax": 68800000,
        "incomeBeforeTaxRatio": 0.1197146337,
        "incomeTaxExpense": 24300000,
        "netIncome": 44500000,
        "netIncomeRatio": 0.0774317035,
        "eps": 1.03,
        "epsdiluted": 1.03,
        "weightedAverageShsOut": 42600000,
        "weightedAverageShsOutDil": 42900000,
        "link": "https://www.sec.gov/Archives/edgar/data/1144215/000114421514000002/0001144215-14-000002-index.htm",
        "finalLink": "https://www.sec.gov/Archives/edgar/data/1144215/000114421514000002/ayi-20131130x10q.htm"
    },
    {
        "date": "2013-08-31",
        "symbol": "AYI",
        "reportedCurrency": "USD",
        "cik": "0001144215",
        "fillingDate": "2013-10-29",
        "acceptedDate": "2013-10-29 16:07:48",
        "calendarYear": "2013",
        "period": "Q4",
        "revenue": 579800000,
        "costOfRevenue": 342500000,
        "grossProfit": 237300000,
        "grossProfitRatio": 0.4092790617,
        "researchAndDevelopmentExpenses": 0,
        "generalAndAdministrativeExpenses": 0,
        "sellingAndMarketingExpenses": 104200000,
        "sellingGeneralAndAdministrativeExpenses": 158800000,
        "otherExpenses": 300000,
        "operatingExpenses": 159100000,
        "costAndExpenses": 501600000,
        "interestIncome": 100000,
        "interestExpense": 7800000,
        "depreciationAndAmortization": 10600000,
        "ebitda": 88900000,
        "ebitdaratio": 0.153328734,
        "operatingIncome": 78200000,
        "operatingIncomeRatio": 0.1348740945,
        "totalOtherIncomeExpensesNet": -7900000,
        "incomeBeforeTax": 70300000,
        "incomeBeforeTaxRatio": 0.1212487065,
        "incomeTaxExpense": 25400000,
        "netIncome": 44900000,
        "netIncomeRatio": 0.0774404967,
        "eps": 1.04,
        "epsdiluted": 1.03,
        "weightedAverageShsOut": 42400000,
        "weightedAverageShsOutDil": 42700000,
        "link": "https://www.sec.gov/Archives/edgar/data/1144215/000114421513000113/0001144215-13-000113-index.htm",
        "finalLink": "https://www.sec.gov/Archives/edgar/data/1144215/000114421513000113/ayi-2013831x10k.htm"
    },
    {
        "date": "2013-05-31",
        "symbol": "AYI",
        "reportedCurrency": "USD",
        "cik": "0001144215",
        "fillingDate": "2013-07-02",
        "acceptedDate": "2013-07-02 08:32:50",
        "calendarYear": "2013",
        "period": "Q3",
        "revenue": 541500000,
        "costOfRevenue": 320400000,
        "grossProfit": 221100000,
        "grossProfitRatio": 0.4083102493,
        "researchAndDevelopmentExpenses": 0,
        "generalAndAdministrativeExpenses": 0,
        "sellingAndMarketingExpenses": 163900000,
        "sellingGeneralAndAdministrativeExpenses": 163900000,
        "otherExpenses": 7200000,
        "operatingExpenses": 171100000,
        "costAndExpenses": 491500000,
        "interestIncome": 200000,
        "interestExpense": 8000000,
        "depreciationAndAmortization": 10300000,
        "ebitda": 63500000,
        "ebitdaratio": 0.1172668513,
        "operatingIncome": 50000000,
        "operatingIncomeRatio": 0.0923361034,
        "totalOtherIncomeExpensesNet": -4800000,
        "incomeBeforeTax": 45200000,
        "incomeBeforeTaxRatio": 0.0834718375,
        "incomeTaxExpense": 13500000,
        "netIncome": 31700000,
        "netIncomeRatio": 0.0585410896,
        "eps": 0.74,
        "epsdiluted": 0.73,
        "weightedAverageShsOut": 42200000,
        "weightedAverageShsOutDil": 42600000,
        "link": "https://www.sec.gov/Archives/edgar/data/1144215/000114421513000068/0001144215-13-000068-index.htm",
        "finalLink": "https://www.sec.gov/Archives/edgar/data/1144215/000114421513000068/ayi-2013531x10q.htm"
    },
    {
        "date": "2013-02-28",
        "symbol": "AYI",
        "reportedCurrency": "USD",
        "cik": "0001144215",
        "fillingDate": "2013-04-03",
        "acceptedDate": "2013-04-03 08:21:21",
        "calendarYear": "2013",
        "period": "Q2",
        "revenue": 486700000,
        "costOfRevenue": 297000000,
        "grossProfit": 189700000,
        "grossProfitRatio": 0.3897678241,
        "researchAndDevelopmentExpenses": 0,
        "generalAndAdministrativeExpenses": 0,
        "sellingAndMarketingExpenses": 144300000,
        "sellingGeneralAndAdministrativeExpenses": 144300000,
        "otherExpenses": 300000,
        "operatingExpenses": 144600000,
        "costAndExpenses": 441600000,
        "interestIncome": 200000,
        "interestExpense": 8000000,
        "depreciationAndAmortization": 9900000,
        "ebitda": 55100000,
        "ebitdaratio": 0.1132114239,
        "operatingIncome": 45100000,
        "operatingIncomeRatio": 0.092664886,
        "totalOtherIncomeExpensesNet": -7900000,
        "incomeBeforeTax": 37200000,
        "incomeBeforeTaxRatio": 0.076433121,
        "incomeTaxExpense": 12500000,
        "netIncome": 24700000,
        "netIncomeRatio": 0.0507499486,
        "eps": 0.58,
        "epsdiluted": 0.57,
        "weightedAverageShsOut": 42100000,
        "weightedAverageShsOutDil": 42500000,
        "link": "https://www.sec.gov/Archives/edgar/data/1144215/000114421513000031/0001144215-13-000031-index.htm",
        "finalLink": "https://www.sec.gov/Archives/edgar/data/1144215/000114421513000031/ayi-2013228x10q.htm"
    },
    {
        "date": "2012-11-30",
        "symbol": "AYI",
        "reportedCurrency": "USD",
        "cik": "0001144215",
        "fillingDate": "2013-01-08",
        "acceptedDate": "2013-01-08 08:29:13",
        "calendarYear": "2013",
        "period": "Q1",
        "revenue": 481100000,
        "costOfRevenue": 291600000,
        "grossProfit": 189500000,
        "grossProfitRatio": 0.3938890044,
        "researchAndDevelopmentExpenses": 0,
        "generalAndAdministrativeExpenses": 0,
        "sellingAndMarketingExpenses": 140600000,
        "sellingGeneralAndAdministrativeExpenses": 140600000,
        "otherExpenses": 700000,
        "operatingExpenses": 141300000,
        "costAndExpenses": 432900000,
        "interestIncome": 200000,
        "interestExpense": 7900000,
        "depreciationAndAmortization": 10000000,
        "ebitda": 58300000,
        "ebitdaratio": 0.1211806277,
        "operatingIncome": 48200000,
        "operatingIncomeRatio": 0.1001870713,
        "totalOtherIncomeExpensesNet": -7800000,
        "incomeBeforeTax": 40400000,
        "incomeBeforeTaxRatio": 0.0839742257,
        "incomeTaxExpense": 14300000,
        "netIncome": 26100000,
        "netIncomeRatio": 0.0542506755,
        "eps": 0.61,
        "epsdiluted": 0.61,
        "weightedAverageShsOut": 41800000,
        "weightedAverageShsOutDil": 42300000,
        "link": "https://www.sec.gov/Archives/edgar/data/1144215/000114421513000006/0001144215-13-000006-index.htm",
        "finalLink": "https://www.sec.gov/Archives/edgar/data/1144215/000114421513000006/ayi-20121130x10q.htm"
    },
    {
        "date": "2012-08-31",
        "symbol": "AYI",
        "reportedCurrency": "USD",
        "cik": "0001144215",
        "fillingDate": "2012-10-26",
        "acceptedDate": "2012-10-26 15:49:03",
        "calendarYear": "2012",
        "period": "Q4",
        "revenue": 514300000,
        "costOfRevenue": 303800000,
        "grossProfit": 210400000,
        "grossProfitRatio": 0.4090997472,
        "researchAndDevelopmentExpenses": 0,
        "generalAndAdministrativeExpenses": 0,
        "sellingAndMarketingExpenses": 566700000,
        "sellingGeneralAndAdministrativeExpenses": 147200000,
        "otherExpenses": 2100000,
        "operatingExpenses": 149300000,
        "costAndExpenses": 453100000,
        "interestIncome": 200000,
        "interestExpense": 7600000,
        "depreciationAndAmortization": 10100000,
        "ebitda": 68600000,
        "ebitdaratio": 0.1333851837,
        "operatingIncome": 61200000,
        "operatingIncomeRatio": 0.1189966945,
        "totalOtherIncomeExpensesNet": -10400000,
        "incomeBeforeTax": 50800000,
        "incomeBeforeTaxRatio": 0.098775034,
        "incomeTaxExpense": 17500000,
        "netIncome": 33300000,
        "netIncomeRatio": 0.0647482014,
        "eps": 0.78,
        "epsdiluted": 0.78,
        "weightedAverageShsOut": 41600000,
        "weightedAverageShsOutDil": 42100000,
        "link": "https://www.sec.gov/Archives/edgar/data/1144215/000114421512000139/0001144215-12-000139-index.htm",
        "finalLink": "https://www.sec.gov/Archives/edgar/data/1144215/000114421512000139/ayi-2012831x10k.htm"
    },
    {
        "date": "2012-05-31",
        "symbol": "AYI",
        "reportedCurrency": "USD",
        "cik": "0001144215",
        "fillingDate": "2012-07-02",
        "acceptedDate": "2012-07-02 08:29:33",
        "calendarYear": "2012",
        "period": "Q3",
        "revenue": 487500000,
        "costOfRevenue": 285500000,
        "grossProfit": 202000000,
        "grossProfitRatio": 0.4143589744,
        "researchAndDevelopmentExpenses": 0,
        "generalAndAdministrativeExpenses": 0,
        "sellingAndMarketingExpenses": 142800000,
        "sellingGeneralAndAdministrativeExpenses": 142800000,
        "otherExpenses": 1900000,
        "operatingExpenses": 144700000,
        "costAndExpenses": 430200000,
        "interestIncome": 100000,
        "interestExpense": 7700000,
        "depreciationAndAmortization": 10200000,
        "ebitda": 70300000,
        "ebitdaratio": 0.1442051282,
        "operatingIncome": 57300000,
        "operatingIncomeRatio": 0.1175384615,
        "totalOtherIncomeExpensesNet": -5000000,
        "incomeBeforeTax": 52300000,
        "incomeBeforeTaxRatio": 0.1072820513,
        "incomeTaxExpense": 18700000,
        "netIncome": 33600000,
        "netIncomeRatio": 0.0689230769,
        "eps": 0.8,
        "epsdiluted": 0.79,
        "weightedAverageShsOut": 41600000,
        "weightedAverageShsOutDil": 42000000,
        "link": "https://www.sec.gov/Archives/edgar/data/1144215/000114421512000091/0001144215-12-000091-index.htm",
        "finalLink": "https://www.sec.gov/Archives/edgar/data/1144215/000114421512000091/ayi-2012531x10q.htm"
    },
    {
        "date": "2012-02-29",
        "symbol": "AYI",
        "reportedCurrency": "USD",
        "cik": "0001144215",
        "fillingDate": "2012-04-04",
        "acceptedDate": "2012-04-04 08:33:15",
        "calendarYear": "2012",
        "period": "Q2",
        "revenue": 457700000,
        "costOfRevenue": 275800000,
        "grossProfit": 181900000,
        "grossProfitRatio": 0.3974218921,
        "researchAndDevelopmentExpenses": 0,
        "generalAndAdministrativeExpenses": 0,
        "sellingAndMarketingExpenses": 136300000,
        "sellingGeneralAndAdministrativeExpenses": 136300000,
        "otherExpenses": 6600000,
        "operatingExpenses": 142900000,
        "costAndExpenses": 418700000,
        "interestIncome": 0,
        "interestExpense": 7700000,
        "depreciationAndAmortization": 9400000,
        "ebitda": 47400000,
        "ebitdaratio": 0.1035612847,
        "operatingIncome": 39000000,
        "operatingIncomeRatio": 0.085208652,
        "totalOtherIncomeExpensesNet": -8800000,
        "incomeBeforeTax": 30200000,
        "incomeBeforeTaxRatio": 0.0659820843,
        "incomeTaxExpense": 10700000,
        "netIncome": 19500000,
        "netIncomeRatio": 0.042604326,
        "eps": 0.46,
        "epsdiluted": 0.46,
        "weightedAverageShsOut": 41400000,
        "weightedAverageShsOutDil": 41900000,
        "link": "https://www.sec.gov/Archives/edgar/data/1144215/000114421512000060/0001144215-12-000060-index.htm",
        "finalLink": "https://www.sec.gov/Archives/edgar/data/1144215/000114421512000060/ayi-2012229x10q.htm"
    },
    {
        "date": "2011-11-30",
        "symbol": "AYI",
        "reportedCurrency": "USD",
        "cik": "0001144215",
        "fillingDate": "2012-01-09",
        "acceptedDate": "2012-01-09 08:40:19",
        "calendarYear": "2012",
        "period": "Q1",
        "revenue": 474300000,
        "costOfRevenue": 280700000,
        "grossProfit": 193600000,
        "grossProfitRatio": 0.4081804765,
        "researchAndDevelopmentExpenses": 0,
        "generalAndAdministrativeExpenses": 0,
        "sellingAndMarketingExpenses": 140300000,
        "sellingGeneralAndAdministrativeExpenses": 140300000,
        "otherExpenses": 2700000,
        "operatingExpenses": 143000000,
        "costAndExpenses": 423700000,
        "interestIncome": 100000,
        "interestExpense": 7800000,
        "depreciationAndAmortization": 10100000,
        "ebitda": 63700000,
        "ebitdaratio": 0.1343031836,
        "operatingIncome": 50600000,
        "operatingIncomeRatio": 0.1066835336,
        "totalOtherIncomeExpensesNet": -4800000,
        "incomeBeforeTax": 45800000,
        "incomeBeforeTaxRatio": 0.0965633565,
        "incomeTaxExpense": 15900000,
        "netIncome": 29900000,
        "netIncomeRatio": 0.0630402699,
        "eps": 0.71,
        "epsdiluted": 0.7,
        "weightedAverageShsOut": 41200000,
        "weightedAverageShsOutDil": 41700000,
        "link": "https://www.sec.gov/Archives/edgar/data/1144215/000114421512000004/0001144215-12-000004-index.htm",
        "finalLink": "https://www.sec.gov/Archives/edgar/data/1144215/000114421512000004/ayi-20111130x10q.htm"
    },
    {
        "date": "2011-08-31",
        "symbol": "AYI",
        "reportedCurrency": "USD",
        "cik": "0001144215",
        "fillingDate": "2011-10-28",
        "acceptedDate": "2011-10-28 09:26:34",
        "calendarYear": "2011",
        "period": "Q4",
        "revenue": 496200000,
        "costOfRevenue": 295800000,
        "grossProfit": 200400000,
        "grossProfitRatio": 0.4038694075,
        "researchAndDevelopmentExpenses": 0,
        "generalAndAdministrativeExpenses": 0,
        "sellingAndMarketingExpenses": 541300000,
        "sellingGeneralAndAdministrativeExpenses": 144600000,
        "otherExpenses": 0,
        "operatingExpenses": 144600000,
        "costAndExpenses": 440400000,
        "interestIncome": 100000,
        "interestExpense": 7500000,
        "depreciationAndAmortization": 10400000,
        "ebitda": 68000000,
        "ebitdaratio": 0.1370415155,
        "operatingIncome": 55800000,
        "operatingIncomeRatio": 0.1124546554,
        "totalOtherIncomeExpensesNet": -5700000,
        "incomeBeforeTax": 50100000,
        "incomeBeforeTaxRatio": 0.1009673519,
        "incomeTaxExpense": 15900000,
        "netIncome": 34200000,
        "netIncomeRatio": 0.068923821,
        "eps": 0.83,
        "epsdiluted": 0.82,
        "weightedAverageShsOut": 41200000,
        "weightedAverageShsOutDil": 41700000,
        "link": "https://www.sec.gov/Archives/edgar/data/1144215/000114421511000084/0001144215-11-000084-index.htm",
        "finalLink": "https://www.sec.gov/Archives/edgar/data/1144215/000114421511000084/ayi-2011831x10k.htm"
    },
    {
        "date": "2011-05-31",
        "symbol": "AYI",
        "reportedCurrency": "USD",
        "cik": "0001144215",
        "fillingDate": "2011-06-29",
        "acceptedDate": "2011-06-29 08:35:02",
        "calendarYear": "2011",
        "period": "Q3",
        "revenue": 458300000,
        "costOfRevenue": 268600000,
        "grossProfit": 189700000,
        "grossProfitRatio": 0.4139210124,
        "researchAndDevelopmentExpenses": 0,
        "generalAndAdministrativeExpenses": 0,
        "sellingAndMarketingExpenses": 139500000,
        "sellingGeneralAndAdministrativeExpenses": 139500000,
        "otherExpenses": 0,
        "operatingExpenses": 139500000,
        "costAndExpenses": 408100000,
        "interestIncome": 100000,
        "interestExpense": 7600000,
        "depreciationAndAmortization": 10500000,
        "ebitda": 59900000,
        "ebitdaratio": 0.1307004146,
        "operatingIncome": 50200000,
        "operatingIncomeRatio": 0.1095352389,
        "totalOtherIncomeExpensesNet": -8400000,
        "incomeBeforeTax": 41800000,
        "incomeBeforeTaxRatio": 0.0912066332,
        "incomeTaxExpense": 14700000,
        "netIncome": 27100000,
        "netIncomeRatio": 0.0591315732,
        "eps": 0.63,
        "epsdiluted": 0.62,
        "weightedAverageShsOut": 42500000,
        "weightedAverageShsOutDil": 43100000,
        "link": "https://www.sec.gov/Archives/edgar/data/1144215/000095012311062607/0000950123-11-062607-index.htm",
        "finalLink": "https://www.sec.gov/Archives/edgar/data/1144215/000095012311062607/g27550e10vq.htm"
    },
    {
        "date": "2011-02-28",
        "symbol": "AYI",
        "reportedCurrency": "USD",
        "cik": "0001144215",
        "fillingDate": "2011-03-30",
        "acceptedDate": "2011-03-30 09:03:46",
        "calendarYear": "2011",
        "period": "Q2",
        "revenue": 416100000,
        "costOfRevenue": 252300000,
        "grossProfit": 163800000,
        "grossProfitRatio": 0.3936553713,
        "researchAndDevelopmentExpenses": 0,
        "generalAndAdministrativeExpenses": 0,
        "sellingAndMarketingExpenses": 126600000,
        "sellingGeneralAndAdministrativeExpenses": 126600000,
        "otherExpenses": 0,
        "operatingExpenses": 126600000,
        "costAndExpenses": 378900000,
        "interestIncome": 0,
        "interestExpense": 7500000,
        "depreciationAndAmortization": 9600000,
        "ebitda": 46100000,
        "ebitdaratio": 0.1107906753,
        "operatingIncome": 37200000,
        "operatingIncomeRatio": 0.0894015862,
        "totalOtherIncomeExpensesNet": -8200000,
        "incomeBeforeTax": 29000000,
        "incomeBeforeTaxRatio": 0.0696947849,
        "incomeTaxExpense": 9100000,
        "netIncome": 19900000,
        "netIncomeRatio": 0.0478250421,
        "eps": 0.46,
        "epsdiluted": 0.45,
        "weightedAverageShsOut": 42300000,
        "weightedAverageShsOutDil": 43000000,
        "link": "https://www.sec.gov/Archives/edgar/data/1144215/000095012311030493/0000950123-11-030493-index.htm",
        "finalLink": "https://www.sec.gov/Archives/edgar/data/1144215/000095012311030493/g26619e10vq.htm"
    },
    {
        "date": "2010-11-30",
        "symbol": "AYI",
        "reportedCurrency": "USD",
        "cik": "0001144215",
        "fillingDate": "2011-01-10",
        "acceptedDate": "2011-01-10 08:39:36",
        "calendarYear": "2011",
        "period": "Q1",
        "revenue": 425000000,
        "costOfRevenue": 248900000,
        "grossProfit": 176100000,
        "grossProfitRatio": 0.4143529412,
        "researchAndDevelopmentExpenses": 0,
        "generalAndAdministrativeExpenses": 0,
        "sellingAndMarketingExpenses": 130600000,
        "sellingGeneralAndAdministrativeExpenses": 130600000,
        "otherExpenses": 0,
        "operatingExpenses": 130600000,
        "costAndExpenses": 379500000,
        "interestIncome": 100000,
        "interestExpense": 7600000,
        "depreciationAndAmortization": 9600000,
        "ebitda": 54000000,
        "ebitdaratio": 0.1270588235,
        "operatingIncome": 45500000,
        "operatingIncomeRatio": 0.1070588235,
        "totalOtherIncomeExpensesNet": -8700000,
        "incomeBeforeTax": 36800000,
        "incomeBeforeTaxRatio": 0.0865882353,
        "incomeTaxExpense": 12400000,
        "netIncome": 24400000,
        "netIncomeRatio": 0.0574117647,
        "eps": 0.57,
        "epsdiluted": 0.56,
        "weightedAverageShsOut": 42000000,
        "weightedAverageShsOutDil": 42800000,
        "link": "https://www.sec.gov/Archives/edgar/data/1144215/000095012311001647/0000950123-11-001647-index.htm",
        "finalLink": "https://www.sec.gov/Archives/edgar/data/1144215/000095012311001647/g25722e10vq.htm"
    },
    {
        "date": "2010-08-31",
        "symbol": "AYI",
        "reportedCurrency": "USD",
        "cik": "0001144215",
        "fillingDate": "2010-10-29",
        "acceptedDate": "2010-10-29 16:06:07",
        "calendarYear": "2010",
        "period": "Q4",
        "revenue": 444200000,
        "costOfRevenue": 259800000,
        "grossProfit": 184400000,
        "grossProfitRatio": 0.4151283206,
        "researchAndDevelopmentExpenses": 0,
        "generalAndAdministrativeExpenses": 0,
        "sellingAndMarketingExpenses": 495400000,
        "sellingGeneralAndAdministrativeExpenses": 133200000,
        "otherExpenses": 3200000,
        "operatingExpenses": 136400000,
        "costAndExpenses": 396200000,
        "interestIncome": 100000,
        "interestExpense": 7400000,
        "depreciationAndAmortization": 8800000,
        "ebitda": 56800000,
        "ebitdaratio": 0.1278703287,
        "operatingIncome": 48000000,
        "operatingIncomeRatio": 0.1080594327,
        "totalOtherIncomeExpensesNet": -7400000,
        "incomeBeforeTax": 40600000,
        "incomeBeforeTaxRatio": 0.0914002701,
        "incomeTaxExpense": 13400000,
        "netIncome": 27200000,
        "netIncomeRatio": 0.0612336785,
        "eps": 0.65,
        "epsdiluted": 0.64,
        "weightedAverageShsOut": 42000000,
        "weightedAverageShsOutDil": 42800000,
        "link": "https://www.sec.gov/Archives/edgar/data/1144215/000095012310098145/0000950123-10-098145-index.htm",
        "finalLink": "https://www.sec.gov/Archives/edgar/data/1144215/000095012310098145/g24987e10vk.htm"
    },
    {
        "date": "2010-05-31",
        "symbol": "AYI",
        "reportedCurrency": "USD",
        "cik": "0001144215",
        "fillingDate": "2010-06-30",
        "acceptedDate": "2010-06-30 08:46:07",
        "calendarYear": "2010",
        "period": "Q3",
        "revenue": 407600000,
        "costOfRevenue": 244000000,
        "grossProfit": 163600000,
        "grossProfitRatio": 0.401373896,
        "researchAndDevelopmentExpenses": 0,
        "generalAndAdministrativeExpenses": 0,
        "sellingAndMarketingExpenses": 124700000,
        "sellingGeneralAndAdministrativeExpenses": 124700000,
        "otherExpenses": -300000,
        "operatingExpenses": 124400000,
        "costAndExpenses": 368400000,
        "interestIncome": 100000,
        "interestExpense": 7400000,
        "depreciationAndAmortization": 8900000,
        "ebitda": 49200000,
        "ebitdaratio": 0.1207065751,
        "operatingIncome": 39200000,
        "operatingIncomeRatio": 0.0961727184,
        "totalOtherIncomeExpensesNet": -6300000,
        "incomeBeforeTax": 32900000,
        "incomeBeforeTaxRatio": 0.0807163886,
        "incomeTaxExpense": 11600000,
        "netIncome": 21300000,
        "netIncomeRatio": 0.0522571148,
        "eps": 0.49,
        "epsdiluted": 0.48,
        "weightedAverageShsOut": 42700000,
        "weightedAverageShsOutDil": 43500000,
        "link": "https://www.sec.gov/Archives/edgar/data/1144215/000095012310062537/0000950123-10-062537-index.htm",
        "finalLink": "https://www.sec.gov/Archives/edgar/data/1144215/000095012310062537/g23896e10vq.htm"
    },
    {
        "date": "2010-02-28",
        "symbol": "AYI",
        "reportedCurrency": "USD",
        "cik": "0001144215",
        "fillingDate": "2010-03-31",
        "acceptedDate": "2010-03-31 09:06:08",
        "calendarYear": "2010",
        "period": "Q2",
        "revenue": 383500000,
        "costOfRevenue": 231200000,
        "grossProfit": 152300000,
        "grossProfitRatio": 0.3971316819,
        "researchAndDevelopmentExpenses": 0,
        "generalAndAdministrativeExpenses": 0,
        "sellingAndMarketingExpenses": 119100000,
        "sellingGeneralAndAdministrativeExpenses": 119100000,
        "otherExpenses": 5400000,
        "operatingExpenses": 124500000,
        "costAndExpenses": 355700000,
        "interestIncome": 100000,
        "interestExpense": 8200000,
        "depreciationAndAmortization": 9400000,
        "ebitda": 27400000,
        "ebitdaratio": 0.0714471969,
        "operatingIncome": 27800000,
        "operatingIncomeRatio": 0.0724902216,
        "totalOtherIncomeExpensesNet": -18000000,
        "incomeBeforeTax": 9800000,
        "incomeBeforeTaxRatio": 0.0255541069,
        "incomeTaxExpense": 2600000,
        "netIncome": 7800000,
        "netIncomeRatio": 0.0203389831,
        "eps": 0.18,
        "epsdiluted": 0.17,
        "weightedAverageShsOut": 42500000,
        "weightedAverageShsOutDil": 43300000,
        "link": "https://www.sec.gov/Archives/edgar/data/1144215/000119312510072493/0001193125-10-072493-index.htm",
        "finalLink": "https://www.sec.gov/Archives/edgar/data/1144215/000119312510072493/d10q.htm"
    },
    {
        "date": "2009-11-30",
        "symbol": "AYI",
        "reportedCurrency": "USD",
        "cik": "0001144215",
        "fillingDate": "2010-01-06",
        "acceptedDate": "2010-01-06 08:36:32",
        "calendarYear": "2010",
        "period": "Q1",
        "revenue": 391700000,
        "costOfRevenue": 230400000,
        "grossProfit": 161300000,
        "grossProfitRatio": 0.4117947409,
        "researchAndDevelopmentExpenses": 0,
        "generalAndAdministrativeExpenses": 0,
        "sellingAndMarketingExpenses": 118500000,
        "sellingGeneralAndAdministrativeExpenses": 118500000,
        "otherExpenses": 100000,
        "operatingExpenses": 118600000,
        "costAndExpenses": 349000000,
        "interestIncome": 100000,
        "interestExpense": 6800000,
        "depreciationAndAmortization": 9400000,
        "ebitda": 51700000,
        "ebitdaratio": 0.1319887669,
        "operatingIncome": 42700000,
        "operatingIncomeRatio": 0.109011999,
        "totalOtherIncomeExpensesNet": -7200000,
        "incomeBeforeTax": 35500000,
        "incomeBeforeTaxRatio": 0.0906305846,
        "incomeTaxExpense": 12200000,
        "netIncome": 23300000,
        "netIncomeRatio": 0.0594842992,
        "eps": 0.54,
        "epsdiluted": 0.53,
        "weightedAverageShsOut": 42300000,
        "weightedAverageShsOutDil": 43100000,
        "link": "https://www.sec.gov/Archives/edgar/data/1144215/000119312510001623/0001193125-10-001623-index.htm",
        "finalLink": "https://www.sec.gov/Archives/edgar/data/1144215/000119312510001623/d10q.htm"
    },
    {
        "date": "2009-08-31",
        "symbol": "AYI",
        "reportedCurrency": "USD",
        "cik": "0001144215",
        "fillingDate": "2009-10-30",
        "acceptedDate": "2009-10-29 20:05:12",
        "calendarYear": "2009",
        "period": "Q4",
        "revenue": 422612000,
        "costOfRevenue": 257241000,
        "grossProfit": 165371000,
        "grossProfitRatio": 0.3913069198,
        "researchAndDevelopmentExpenses": 0,
        "generalAndAdministrativeExpenses": 0,
        "sellingAndMarketingExpenses": 454606000,
        "sellingGeneralAndAdministrativeExpenses": 115349000,
        "otherExpenses": 102000,
        "operatingExpenses": 115451000,
        "costAndExpenses": 372692000,
        "interestIncome": 64000,
        "interestExpense": 6724000,
        "depreciationAndAmortization": 9610000,
        "ebitda": 59518000,
        "ebitdaratio": 0.1408336725,
        "operatingIncome": 49920000,
        "operatingIncomeRatio": 0.1181225332,
        "totalOtherIncomeExpensesNet": -6736000,
        "incomeBeforeTax": 43184000,
        "incomeBeforeTaxRatio": 0.1021835632,
        "incomeTaxExpense": 14096000,
        "netIncome": 29099000,
        "netIncomeRatio": 0.0688551201,
        "eps": 0.69,
        "epsdiluted": 0.68,
        "weightedAverageShsOut": 42300000,
        "weightedAverageShsOutDil": 43100000,
        "link": "https://www.sec.gov/Archives/edgar/data/1144215/000119312509217720/0001193125-09-217720-index.htm",
        "finalLink": "https://www.sec.gov/Archives/edgar/data/1144215/000119312509217720/d10k.htm"
    },
    {
        "date": "2009-05-31",
        "symbol": "AYI",
        "reportedCurrency": "USD",
        "cik": "0001144215",
        "fillingDate": "2009-07-02",
        "acceptedDate": "2009-07-02 08:50:41",
        "calendarYear": "2009",
        "period": "Q3",
        "revenue": 396628000,
        "costOfRevenue": 243000000,
        "grossProfit": 153600000,
        "grossProfitRatio": 0.3872646409,
        "researchAndDevelopmentExpenses": 0,
        "generalAndAdministrativeExpenses": 0,
        "sellingAndMarketingExpenses": 112116000,
        "sellingGeneralAndAdministrativeExpenses": 112100000,
        "otherExpenses": 0,
        "operatingExpenses": 112100000,
        "costAndExpenses": 355100000,
        "interestIncome": 74000,
        "interestExpense": 6446000,
        "depreciationAndAmortization": 8701000,
        "ebitda": 48300000,
        "ebitdaratio": 0.1217765765,
        "operatingIncome": 41483000,
        "operatingIncomeRatio": 0.1045891868,
        "totalOtherIncomeExpensesNet": -8400000,
        "incomeBeforeTax": 33091000,
        "incomeBeforeTaxRatio": 0.0834308218,
        "incomeTaxExpense": 10765000,
        "netIncome": 22027000,
        "netIncomeRatio": 0.0555356657,
        "eps": 0.52,
        "epsdiluted": 0.51,
        "weightedAverageShsOut": 40900000,
        "weightedAverageShsOutDil": 41700000,
        "link": "https://www.sec.gov/Archives/edgar/data/1144215/000119312509143249/0001193125-09-143249-index.htm",
        "finalLink": "https://www.sec.gov/Archives/edgar/data/1144215/000119312509143249/d10q.htm"
    },
    {
        "date": "2009-02-28",
        "symbol": "AYI",
        "reportedCurrency": "USD",
        "cik": "0001144215",
        "fillingDate": "2009-04-08",
        "acceptedDate": "2009-04-08 13:34:59",
        "calendarYear": "2009",
        "period": "Q2",
        "revenue": 386139000,
        "costOfRevenue": 244700000,
        "grossProfit": 141400000,
        "grossProfitRatio": 0.3661893774,
        "researchAndDevelopmentExpenses": 0,
        "generalAndAdministrativeExpenses": 0,
        "sellingAndMarketingExpenses": 108217000,
        "sellingGeneralAndAdministrativeExpenses": 108200000,
        "otherExpenses": 4600000,
        "operatingExpenses": 112800000,
        "costAndExpenses": 357500000,
        "interestIncome": 173000,
        "interestExpense": 7681000,
        "depreciationAndAmortization": 8605000,
        "ebitda": 37480000,
        "ebitdaratio": 0.0970634927,
        "operatingIncome": 28613000,
        "operatingIncomeRatio": 0.0741002592,
        "totalOtherIncomeExpensesNet": -7413000,
        "incomeBeforeTax": 21132000,
        "incomeBeforeTaxRatio": 0.0547264068,
        "incomeTaxExpense": 6764000,
        "netIncome": 14368000,
        "netIncomeRatio": 0.0372093987,
        "eps": 0.35,
        "epsdiluted": 0.34,
        "weightedAverageShsOut": 40200000,
        "weightedAverageShsOutDil": 40800000,
        "link": "https://www.sec.gov/Archives/edgar/data/1144215/000119312509075441/0001193125-09-075441-index.htm",
        "finalLink": "https://www.sec.gov/Archives/edgar/data/1144215/000119312509075441/d10q.htm"
    },
    {
        "date": "2008-11-30",
        "symbol": "AYI",
        "reportedCurrency": "USD",
        "cik": "0001144215",
        "fillingDate": "2009-01-06",
        "acceptedDate": "2009-01-06 08:45:21",
        "calendarYear": "2009",
        "period": "Q1",
        "revenue": 452025000,
        "costOfRevenue": 277302000,
        "grossProfit": 174723000,
        "grossProfitRatio": 0.3865339306,
        "researchAndDevelopmentExpenses": 0,
        "generalAndAdministrativeExpenses": 0,
        "sellingAndMarketingExpenses": 118924000,
        "sellingGeneralAndAdministrativeExpenses": 118924000,
        "otherExpenses": 22062000,
        "operatingExpenses": 140986000,
        "costAndExpenses": 418288000,
        "interestIncome": 0,
        "interestExpense": 8002000,
        "depreciationAndAmortization": 8820000,
        "ebitda": 42557000,
        "ebitdaratio": 0.0941474476,
        "operatingIncome": 33737000,
        "operatingIncomeRatio": 0.0746352525,
        "totalOtherIncomeExpensesNet": -3821000,
        "incomeBeforeTax": 29916000,
        "incomeBeforeTaxRatio": 0.0661821802,
        "incomeTaxExpense": 10501000,
        "netIncome": 19415000,
        "netIncomeRatio": 0.0429511642,
        "eps": 0.49,
        "epsdiluted": 0.48,
        "weightedAverageShsOut": 39930000,
        "weightedAverageShsOutDil": 40765000,
        "link": "https://www.sec.gov/Archives/edgar/data/1144215/000119312509001448/0001193125-09-001448-index.htm",
        "finalLink": "https://www.sec.gov/Archives/edgar/data/1144215/000119312509001448/d10q.htm"
    },
    {
        "date": "2008-08-31",
        "symbol": "AYI",
        "reportedCurrency": "USD",
        "cik": "0001144215",
        "fillingDate": "2008-10-27",
        "acceptedDate": "2008-10-27 16:42:26",
        "calendarYear": "2008",
        "period": "Q4",
        "revenue": 522757000,
        "costOfRevenue": 310379000,
        "grossProfit": 212378000,
        "grossProfitRatio": 0.4062652437,
        "researchAndDevelopmentExpenses": 0,
        "generalAndAdministrativeExpenses": 0,
        "sellingAndMarketingExpenses": 540097000,
        "sellingGeneralAndAdministrativeExpenses": 138657000,
        "otherExpenses": 0,
        "operatingExpenses": 138657000,
        "costAndExpenses": 449036000,
        "interestIncome": 0,
        "interestExpense": 28415000,
        "depreciationAndAmortization": 9032000,
        "ebitda": 86992000,
        "ebitdaratio": 0.1664100146,
        "operatingIncome": 73721000,
        "operatingIncomeRatio": 0.1410234583,
        "totalOtherIncomeExpensesNet": -7761000,
        "incomeBeforeTax": 65961000,
        "incomeBeforeTaxRatio": 0.1261790851,
        "incomeTaxExpense": 24056000,
        "netIncome": 41905000,
        "netIncomeRatio": 0.0801615282,
        "eps": 1.05,
        "epsdiluted": 1.03,
        "weightedAverageShsOut": 39930000,
        "weightedAverageShsOutDil": 40765000,
        "link": "https://www.sec.gov/Archives/edgar/data/1144215/000119312508216953/0001193125-08-216953-index.htm",
        "finalLink": "https://www.sec.gov/Archives/edgar/data/1144215/000119312508216953/d10k.htm"
    },
    {
        "date": "2008-05-31",
        "symbol": "AYI",
        "reportedCurrency": "USD",
        "cik": "0001144215",
        "fillingDate": "2008-07-02",
        "acceptedDate": "2008-07-02 07:51:47",
        "calendarYear": "2008",
        "period": "Q3",
        "revenue": 512438000,
        "costOfRevenue": 304246000,
        "grossProfit": 208192000,
        "grossProfitRatio": 0.4062774423,
        "researchAndDevelopmentExpenses": 0,
        "generalAndAdministrativeExpenses": 0,
        "sellingAndMarketingExpenses": 136488000,
        "sellingGeneralAndAdministrativeExpenses": 136488000,
        "otherExpenses": 0,
        "operatingExpenses": 136488000,
        "costAndExpenses": 440734000,
        "interestIncome": 0,
        "interestExpense": 7174000,
        "depreciationAndAmortization": 8216000,
        "ebitda": 79920000,
        "ebitdaratio": 0.1559603308,
        "operatingIncome": 71704000,
        "operatingIncomeRatio": 0.1399271717,
        "totalOtherIncomeExpensesNet": -8766000,
        "incomeBeforeTax": 62938000,
        "incomeBeforeTaxRatio": 0.122820712,
        "incomeTaxExpense": 21280000,
        "netIncome": 41133000,
        "netIncomeRatio": 0.0802692228,
        "eps": 1.03,
        "epsdiluted": 1,
        "weightedAverageShsOut": 40190000,
        "weightedAverageShsOutDil": 41247000,
        "link": "https://www.sec.gov/Archives/edgar/data/1144215/000119312508145508/0001193125-08-145508-index.htm",
        "finalLink": "https://www.sec.gov/Archives/edgar/data/1144215/000119312508145508/d10q.htm"
    },
    {
        "date": "2008-02-29",
        "symbol": "AYI",
        "reportedCurrency": "USD",
        "cik": "0001144215",
        "fillingDate": "2008-04-03",
        "acceptedDate": "2008-04-03 08:36:15",
        "calendarYear": "2008",
        "period": "Q2",
        "revenue": 482584000,
        "costOfRevenue": 290548000,
        "grossProfit": 192036000,
        "grossProfitRatio": 0.3979327951,
        "researchAndDevelopmentExpenses": 0,
        "generalAndAdministrativeExpenses": 0,
        "sellingAndMarketingExpenses": 131307000,
        "sellingGeneralAndAdministrativeExpenses": 131307000,
        "otherExpenses": 0,
        "operatingExpenses": 131307000,
        "costAndExpenses": 421855000,
        "interestIncome": 0,
        "interestExpense": 7107000,
        "depreciationAndAmortization": 8216000,
        "ebitda": 68945000,
        "ebitdaratio": 0.1428663196,
        "operatingIncome": 60729000,
        "operatingIncomeRatio": 0.1258413043,
        "totalOtherIncomeExpensesNet": -7299000,
        "incomeBeforeTax": 53430000,
        "incomeBeforeTaxRatio": 0.1107164763,
        "incomeTaxExpense": 19286000,
        "netIncome": 34144000,
        "netIncomeRatio": 0.0707524493,
        "eps": 0.84,
        "epsdiluted": 0.82,
        "weightedAverageShsOut": 40446000,
        "weightedAverageShsOutDil": 41475000,
        "link": "https://www.sec.gov/Archives/edgar/data/1144215/000119312508073812/0001193125-08-073812-index.htm",
        "finalLink": "https://www.sec.gov/Archives/edgar/data/1144215/000119312508073812/d10q.htm"
    },
    {
        "date": "2007-11-30",
        "symbol": "AYI",
        "reportedCurrency": "USD",
        "cik": "0001144215",
        "fillingDate": "2008-01-08",
        "acceptedDate": "2008-01-08 17:25:42",
        "calendarYear": "2008",
        "period": "Q1",
        "revenue": 508865000,
        "costOfRevenue": 305676000,
        "grossProfit": 203189000,
        "grossProfitRatio": 0.3992984387,
        "researchAndDevelopmentExpenses": 0,
        "generalAndAdministrativeExpenses": 0,
        "sellingAndMarketingExpenses": 133646000,
        "sellingGeneralAndAdministrativeExpenses": 133646000,
        "otherExpenses": 14638000,
        "operatingExpenses": 148284000,
        "costAndExpenses": 453960000,
        "interestIncome": 0,
        "interestExpense": 6993000,
        "depreciationAndAmortization": 8376000,
        "ebitda": 63281000,
        "ebitdaratio": 0.1243571478,
        "operatingIncome": 54905000,
        "operatingIncomeRatio": 0.1078969864,
        "totalOtherIncomeExpensesNet": -6684000,
        "incomeBeforeTax": 48221000,
        "incomeBeforeTaxRatio": 0.094761872,
        "incomeTaxExpense": 17296000,
        "netIncome": 31072000,
        "netIncomeRatio": 0.0610613817,
        "eps": 0.74,
        "epsdiluted": 0.72,
        "weightedAverageShsOut": 41783000,
        "weightedAverageShsOutDil": 42936000,
        "link": "https://www.sec.gov/Archives/edgar/data/1144215/000119312508003215/0001193125-08-003215-index.htm",
        "finalLink": "https://www.sec.gov/Archives/edgar/data/1144215/000119312508003215/d10q.htm"
    },
    {
        "date": "2007-08-31",
        "symbol": "AYI",
        "reportedCurrency": "USD",
        "cik": "0001144215",
        "fillingDate": "2007-10-30",
        "acceptedDate": "2007-10-30 17:27:05",
        "calendarYear": "2007",
        "period": "Q4",
        "revenue": 692970000,
        "costOfRevenue": 395091000,
        "grossProfit": 297879000,
        "grossProfitRatio": 0.4298584354,
        "researchAndDevelopmentExpenses": 0,
        "generalAndAdministrativeExpenses": 0,
        "sellingAndMarketingExpenses": 812958000,
        "sellingGeneralAndAdministrativeExpenses": 213742000,
        "otherExpenses": 0,
        "operatingExpenses": 213742000,
        "costAndExpenses": 608833000,
        "interestIncome": 0,
        "interestExpense": 30140000,
        "depreciationAndAmortization": 9889000,
        "ebitda": 94026000,
        "ebitdaratio": 0.1356855275,
        "operatingIncome": 84137000,
        "operatingIncomeRatio": 0.1214150685,
        "totalOtherIncomeExpensesNet": -5607000,
        "incomeBeforeTax": 78530000,
        "incomeBeforeTaxRatio": 0.1133238091,
        "incomeTaxExpense": 27077000,
        "netIncome": 51453000,
        "netIncomeRatio": 0.0742499675,
        "eps": 1.23,
        "epsdiluted": 1.2,
        "weightedAverageShsOut": 41783000,
        "weightedAverageShsOutDil": 42936000,
        "link": "https://www.sec.gov/Archives/edgar/data/1144215/000119312507229796/0001193125-07-229796-index.htm",
        "finalLink": "https://www.sec.gov/Archives/edgar/data/1144215/000119312507229796/d10k.htm"
    },
    {
        "date": "2007-05-31",
        "symbol": "AYI",
        "reportedCurrency": "USD",
        "cik": "0001144215",
        "fillingDate": "2007-07-10",
        "acceptedDate": "2007-07-10 08:16:06",
        "calendarYear": "2007",
        "period": "Q3",
        "revenue": 502429000,
        "costOfRevenue": 313780000,
        "grossProfit": 188649000,
        "grossProfitRatio": 0.3754739476,
        "researchAndDevelopmentExpenses": 0,
        "generalAndAdministrativeExpenses": 0,
        "sellingAndMarketingExpenses": 206059000,
        "sellingGeneralAndAdministrativeExpenses": 128965000,
        "otherExpenses": 0,
        "operatingExpenses": 128965000,
        "costAndExpenses": 442745000,
        "interestIncome": 0,
        "interestExpense": 7366000,
        "depreciationAndAmortization": 7575000,
        "ebitda": 67259000,
        "ebitdaratio": 0.1338676709,
        "operatingIncome": 59684000,
        "operatingIncomeRatio": 0.1187909137,
        "totalOtherIncomeExpensesNet": -7007000,
        "incomeBeforeTax": 52677000,
        "incomeBeforeTaxRatio": 0.1048446646,
        "incomeTaxExpense": 18363000,
        "netIncome": 38676000,
        "netIncomeRatio": 0.0769780407,
        "eps": 0.9,
        "epsdiluted": 0.88,
        "weightedAverageShsOut": 42861000,
        "weightedAverageShsOutDil": 44118000,
        "link": "https://www.sec.gov/Archives/edgar/data/1144215/000119312507152172/0001193125-07-152172-index.htm",
        "finalLink": "https://www.sec.gov/Archives/edgar/data/1144215/000119312507152172/d10q.htm"
    },
    {
        "date": "2007-02-28",
        "symbol": "AYI",
        "reportedCurrency": "USD",
        "cik": "0001144215",
        "fillingDate": "2007-04-04",
        "acceptedDate": "2007-04-04 08:46:31",
        "calendarYear": "2007",
        "period": "Q2",
        "revenue": 444334000,
        "costOfRevenue": 279273000,
        "grossProfit": 165061000,
        "grossProfitRatio": 0.3714795627,
        "researchAndDevelopmentExpenses": 0,
        "generalAndAdministrativeExpenses": 0,
        "sellingAndMarketingExpenses": 194474000,
        "sellingGeneralAndAdministrativeExpenses": 125375000,
        "otherExpenses": 0,
        "operatingExpenses": 125375000,
        "costAndExpenses": 404648000,
        "interestIncome": 0,
        "interestExpense": 7856000,
        "depreciationAndAmortization": 7846000,
        "ebitda": 47532000,
        "ebitdaratio": 0.1069735829,
        "operatingIncome": 39686000,
        "operatingIncomeRatio": 0.089315695,
        "totalOtherIncomeExpensesNet": -7724000,
        "incomeBeforeTax": 31962000,
        "incomeBeforeTaxRatio": 0.0719323752,
        "incomeTaxExpense": 9959000,
        "netIncome": 24358000,
        "netIncomeRatio": 0.0548191226,
        "eps": 0.57,
        "epsdiluted": 0.55,
        "weightedAverageShsOut": 42544000,
        "weightedAverageShsOutDil": 43911000,
        "link": "https://www.sec.gov/Archives/edgar/data/1144215/000119312507073910/0001193125-07-073910-index.htm",
        "finalLink": "https://www.sec.gov/Archives/edgar/data/1144215/000119312507073910/d10q.htm"
    },
    {
        "date": "2006-11-30",
        "symbol": "AYI",
        "reportedCurrency": "USD",
        "cik": "0001144215",
        "fillingDate": "2007-01-04",
        "acceptedDate": "2007-01-04 08:37:02",
        "calendarYear": "2007",
        "period": "Q1",
        "revenue": 477617000,
        "costOfRevenue": 297167000,
        "grossProfit": 180450000,
        "grossProfitRatio": 0.377813185,
        "researchAndDevelopmentExpenses": 0,
        "generalAndAdministrativeExpenses": 0,
        "sellingAndMarketingExpenses": 198683000,
        "sellingGeneralAndAdministrativeExpenses": 126938000,
        "otherExpenses": 0,
        "operatingExpenses": 126938000,
        "costAndExpenses": 424105000,
        "interestIncome": 0,
        "interestExpense": 8139000,
        "depreciationAndAmortization": 7862000,
        "ebitda": 61374000,
        "ebitdaratio": 0.1285004512,
        "operatingIncome": 53512000,
        "operatingIncomeRatio": 0.1120395631,
        "totalOtherIncomeExpensesNet": -8324000,
        "incomeBeforeTax": 45188000,
        "incomeBeforeTaxRatio": 0.0946113727,
        "incomeTaxExpense": 15685000,
        "netIncome": 33567000,
        "netIncomeRatio": 0.0702801617,
        "eps": 0.8,
        "epsdiluted": 0.77,
        "weightedAverageShsOut": 42204000,
        "weightedAverageShsOutDil": 43732000,
        "link": "https://www.sec.gov/Archives/edgar/data/1144215/000119312507001119/0001193125-07-001119-index.htm",
        "finalLink": "https://www.sec.gov/Archives/edgar/data/1144215/000119312507001119/d10q.htm"
    },
    {
        "date": "2006-08-31",
        "symbol": "AYI",
        "reportedCurrency": "USD",
        "cik": "0001144215",
        "fillingDate": "2006-11-02",
        "acceptedDate": "2006-11-02 16:19:01",
        "calendarYear": "2006",
        "period": "Q4",
        "revenue": 674451000,
        "costOfRevenue": 393944000,
        "grossProfit": 280507000,
        "grossProfitRatio": 0.4159041947,
        "researchAndDevelopmentExpenses": 0,
        "generalAndAdministrativeExpenses": 0,
        "sellingAndMarketingExpenses": 772326000,
        "sellingGeneralAndAdministrativeExpenses": 207236000,
        "otherExpenses": 292000,
        "operatingExpenses": 207528000,
        "costAndExpenses": 601472000,
        "interestIncome": 0,
        "interestExpense": 33231000,
        "depreciationAndAmortization": 9568000,
        "ebitda": 82547000,
        "ebitdaratio": 0.1223913969,
        "operatingIncome": 72979000,
        "operatingIncomeRatio": 0.1082050438,
        "totalOtherIncomeExpensesNet": -8739000,
        "incomeBeforeTax": 64240000,
        "incomeBeforeTaxRatio": 0.0952478386,
        "incomeTaxExpense": 22873000,
        "netIncome": 41367000,
        "netIncomeRatio": 0.0613343297,
        "eps": 0.98,
        "epsdiluted": 0.95,
        "weightedAverageShsOut": 42204000,
        "weightedAverageShsOutDil": 43732000,
        "link": "https://www.sec.gov/Archives/edgar/data/1144215/000119312506222118/0001193125-06-222118-index.htm",
        "finalLink": "https://www.sec.gov/Archives/edgar/data/1144215/000119312506222118/d10k.htm"
    },
    {
        "date": "2006-05-31",
        "symbol": "AYI",
        "reportedCurrency": "USD",
        "cik": "0001144215",
        "fillingDate": "2006-07-06",
        "acceptedDate": "2006-07-06 07:55:50",
        "calendarYear": "2006",
        "period": "Q3",
        "revenue": 603265000,
        "costOfRevenue": 354223000,
        "grossProfit": 249042000,
        "grossProfitRatio": 0.4128235518,
        "researchAndDevelopmentExpenses": 0,
        "generalAndAdministrativeExpenses": 0,
        "sellingAndMarketingExpenses": 196803000,
        "sellingGeneralAndAdministrativeExpenses": 196803000,
        "otherExpenses": 0,
        "operatingExpenses": 196803000,
        "costAndExpenses": 551026000,
        "interestIncome": 0,
        "interestExpense": 8282000,
        "depreciationAndAmortization": 9257000,
        "ebitda": 61496000,
        "ebitdaratio": 0.1019386174,
        "operatingIncome": 52239000,
        "operatingIncomeRatio": 0.0865937855,
        "totalOtherIncomeExpensesNet": -8425000,
        "incomeBeforeTax": 43814000,
        "incomeBeforeTaxRatio": 0.0726281153,
        "incomeTaxExpense": 15102000,
        "netIncome": 28712000,
        "netIncomeRatio": 0.0475943408,
        "eps": 0.65,
        "epsdiluted": 0.63,
        "weightedAverageShsOut": 44054000,
        "weightedAverageShsOutDil": 45504000,
        "link": "https://www.sec.gov/Archives/edgar/data/1144215/000119312506142199/0001193125-06-142199-index.htm",
        "finalLink": "https://www.sec.gov/Archives/edgar/data/1144215/000119312506142199/d10q.htm"
    },
    {
        "date": "2006-02-28",
        "symbol": "AYI",
        "reportedCurrency": "USD",
        "cik": "0001144215",
        "fillingDate": "2006-04-05",
        "acceptedDate": "2006-04-05 08:00:22",
        "calendarYear": "2006",
        "period": "Q2",
        "revenue": 549555000,
        "costOfRevenue": 334300000,
        "grossProfit": 215255000,
        "grossProfitRatio": 0.3916896398,
        "researchAndDevelopmentExpenses": 0,
        "generalAndAdministrativeExpenses": 0,
        "sellingAndMarketingExpenses": 185052000,
        "sellingGeneralAndAdministrativeExpenses": 185052000,
        "otherExpenses": 0,
        "operatingExpenses": 185052000,
        "costAndExpenses": 519352000,
        "interestIncome": 0,
        "interestExpense": 8314000,
        "depreciationAndAmortization": 9983000,
        "ebitda": 40186000,
        "ebitdaratio": 0.073124619,
        "operatingIncome": 30203000,
        "operatingIncomeRatio": 0.0549590123,
        "totalOtherIncomeExpensesNet": -8168000,
        "incomeBeforeTax": 22035000,
        "incomeBeforeTaxRatio": 0.0400960777,
        "incomeTaxExpense": 7528000,
        "netIncome": 14507000,
        "netIncomeRatio": 0.0263977218,
        "eps": 0.33,
        "epsdiluted": 0.32,
        "weightedAverageShsOut": 44419000,
        "weightedAverageShsOutDil": 45826000,
        "link": "https://www.sec.gov/Archives/edgar/data/1144215/000119312506073407/0001193125-06-073407-index.htm",
        "finalLink": "https://www.sec.gov/Archives/edgar/data/1144215/000119312506073407/d10q.htm"
    },
    {
        "date": "2005-11-30",
        "symbol": "AYI",
        "reportedCurrency": "USD",
        "cik": "0001144215",
        "fillingDate": "2006-01-04",
        "acceptedDate": "2006-01-04 09:17:04",
        "calendarYear": "2006",
        "period": "Q1",
        "revenue": 565852000,
        "costOfRevenue": 340629000,
        "grossProfit": 225223000,
        "grossProfitRatio": 0.3980245718,
        "researchAndDevelopmentExpenses": 0,
        "generalAndAdministrativeExpenses": 0,
        "sellingAndMarketingExpenses": 183235000,
        "sellingGeneralAndAdministrativeExpenses": 183235000,
        "otherExpenses": 0,
        "operatingExpenses": 183235000,
        "costAndExpenses": 523864000,
        "interestIncome": 0,
        "interestExpense": 8240000,
        "depreciationAndAmortization": 10204000,
        "ebitda": 52192000,
        "ebitdaratio": 0.0922361324,
        "operatingIncome": 41988000,
        "operatingIncomeRatio": 0.0742031485,
        "totalOtherIncomeExpensesNet": -8324000,
        "incomeBeforeTax": 33664000,
        "incomeBeforeTaxRatio": 0.0594925882,
        "incomeTaxExpense": 11688000,
        "netIncome": 21976000,
        "netIncomeRatio": 0.0388370104,
        "eps": 0.5,
        "epsdiluted": 0.48,
        "weightedAverageShsOut": 44271000,
        "weightedAverageShsOutDil": 45620000,
        "link": "https://www.sec.gov/Archives/edgar/data/1144215/000119312506000776/0001193125-06-000776-index.htm",
        "finalLink": "https://www.sec.gov/Archives/edgar/data/1144215/000119312506000776/d10q.htm"
    },
    {
        "date": "2005-08-31",
        "symbol": "AYI",
        "reportedCurrency": "USD",
        "cik": "0001144215",
        "fillingDate": "2005-11-01",
        "acceptedDate": "2005-11-01 16:40:26",
        "calendarYear": "2005",
        "period": "Q4",
        "revenue": 597204000,
        "costOfRevenue": 378710000,
        "grossProfit": 218494000,
        "grossProfitRatio": 0.3658615816,
        "researchAndDevelopmentExpenses": 0,
        "generalAndAdministrativeExpenses": 0,
        "sellingAndMarketingExpenses": 710263000,
        "sellingGeneralAndAdministrativeExpenses": 168017000,
        "otherExpenses": 6230000,
        "operatingExpenses": 174247000,
        "costAndExpenses": 552957000,
        "interestIncome": 0,
        "interestExpense": 35731000,
        "depreciationAndAmortization": 10800000,
        "ebitda": 55047000,
        "ebitdaratio": 0.0921745333,
        "operatingIncome": 44247000,
        "operatingIncomeRatio": 0.0740902606,
        "totalOtherIncomeExpensesNet": -6330000,
        "incomeBeforeTax": 37917000,
        "incomeBeforeTaxRatio": 0.0634908674,
        "incomeTaxExpense": 10108000,
        "netIncome": 27809000,
        "netIncomeRatio": 0.0465653278,
        "eps": 0.63,
        "epsdiluted": 0.61,
        "weightedAverageShsOut": 44271000,
        "weightedAverageShsOutDil": 45620000,
        "link": "https://www.sec.gov/Archives/edgar/data/1144215/000119312505213128/0001193125-05-213128-index.htm",
        "finalLink": "https://www.sec.gov/Archives/edgar/data/1144215/000119312505213128/d10k.htm"
    },
    {
        "date": "2005-05-31",
        "symbol": "AYI",
        "reportedCurrency": "USD",
        "cik": "0001144215",
        "fillingDate": "2005-07-08",
        "acceptedDate": "2005-07-08 15:37:04",
        "calendarYear": "2005",
        "period": "Q3",
        "revenue": 545327000,
        "costOfRevenue": 332983000,
        "grossProfit": 212344000,
        "grossProfitRatio": 0.3893883853,
        "researchAndDevelopmentExpenses": 0,
        "generalAndAdministrativeExpenses": 0,
        "sellingAndMarketingExpenses": 175917000,
        "sellingGeneralAndAdministrativeExpenses": 173564000,
        "otherExpenses": 0,
        "operatingExpenses": 173564000,
        "costAndExpenses": 506547000,
        "interestIncome": 0,
        "interestExpense": 8994000,
        "depreciationAndAmortization": 9690000,
        "ebitda": 48470000,
        "ebitdaratio": 0.0888824503,
        "operatingIncome": 38780000,
        "operatingIncomeRatio": 0.0711132953,
        "totalOtherIncomeExpensesNet": -9094000,
        "incomeBeforeTax": 29686000,
        "incomeBeforeTaxRatio": 0.0544370625,
        "incomeTaxExpense": 9994000,
        "netIncome": 19692000,
        "netIncomeRatio": 0.0361104438,
        "eps": 0.45,
        "epsdiluted": 0.44,
        "weightedAverageShsOut": 43367000,
        "weightedAverageShsOutDil": 44634000,
        "link": "https://www.sec.gov/Archives/edgar/data/1144215/000119312505139609/0001193125-05-139609-index.htm",
        "finalLink": "https://www.sec.gov/Archives/edgar/data/1144215/000119312505139609/d10q.htm"
    },
    {
        "date": "2005-02-28",
        "symbol": "AYI",
        "reportedCurrency": "USD",
        "cik": "0001144215",
        "fillingDate": "2005-04-04",
        "acceptedDate": "2005-04-04 10:25:10",
        "calendarYear": "2005",
        "period": "Q2",
        "revenue": 505121000,
        "costOfRevenue": 315073000,
        "grossProfit": 190048000,
        "grossProfitRatio": 0.3762425241,
        "researchAndDevelopmentExpenses": 0,
        "generalAndAdministrativeExpenses": 0,
        "sellingAndMarketingExpenses": 180630000,
        "sellingGeneralAndAdministrativeExpenses": 177545000,
        "otherExpenses": 17000000,
        "operatingExpenses": 194545000,
        "costAndExpenses": 509618000,
        "interestIncome": 0,
        "interestExpense": 9084000,
        "depreciationAndAmortization": 10493000,
        "ebitda": 5996000,
        "ebitdaratio": 0.0118704231,
        "operatingIncome": -4497000,
        "operatingIncomeRatio": -0.0089028173,
        "totalOtherIncomeExpensesNet": -8559000,
        "incomeBeforeTax": -13056000,
        "incomeBeforeTaxRatio": -0.0258472722,
        "incomeTaxExpense": -4619000,
        "netIncome": -8437000,
        "netIncomeRatio": -0.0167029286,
        "eps": -0.2,
        "epsdiluted": -0.2,
        "weightedAverageShsOut": 42926000,
        "weightedAverageShsOutDil": 42926000,
        "link": "https://www.sec.gov/Archives/edgar/data/1144215/000119312505068978/0001193125-05-068978-index.htm",
        "finalLink": "https://www.sec.gov/Archives/edgar/data/1144215/000119312505068978/d10q.htm"
    },
    {
        "date": "2004-11-30",
        "symbol": "AYI",
        "reportedCurrency": "USD",
        "cik": "0001144215",
        "fillingDate": "2005-01-06",
        "acceptedDate": "2005-01-06 10:01:34",
        "calendarYear": "2005",
        "period": "Q1",
        "revenue": 525202000,
        "costOfRevenue": 311551000,
        "grossProfit": 213651000,
        "grossProfitRatio": 0.4067977654,
        "researchAndDevelopmentExpenses": 0,
        "generalAndAdministrativeExpenses": 0,
        "sellingAndMarketingExpenses": 187828000,
        "sellingGeneralAndAdministrativeExpenses": 185436000,
        "otherExpenses": 0,
        "operatingExpenses": 185436000,
        "costAndExpenses": 496987000,
        "interestIncome": 0,
        "interestExpense": 8944000,
        "depreciationAndAmortization": 10092000,
        "ebitda": 38307000,
        "ebitdaratio": 0.0729376507,
        "operatingIncome": 28215000,
        "operatingIncomeRatio": 0.0537221869,
        "totalOtherIncomeExpensesNet": -7930000,
        "incomeBeforeTax": 20285000,
        "incomeBeforeTaxRatio": 0.0386232345,
        "incomeTaxExpense": 7120000,
        "netIncome": 13165000,
        "netIncomeRatio": 0.0250665458,
        "eps": 0.31,
        "epsdiluted": 0.3,
        "weightedAverageShsOut": 42462000,
        "weightedAverageShsOutDil": 43946000,
        "link": "https://www.sec.gov/Archives/edgar/data/1144215/000119312505002028/0001193125-05-002028-index.htm",
        "finalLink": "https://www.sec.gov/Archives/edgar/data/1144215/000119312505002028/d10q.htm"
    },
    {
        "date": "2004-08-31",
        "symbol": "AYI",
        "reportedCurrency": "USD",
        "cik": "0001144215",
        "fillingDate": "2004-10-29",
        "acceptedDate": "2004-10-29 16:54:43",
        "calendarYear": "2004",
        "period": "Q4",
        "revenue": 563364000,
        "costOfRevenue": 328012000,
        "grossProfit": 235352000,
        "grossProfitRatio": 0.4177618733,
        "researchAndDevelopmentExpenses": 0,
        "generalAndAdministrativeExpenses": 0,
        "sellingAndMarketingExpenses": 727542000,
        "sellingGeneralAndAdministrativeExpenses": 185888000,
        "otherExpenses": 1929000,
        "operatingExpenses": 187817000,
        "costAndExpenses": 515829000,
        "interestIncome": 0,
        "interestExpense": 34876000,
        "depreciationAndAmortization": 9488000,
        "ebitda": 58952000,
        "ebitdaratio": 0.1046428242,
        "operatingIncome": 47535000,
        "operatingIncomeRatio": 0.0843770635,
        "totalOtherIncomeExpensesNet": -7060000,
        "incomeBeforeTax": 40475000,
        "incomeBeforeTaxRatio": 0.0718452013,
        "incomeTaxExpense": 13709000,
        "netIncome": 26766000,
        "netIncomeRatio": 0.0475110231,
        "eps": 0.63,
        "epsdiluted": 0.61,
        "weightedAverageShsOut": 42462000,
        "weightedAverageShsOutDil": 43946000,
        "link": "https://www.sec.gov/Archives/edgar/data/1144215/000119312504181807/0001193125-04-181807-index.htm",
        "finalLink": "https://www.sec.gov/Archives/edgar/data/1144215/000119312504181807/d10k.htm"
    },
    {
        "date": "2004-05-31",
        "symbol": "AYI",
        "reportedCurrency": "USD",
        "cik": "0001144215",
        "fillingDate": "2004-07-06",
        "acceptedDate": "2004-07-06 12:33:59",
        "calendarYear": "2004",
        "period": "Q3",
        "revenue": 532226000,
        "costOfRevenue": 309874000,
        "grossProfit": 222352000,
        "grossProfitRatio": 0.4177774103,
        "researchAndDevelopmentExpenses": 0,
        "generalAndAdministrativeExpenses": 0,
        "sellingAndMarketingExpenses": 184938000,
        "sellingGeneralAndAdministrativeExpenses": 184938000,
        "otherExpenses": 0,
        "operatingExpenses": 184938000,
        "costAndExpenses": 494812000,
        "interestIncome": 0,
        "interestExpense": 8748000,
        "depreciationAndAmortization": 10536000,
        "ebitda": 47950000,
        "ebitdaratio": 0.0900933062,
        "operatingIncome": 37414000,
        "operatingIncomeRatio": 0.0702972046,
        "totalOtherIncomeExpensesNet": -10329000,
        "incomeBeforeTax": 27085000,
        "incomeBeforeTaxRatio": 0.0508900354,
        "incomeTaxExpense": 9073000,
        "netIncome": 18012000,
        "netIncomeRatio": 0.033842766,
        "eps": 0.43,
        "epsdiluted": 0.42,
        "weightedAverageShsOut": 42018000,
        "weightedAverageShsOutDil": 43343000,
        "link": "https://www.sec.gov/Archives/edgar/data/1144215/000119312504114150/0001193125-04-114150-index.htm",
        "finalLink": "https://www.sec.gov/Archives/edgar/data/1144215/000119312504114150/d10q.htm"
    },
    {
        "date": "2004-02-29",
        "symbol": "AYI",
        "reportedCurrency": "USD",
        "cik": "0001144215",
        "fillingDate": "2004-04-06",
        "acceptedDate": "2004-04-06 09:31:13",
        "calendarYear": "2004",
        "period": "Q2",
        "revenue": 491039000,
        "costOfRevenue": 289591000,
        "grossProfit": 201448000,
        "grossProfitRatio": 0.4102484731,
        "researchAndDevelopmentExpenses": 0,
        "generalAndAdministrativeExpenses": 0,
        "sellingAndMarketingExpenses": 177068000,
        "sellingGeneralAndAdministrativeExpenses": 177068000,
        "otherExpenses": 0,
        "operatingExpenses": 177068000,
        "costAndExpenses": 466659000,
        "interestIncome": 0,
        "interestExpense": 8927000,
        "depreciationAndAmortization": 11563000,
        "ebitda": 35943000,
        "ebitdaratio": 0.0731978519,
        "operatingIncome": 24380000,
        "operatingIncomeRatio": 0.0496498241,
        "totalOtherIncomeExpensesNet": -9506000,
        "incomeBeforeTax": 14874000,
        "incomeBeforeTaxRatio": 0.030290873,
        "incomeTaxExpense": 5355000,
        "netIncome": 9519000,
        "netIncomeRatio": 0.0193854256,
        "eps": 0.23,
        "epsdiluted": 0.22,
        "weightedAverageShsOut": 41846000,
        "weightedAverageShsOutDil": 43291000,
        "link": "https://www.sec.gov/Archives/edgar/data/1144215/000119312504057408/0001193125-04-057408-index.htm",
        "finalLink": "https://www.sec.gov/Archives/edgar/data/1144215/000119312504057408/d10q.htm"
    },
    {
        "date": "2003-11-30",
        "symbol": "AYI",
        "reportedCurrency": "USD",
        "cik": "0001144215",
        "fillingDate": "2004-01-14",
        "acceptedDate": "2004-01-14 11:15:22",
        "calendarYear": "2004",
        "period": "Q1",
        "revenue": 517538000,
        "costOfRevenue": 302831000,
        "grossProfit": 214707000,
        "grossProfitRatio": 0.4148622903,
        "researchAndDevelopmentExpenses": 0,
        "generalAndAdministrativeExpenses": 0,
        "sellingAndMarketingExpenses": 186109000,
        "sellingGeneralAndAdministrativeExpenses": 186109000,
        "otherExpenses": 579000,
        "operatingExpenses": 186688000,
        "costAndExpenses": 489519000,
        "interestIncome": 0,
        "interestExpense": 8717000,
        "depreciationAndAmortization": 11373000,
        "ebitda": 39392000,
        "ebitdaratio": 0.0761142177,
        "operatingIncome": 28019000,
        "operatingIncomeRatio": 0.0541390197,
        "totalOtherIncomeExpensesNet": -7836000,
        "incomeBeforeTax": 20183000,
        "incomeBeforeTaxRatio": 0.0389981026,
        "incomeTaxExpense": 7266000,
        "netIncome": 12917000,
        "netIncomeRatio": 0.0249585538,
        "eps": 0.31,
        "epsdiluted": 0.3,
        "weightedAverageShsOut": 41581000,
        "weightedAverageShsOutDil": 42594000,
        "link": "https://www.sec.gov/Archives/edgar/data/1144215/000119312504004127/0001193125-04-004127-index.htm",
        "finalLink": "https://www.sec.gov/Archives/edgar/data/1144215/000119312504004127/d10q.htm"
    },
    {
        "date": "2003-08-31",
        "symbol": "AYI",
        "reportedCurrency": "USD",
        "cik": "0001144215",
        "fillingDate": "2003-10-31",
        "acceptedDate": "2003-10-31 15:32:25",
        "calendarYear": "2003",
        "period": "Q4",
        "revenue": 533654000,
        "costOfRevenue": 303050000,
        "grossProfit": 230604000,
        "grossProfitRatio": 0.4321226862,
        "researchAndDevelopmentExpenses": 0,
        "generalAndAdministrativeExpenses": 0,
        "sellingAndMarketingExpenses": 0,
        "sellingGeneralAndAdministrativeExpenses": 198732000,
        "otherExpenses": 0,
        "operatingExpenses": 198732000,
        "costAndExpenses": 501782000,
        "interestIncome": 0,
        "interestExpense": 0,
        "depreciationAndAmortization": 11134000,
        "ebitda": 43006000,
        "ebitdaratio": 0.0805877966,
        "operatingIncome": 31872000,
        "operatingIncomeRatio": 0.0597240909,
        "totalOtherIncomeExpensesNet": -9624000,
        "incomeBeforeTax": 22248000,
        "incomeBeforeTaxRatio": 0.0416899339,
        "incomeTaxExpense": 7959000,
        "netIncome": 14289000,
        "netIncomeRatio": 0.0267757761,
        "eps": 0.34,
        "epsdiluted": 0.34,
        "weightedAverageShsOut": 41581000,
        "weightedAverageShsOutDil": 42594000,
        "link": "https://www.sec.gov/Archives/edgar/data/1144215/000119312503070865/0001193125-03-070865-index.htm",
        "finalLink": "https://www.sec.gov/Archives/edgar/data/1144215/000119312503070865/d10k.htm"
    },
    {
        "date": "2003-05-31",
        "symbol": "AYI",
        "reportedCurrency": "USD",
        "cik": "0001144215",
        "fillingDate": "2003-07-14",
        "acceptedDate": "2003-07-14 16:29:38",
        "calendarYear": "2003",
        "period": "Q3",
        "revenue": 521041000,
        "costOfRevenue": 302417000,
        "grossProfit": 218624000,
        "grossProfitRatio": 0.4195907808,
        "researchAndDevelopmentExpenses": 0,
        "generalAndAdministrativeExpenses": 0,
        "sellingAndMarketingExpenses": 185908000,
        "sellingGeneralAndAdministrativeExpenses": 185908000,
        "otherExpenses": 0,
        "operatingExpenses": 185908000,
        "costAndExpenses": 488325000,
        "interestIncome": 0,
        "interestExpense": 0,
        "depreciationAndAmortization": 11446000,
        "ebitda": 44162000,
        "ebitdaratio": 0.0847572456,
        "operatingIncome": 32716000,
        "operatingIncomeRatio": 0.0627896845,
        "totalOtherIncomeExpensesNet": -8775000,
        "incomeBeforeTax": 23941000,
        "incomeBeforeTaxRatio": 0.0459483995,
        "incomeTaxExpense": 8619000,
        "netIncome": 15322000,
        "netIncomeRatio": 0.029406515,
        "eps": 0.37,
        "epsdiluted": 0.37,
        "weightedAverageShsOut": 41480000,
        "weightedAverageShsOutDil": 41604000,
        "link": "https://www.sec.gov/Archives/edgar/data/1144215/000119312503019186/0001193125-03-019186-index.htm",
        "finalLink": "https://www.sec.gov/Archives/edgar/data/1144215/000119312503019186/d10q.htm"
    },
    {
        "date": "2003-02-28",
        "symbol": "AYI",
        "reportedCurrency": "USD",
        "cik": "0001144215",
        "fillingDate": "2003-04-14",
        "acceptedDate": "2003-04-14 17:20:32",
        "calendarYear": "2003",
        "period": "Q2",
        "revenue": 489387000,
        "costOfRevenue": 294054000,
        "grossProfit": 195333000,
        "grossProfitRatio": 0.3991381054,
        "researchAndDevelopmentExpenses": 0,
        "generalAndAdministrativeExpenses": 0,
        "sellingAndMarketingExpenses": 0,
        "sellingGeneralAndAdministrativeExpenses": 175927000,
        "otherExpenses": 0,
        "operatingExpenses": 175927000,
        "costAndExpenses": 469981000,
        "interestIncome": 0,
        "interestExpense": 9519000,
        "depreciationAndAmortization": 11693000,
        "ebitda": 31099000,
        "ebitdaratio": 0.0635468453,
        "operatingIncome": 19406000,
        "operatingIncomeRatio": 0.0396536892,
        "totalOtherIncomeExpensesNet": -7404000,
        "incomeBeforeTax": 12002000,
        "incomeBeforeTaxRatio": 0.0245245583,
        "incomeTaxExpense": 4321000,
        "netIncome": 7681000,
        "netIncomeRatio": 0.0156951452,
        "eps": 0.19,
        "epsdiluted": 0.19,
        "weightedAverageShsOut": 41443000,
        "weightedAverageShsOutDil": 41470000,
        "link": "https://www.sec.gov/Archives/edgar/data/1144215/000093176303000964/0000931763-03-000964-index.htm",
        "finalLink": "https://www.sec.gov/Archives/edgar/data/1144215/000093176303000964/d10q.htm"
    },
    {
        "date": "2002-11-30",
        "symbol": "AYI",
        "reportedCurrency": "USD",
        "cik": "0001144215",
        "fillingDate": "2003-01-14",
        "acceptedDate": "2003-01-14 15:54:27",
        "calendarYear": "2003",
        "period": "Q1",
        "revenue": 505226000,
        "costOfRevenue": 298266000,
        "grossProfit": 206960000,
        "grossProfitRatio": 0.4096384588,
        "researchAndDevelopmentExpenses": 0,
        "generalAndAdministrativeExpenses": 0,
        "sellingAndMarketingExpenses": 0,
        "sellingGeneralAndAdministrativeExpenses": 179876000,
        "otherExpenses": 802000,
        "operatingExpenses": 180678000,
        "costAndExpenses": 478944000,
        "interestIncome": 0,
        "interestExpense": 9774000,
        "depreciationAndAmortization": 11766000,
        "ebitda": 38048000,
        "ebitdaratio": 0.0753088717,
        "operatingIncome": 26282000,
        "operatingIncomeRatio": 0.052020284,
        "totalOtherIncomeExpensesNet": -9892000,
        "incomeBeforeTax": 16390000,
        "incomeBeforeTaxRatio": 0.0324409274,
        "incomeTaxExpense": 5900000,
        "netIncome": 10490000,
        "netIncomeRatio": 0.0207629853,
        "eps": 0.25,
        "epsdiluted": 0.25,
        "weightedAverageShsOut": 41391000,
        "weightedAverageShsOutDil": 41432000,
        "link": "https://www.sec.gov/Archives/edgar/data/1144215/000093176303000078/0000931763-03-000078-index.htm",
        "finalLink": "https://www.sec.gov/Archives/edgar/data/1144215/000093176303000078/d10q.htm"
    },
    {
        "date": "2002-08-31",
        "symbol": "AYI",
        "reportedCurrency": "USD",
        "cik": "0001144215",
        "fillingDate": "2002-11-12",
        "acceptedDate": "2002-11-12 16:50:25",
        "calendarYear": "2002",
        "period": "Q4",
        "revenue": 515284000,
        "costOfRevenue": 302720000,
        "grossProfit": 212564000,
        "grossProfitRatio": 0.4125181453,
        "researchAndDevelopmentExpenses": 0,
        "generalAndAdministrativeExpenses": 498191000,
        "sellingAndMarketingExpenses": 0,
        "sellingGeneralAndAdministrativeExpenses": 180880000,
        "otherExpenses": 1016000,
        "operatingExpenses": 181896000,
        "costAndExpenses": 484616000,
        "interestIncome": 0,
        "interestExpense": 40690000,
        "depreciationAndAmortization": 10272000,
        "ebitda": 40940000,
        "ebitdaratio": 0.0794513317,
        "operatingIncome": 30668000,
        "operatingIncomeRatio": 0.0595166937,
        "totalOtherIncomeExpensesNet": -6971000,
        "incomeBeforeTax": 23697000,
        "incomeBeforeTaxRatio": 0.0459882317,
        "incomeTaxExpense": 8336000,
        "netIncome": 15361000,
        "netIncomeRatio": 0.0298107451,
        "eps": 0.37,
        "epsdiluted": 0.37,
        "weightedAverageShsOut": 41391000,
        "weightedAverageShsOutDil": 41432000,
        "link": "https://www.sec.gov/Archives/edgar/data/1144215/000095014402011541/0000950144-02-011541-index.htm",
        "finalLink": "https://www.sec.gov/Archives/edgar/data/1144215/000095014402011541/g78888e10vk.htm"
    },
    {
        "date": "2002-05-31",
        "symbol": "AYI",
        "reportedCurrency": "USD",
        "cik": "0001144215",
        "fillingDate": "2002-07-12",
        "acceptedDate": "2002-07-12 16:58:01",
        "calendarYear": "2002",
        "period": "Q3",
        "revenue": 507576000,
        "costOfRevenue": 300153000,
        "grossProfit": 207423000,
        "grossProfitRatio": 0.4086540735,
        "researchAndDevelopmentExpenses": 0,
        "generalAndAdministrativeExpenses": 0,
        "sellingAndMarketingExpenses": 0,
        "sellingGeneralAndAdministrativeExpenses": 173304000,
        "otherExpenses": 1107000,
        "operatingExpenses": 174411000,
        "costAndExpenses": 474564000,
        "interestIncome": 0,
        "interestExpense": 10289000,
        "depreciationAndAmortization": 13292000,
        "ebitda": 46304000,
        "ebitdaratio": 0.0912257475,
        "operatingIncome": 33012000,
        "operatingIncomeRatio": 0.0650385361,
        "totalOtherIncomeExpensesNet": -9506000,
        "incomeBeforeTax": 23506000,
        "incomeBeforeTaxRatio": 0.0463103062,
        "incomeTaxExpense": 8935000,
        "netIncome": 14571000,
        "netIncomeRatio": 0.0287070311,
        "eps": 0.35,
        "epsdiluted": 0.35,
        "weightedAverageShsOut": 41308000,
        "weightedAverageShsOutDil": 41919000,
        "link": "https://www.sec.gov/Archives/edgar/data/1144215/000095014402007368/0000950144-02-007368-index.htm",
        "finalLink": "https://www.sec.gov/Archives/edgar/data/1144215/000095014402007368/g77181e10vq.htm"
    },
    {
        "date": "2002-02-28",
        "symbol": "AYI",
        "reportedCurrency": "USD",
        "cik": "0001144215",
        "fillingDate": "2002-04-12",
        "acceptedDate": "2002-04-12 00:00:00",
        "calendarYear": "2002",
        "period": "Q2",
        "revenue": 468245000,
        "costOfRevenue": 281390000,
        "grossProfit": 186855000,
        "grossProfitRatio": 0.3990539141,
        "researchAndDevelopmentExpenses": 0,
        "generalAndAdministrativeExpenses": 0,
        "sellingAndMarketingExpenses": 0,
        "sellingGeneralAndAdministrativeExpenses": 158548000,
        "otherExpenses": 1097000,
        "operatingExpenses": 159645000,
        "costAndExpenses": 441035000,
        "interestIncome": 0,
        "interestExpense": 0,
        "depreciationAndAmortization": 13174000,
        "ebitda": 40384000,
        "ebitdaratio": 0.0862454484,
        "operatingIncome": 27210000,
        "operatingIncomeRatio": 0.0581106045,
        "totalOtherIncomeExpensesNet": -10177000,
        "incomeBeforeTax": 17033000,
        "incomeBeforeTaxRatio": 0.036376256,
        "incomeTaxExpense": 6475000,
        "netIncome": 10558000,
        "netIncomeRatio": 0.0225480251,
        "eps": 0.26,
        "epsdiluted": 0.26,
        "weightedAverageShsOut": 41273000,
        "weightedAverageShsOutDil": 41303000,
        "link": "https://www.sec.gov/Archives/edgar/data/1144215/000095014402003813/0000950144-02-003813-index.htm",
        "finalLink": "https://www.sec.gov/Archives/edgar/data/1144215/000095014402003813/g75479e10-q.txt"
    },
    {
        "date": "2001-11-30",
        "symbol": "AYI",
        "reportedCurrency": "USD",
        "cik": "0001144215",
        "fillingDate": "2002-01-14",
        "acceptedDate": "2002-01-14 00:00:00",
        "calendarYear": "2002",
        "period": "Q1",
        "revenue": 481691000,
        "costOfRevenue": 285181000,
        "grossProfit": 196510000,
        "grossProfitRatio": 0.4079586291,
        "researchAndDevelopmentExpenses": 0,
        "generalAndAdministrativeExpenses": 0,
        "sellingAndMarketingExpenses": 0,
        "sellingGeneralAndAdministrativeExpenses": 166139000,
        "otherExpenses": 1096000,
        "operatingExpenses": 167235000,
        "costAndExpenses": 452416000,
        "interestIncome": 0,
        "interestExpense": 0,
        "depreciationAndAmortization": 12756000,
        "ebitda": 42031000,
        "ebitdaratio": 0.0872571835,
        "operatingIncome": 29237000,
        "operatingIncomeRatio": 0.0606965876,
        "totalOtherIncomeExpensesNet": -10675000,
        "incomeBeforeTax": 18600000,
        "incomeBeforeTaxRatio": 0.0386139662,
        "incomeTaxExpense": 7066000,
        "netIncome": 11534000,
        "netIncomeRatio": 0.0239448111,
        "eps": 0.28,
        "epsdiluted": 0.28,
        "weightedAverageShsOut": 41221000,
        "weightedAverageShsOutDil": 41221000,
        "link": "https://www.sec.gov/Archives/edgar/data/1144215/000095014402000328/0000950144-02-000328-index.htm",
        "finalLink": "https://www.sec.gov/Archives/edgar/data/1144215/000095014402000328/g73684e10-q.txt"
    },
    {
        "date": "2001-08-31",
        "symbol": "AYI",
        "reportedCurrency": "USD",
        "cik": "0001144215",
        "fillingDate": "2001-08-31",
        "acceptedDate": "2001-08-30 20:00:00",
        "calendarYear": "2001",
        "period": "Q4",
        "revenue": 505600000,
        "costOfRevenue": 296300000,
        "grossProfit": 209300000,
        "grossProfitRatio": 0.4139636076,
        "researchAndDevelopmentExpenses": 0,
        "generalAndAdministrativeExpenses": 175800000,
        "sellingAndMarketingExpenses": 8500000,
        "sellingGeneralAndAdministrativeExpenses": 184300000,
        "otherExpenses": 0,
        "operatingExpenses": 184300000,
        "costAndExpenses": 480600000,
        "interestIncome": 0,
        "interestExpense": -11100000,
        "depreciationAndAmortization": 14300000,
        "ebitda": 13900000,
        "ebitdaratio": 0.0274920886,
        "operatingIncome": 25000000,
        "operatingIncomeRatio": 0.0494462025,
        "totalOtherIncomeExpensesNet": -14300000,
        "incomeBeforeTax": 10700000,
        "incomeBeforeTaxRatio": 0.0211629747,
        "incomeTaxExpense": 4300000,
        "netIncome": 6400000,
        "netIncomeRatio": 0.0126582278,
        "eps": 0.16,
        "epsdiluted": 0.16,
        "weightedAverageShsOut": 41100000,
        "weightedAverageShsOutDil": 41100000,
        "link": "",
        "finalLink": ""
    }
]