[
    {
        "date": "2025-09-30",
        "symbol": "BBBY",
        "reportedCurrency": "USD",
        "cik": "0000886158",
        "fillingDate": "2025-10-27",
        "acceptedDate": "2025-10-27 16:22:41",
        "calendarYear": "2025",
        "period": "Q3",
        "revenue": 257187000,
        "costOfRevenue": 192024000,
        "grossProfit": 65163000,
        "grossProfitRatio": 0.2533681718,
        "researchAndDevelopmentExpenses": 0,
        "generalAndAdministrativeExpenses": 11971000,
        "sellingAndMarketingExpenses": 36126000,
        "sellingGeneralAndAdministrativeExpenses": 48097000,
        "otherExpenses": 29518000,
        "operatingExpenses": 77615000,
        "costAndExpenses": 269639000,
        "interestIncome": 1186000,
        "interestExpense": 0,
        "depreciationAndAmortization": 3879000,
        "ebitda": -409000,
        "ebitdaratio": -0.0015902826,
        "operatingIncome": -12452000,
        "operatingIncomeRatio": -0.048416133,
        "totalOtherIncomeExpensesNet": 8164000,
        "incomeBeforeTax": -4288000,
        "incomeBeforeTaxRatio": -0.0166726934,
        "incomeTaxExpense": 233000,
        "netIncome": -4521000,
        "netIncomeRatio": -0.017578649,
        "eps": -0.07,
        "epsdiluted": -0.07,
        "weightedAverageShsOut": 60333000,
        "weightedAverageShsOutDil": 60333000,
        "link": "https://www.sec.gov/Archives/edgar/data/1130713/000113071325000078/0001130713-25-000078-index.htm",
        "finalLink": "https://www.sec.gov/Archives/edgar/data/1130713/000113071325000078/byon-20250930.htm"
    },
    {
        "date": "2025-06-30",
        "symbol": "BBBY",
        "reportedCurrency": "USD",
        "cik": "0000886158",
        "fillingDate": "2025-07-29",
        "acceptedDate": "2025-07-29 21:10:53",
        "calendarYear": "2025",
        "period": "Q2",
        "revenue": 282251000,
        "costOfRevenue": 219147000,
        "grossProfit": 63104000,
        "grossProfitRatio": 0.2235740529,
        "researchAndDevelopmentExpenses": 19434000,
        "generalAndAdministrativeExpenses": 0,
        "sellingAndMarketingExpenses": 0,
        "sellingGeneralAndAdministrativeExpenses": 61550000,
        "otherExpenses": 0,
        "operatingExpenses": 80984000,
        "costAndExpenses": 300131000,
        "interestIncome": 889000,
        "interestExpense": 0,
        "depreciationAndAmortization": 4080000,
        "ebitda": -14946000,
        "ebitdaratio": -0.0529528682,
        "operatingIncome": -17880000,
        "operatingIncomeRatio": -0.0633478712,
        "totalOtherIncomeExpensesNet": -1146000,
        "incomeBeforeTax": -19026000,
        "incomeBeforeTaxRatio": -0.0674080871,
        "incomeTaxExpense": 287000,
        "netIncome": -19313000,
        "netIncomeRatio": -0.0684249126,
        "eps": -0.3359,
        "epsdiluted": -0.3359,
        "weightedAverageShsOut": 57503000,
        "weightedAverageShsOutDil": 57503000,
        "link": "https://www.sec.gov/Archives/edgar/data/1130713/000113071325000057/0001130713-25-000057-index.htm",
        "finalLink": "https://www.sec.gov/Archives/edgar/data/1130713/000113071325000057/byon-20250630.htm"
    },
    {
        "date": "2025-03-31",
        "symbol": "BBBY",
        "reportedCurrency": "USD",
        "cik": "0000886158",
        "fillingDate": "2025-06-30",
        "acceptedDate": "2025-06-30 13:00:19",
        "calendarYear": "2025",
        "period": "Q1",
        "revenue": 231748000,
        "costOfRevenue": 178168000,
        "grossProfit": 53580000,
        "grossProfitRatio": 0.2311994063,
        "researchAndDevelopmentExpenses": 22255000,
        "generalAndAdministrativeExpenses": 0,
        "sellingAndMarketingExpenses": 0,
        "sellingGeneralAndAdministrativeExpenses": 54872000,
        "otherExpenses": 0,
        "operatingExpenses": 77127000,
        "costAndExpenses": 255295000,
        "interestIncome": 762000,
        "interestExpense": 0,
        "depreciationAndAmortization": 4844000,
        "ebitda": -34874000,
        "ebitdaratio": -0.1504824206,
        "operatingIncome": -23547000,
        "operatingIncomeRatio": -0.1016060549,
        "totalOtherIncomeExpensesNet": -16171000,
        "incomeBeforeTax": -39718000,
        "incomeBeforeTaxRatio": -0.1713844348,
        "incomeTaxExpense": 194000,
        "netIncome": -39912000,
        "netIncomeRatio": -0.172221551,
        "eps": -0.7438,
        "epsdiluted": -0.7438,
        "weightedAverageShsOut": 53661000,
        "weightedAverageShsOutDil": 53661000,
        "link": "https://www.sec.gov/Archives/edgar/data/1130713/000113071325000041/0001130713-25-000041-index.htm",
        "finalLink": "https://www.sec.gov/Archives/edgar/data/1130713/000113071325000041/byon-20250331.htm"
    },
    {
        "date": "2024-12-31",
        "symbol": "BBBY",
        "reportedCurrency": "USD",
        "cik": "0000886158",
        "fillingDate": "2024-12-31",
        "acceptedDate": "2024-12-31 00:00:00",
        "calendarYear": "2024",
        "period": "Q4",
        "revenue": 303151000,
        "costOfRevenue": 239442000,
        "grossProfit": 63709000,
        "grossProfitRatio": 0.2101559949,
        "researchAndDevelopmentExpenses": 24193000,
        "generalAndAdministrativeExpenses": 0,
        "sellingAndMarketingExpenses": 0,
        "sellingGeneralAndAdministrativeExpenses": 82406000,
        "otherExpenses": 0,
        "operatingExpenses": 106599000,
        "costAndExpenses": 346041000,
        "interestIncome": 185000,
        "interestExpense": 0,
        "depreciationAndAmortization": 6323000,
        "ebitda": -74887000,
        "ebitdaratio": -0.2470287085,
        "operatingIncome": -42890000,
        "operatingIncomeRatio": -0.1414806483,
        "totalOtherIncomeExpensesNet": -38320000,
        "incomeBeforeTax": -81210000,
        "incomeBeforeTaxRatio": -0.2678863009,
        "incomeTaxExpense": 49000,
        "netIncome": -81259000,
        "netIncomeRatio": -0.2680479365,
        "eps": -1.6567,
        "epsdiluted": -1.6567,
        "weightedAverageShsOut": 49048000,
        "weightedAverageShsOutDil": 49048000,
        "link": "https://www.sec.gov/Archives/edgar/data/1130713/000113071325000024/0001130713-25-000024-index.htm",
        "finalLink": "https://www.sec.gov/Archives/edgar/data/1130713/000113071325000024/byon-20241231.htm"
    },
    {
        "date": "2024-09-30",
        "symbol": "BBBY",
        "reportedCurrency": "USD",
        "cik": "0000886158",
        "fillingDate": "2024-09-30",
        "acceptedDate": "2024-09-30 00:00:00",
        "calendarYear": "2024",
        "period": "Q3",
        "revenue": 311428000,
        "costOfRevenue": 249456000,
        "grossProfit": 61972000,
        "grossProfitRatio": 0.1989930257,
        "researchAndDevelopmentExpenses": 23765000,
        "generalAndAdministrativeExpenses": 0,
        "sellingAndMarketingExpenses": 0,
        "sellingGeneralAndAdministrativeExpenses": 81760000,
        "otherExpenses": 0,
        "operatingExpenses": 105525000,
        "costAndExpenses": 354981000,
        "interestIncome": 1554000,
        "interestExpense": 0,
        "depreciationAndAmortization": 4384000,
        "ebitda": -56457000,
        "ebitdaratio": -0.1812842776,
        "operatingIncome": -43553000,
        "operatingIncomeRatio": -0.1398493392,
        "totalOtherIncomeExpensesNet": -17288000,
        "incomeBeforeTax": -60841000,
        "incomeBeforeTaxRatio": -0.1953613676,
        "incomeTaxExpense": 189000,
        "netIncome": -61030000,
        "netIncomeRatio": -0.1959682495,
        "eps": -1.3334,
        "epsdiluted": -1.3334,
        "weightedAverageShsOut": 45771000,
        "weightedAverageShsOutDil": 45771000,
        "link": "https://www.sec.gov/Archives/edgar/data/1130713/000113071324000075/0001130713-24-000075-index.htm",
        "finalLink": "https://www.sec.gov/Archives/edgar/data/1130713/000113071324000075/byon-20240930.htm"
    },
    {
        "date": "2024-06-30",
        "symbol": "BBBY",
        "reportedCurrency": "USD",
        "cik": "0000886158",
        "fillingDate": "2024-06-30",
        "acceptedDate": "2024-06-30 00:00:00",
        "calendarYear": "2024",
        "period": "Q2",
        "revenue": 398104000,
        "costOfRevenue": 321969000,
        "grossProfit": 76135000,
        "grossProfitRatio": 0.1912439965,
        "researchAndDevelopmentExpenses": 23412000,
        "generalAndAdministrativeExpenses": 0,
        "sellingAndMarketingExpenses": 0,
        "sellingGeneralAndAdministrativeExpenses": 99724000,
        "otherExpenses": 0,
        "operatingExpenses": 123136000,
        "costAndExpenses": 445105000,
        "interestIncome": 2309000,
        "interestExpense": 0,
        "depreciationAndAmortization": 4395000,
        "ebitda": -38066000,
        "ebitdaratio": -0.0956182304,
        "operatingIncome": -47001000,
        "operatingIncomeRatio": -0.1180621144,
        "totalOtherIncomeExpensesNet": 4540000,
        "incomeBeforeTax": -42461000,
        "incomeBeforeTaxRatio": -0.1066580592,
        "incomeTaxExpense": 117000,
        "netIncome": -42578000,
        "netIncomeRatio": -0.1069519523,
        "eps": -0.9308,
        "epsdiluted": -0.9308,
        "weightedAverageShsOut": 45742000,
        "weightedAverageShsOutDil": 45742000,
        "link": "https://www.sec.gov/Archives/edgar/data/1130713/000113071324000057/0001130713-24-000057-index.htm",
        "finalLink": "https://www.sec.gov/Archives/edgar/data/1130713/000113071324000057/byon-20240630.htm"
    },
    {
        "date": "2024-03-31",
        "symbol": "BBBY",
        "reportedCurrency": "USD",
        "cik": "0000886158",
        "fillingDate": "2024-03-31",
        "acceptedDate": "2024-03-31 00:00:00",
        "calendarYear": "2024",
        "period": "Q1",
        "revenue": 382281000,
        "costOfRevenue": 311547000,
        "grossProfit": 70734000,
        "grossProfitRatio": 0.1850314298,
        "researchAndDevelopmentExpenses": 26064000,
        "generalAndAdministrativeExpenses": 0,
        "sellingAndMarketingExpenses": 0,
        "sellingGeneralAndAdministrativeExpenses": 102195000,
        "otherExpenses": 0,
        "operatingExpenses": 128258999,
        "costAndExpenses": 439806000,
        "interestIncome": 2717000,
        "interestExpense": 0,
        "depreciationAndAmortization": 3960000,
        "ebitda": -69639000,
        "ebitdaratio": -0.1821670447,
        "operatingIncome": -57525000,
        "operatingIncomeRatio": -0.1504783131,
        "totalOtherIncomeExpensesNet": -16074000,
        "incomeBeforeTax": -73599000,
        "incomeBeforeTaxRatio": -0.1925259168,
        "incomeTaxExpense": 329000,
        "netIncome": -73928000,
        "netIncomeRatio": -0.1933865403,
        "eps": -1.6217,
        "epsdiluted": -1.6217,
        "weightedAverageShsOut": 45587000,
        "weightedAverageShsOutDil": 45587000,
        "link": null,
        "finalLink": null
    },
    {
        "date": "2023-12-31",
        "symbol": "BBBY",
        "reportedCurrency": "USD",
        "cik": "0000886158",
        "fillingDate": "2024-02-23",
        "acceptedDate": "2024-02-23 13:03:36",
        "calendarYear": "2023",
        "period": "Q4",
        "revenue": 384458000,
        "costOfRevenue": 328741000,
        "grossProfit": 55717000,
        "grossProfitRatio": 0.1449235027,
        "researchAndDevelopmentExpenses": 26178000,
        "generalAndAdministrativeExpenses": 0,
        "sellingAndMarketingExpenses": 0,
        "sellingGeneralAndAdministrativeExpenses": 94101000,
        "otherExpenses": 0,
        "operatingExpenses": 120279000,
        "costAndExpenses": 449020000,
        "interestIncome": 3188000,
        "interestExpense": 0,
        "depreciationAndAmortization": 4626000,
        "ebitda": -89979000,
        "ebitdaratio": -0.2340411696,
        "operatingIncome": -64562000,
        "operatingIncomeRatio": -0.1679299169,
        "totalOtherIncomeExpensesNet": -30043000,
        "incomeBeforeTax": -94605000,
        "incomeBeforeTaxRatio": -0.2460736934,
        "incomeTaxExpense": 66388000,
        "netIncome": -160993000,
        "netIncomeRatio": -0.4187531538,
        "eps": -3.5492,
        "epsdiluted": -3.5492,
        "weightedAverageShsOut": 45360000,
        "weightedAverageShsOutDil": 45360000,
        "link": "https://www.sec.gov/Archives/edgar/data/1130713/000113071324000013/0001130713-24-000013-index.htm",
        "finalLink": "https://www.sec.gov/Archives/edgar/data/1130713/000113071324000013/byon-20231231.htm"
    },
    {
        "date": "2023-02-25",
        "symbol": "BBBY",
        "reportedCurrency": "USD",
        "cik": "0000886158",
        "fillingDate": "2023-06-14",
        "acceptedDate": "2023-06-13 20:59:08",
        "calendarYear": "2022",
        "period": "Q4",
        "revenue": 404896000,
        "costOfRevenue": 319388000,
        "grossProfit": 85508000,
        "grossProfitRatio": 0.2111850944,
        "researchAndDevelopmentExpenses": 24909000,
        "generalAndAdministrativeExpenses": 0,
        "sellingAndMarketingExpenses": 0,
        "sellingGeneralAndAdministrativeExpenses": 63246000,
        "otherExpenses": 0,
        "operatingExpenses": 88155000,
        "costAndExpenses": 407543000,
        "interestIncome": 1999000,
        "interestExpense": 0,
        "depreciationAndAmortization": 5386000,
        "ebitda": -10709000,
        "ebitdaratio": -0.0264487671,
        "operatingIncome": -2647000,
        "operatingIncomeRatio": -0.0065374812,
        "totalOtherIncomeExpensesNet": -13447999,
        "incomeBeforeTax": -16094999,
        "incomeBeforeTaxRatio": -0.0397509459,
        "incomeTaxExpense": -584000,
        "netIncome": -16738000,
        "netIncomeRatio": -0.0413390105,
        "eps": -0.3685,
        "epsdiluted": -0.3685,
        "weightedAverageShsOut": 45420000,
        "weightedAverageShsOutDil": 45420000,
        "link": "https://www.sec.gov/Archives/edgar/data/886158/000088615823000059/0000886158-23-000059-index.htm",
        "finalLink": "https://www.sec.gov/Archives/edgar/data/886158/000088615823000059/bbby-20230225.htm"
    },
    {
        "date": "2022-11-26",
        "symbol": "BBBY",
        "reportedCurrency": "USD",
        "cik": "0000886158",
        "fillingDate": "2023-01-26",
        "acceptedDate": "2023-01-26 14:29:54",
        "calendarYear": "2022",
        "period": "Q3",
        "revenue": 460279000,
        "costOfRevenue": 356757000,
        "grossProfit": 103522000,
        "grossProfitRatio": 0.2249114124,
        "researchAndDevelopmentExpenses": 26631000,
        "generalAndAdministrativeExpenses": 0,
        "sellingAndMarketingExpenses": 0,
        "sellingGeneralAndAdministrativeExpenses": 71232000,
        "otherExpenses": 0,
        "operatingExpenses": 97863000,
        "costAndExpenses": 454620000,
        "interestIncome": 976000,
        "interestExpense": 0,
        "depreciationAndAmortization": 5523000,
        "ebitda": -34125000,
        "ebitdaratio": -0.0741398152,
        "operatingIncome": 5659000,
        "operatingIncomeRatio": 0.0122947169,
        "totalOtherIncomeExpensesNet": -45307000,
        "incomeBeforeTax": -39648000,
        "incomeBeforeTaxRatio": -0.0861390591,
        "incomeTaxExpense": -2653000,
        "netIncome": -36995000,
        "netIncomeRatio": -0.0803751638,
        "eps": -0.8094,
        "epsdiluted": -0.8094,
        "weightedAverageShsOut": 45708000,
        "weightedAverageShsOutDil": 45708000,
        "link": "https://www.sec.gov/Archives/edgar/data/886158/000088615823000026/0000886158-23-000026-index.htm",
        "finalLink": "https://www.sec.gov/Archives/edgar/data/886158/000088615823000026/bbby-20221126.htm"
    },
    {
        "date": "2022-08-27",
        "symbol": "BBBY",
        "reportedCurrency": "USD",
        "cik": "0000886158",
        "fillingDate": "2022-09-30",
        "acceptedDate": "2022-09-30 06:18:27",
        "calendarYear": "2022",
        "period": "Q2",
        "revenue": 528121999,
        "costOfRevenue": 410876000,
        "grossProfit": 117246000,
        "grossProfitRatio": 0.2220055219,
        "researchAndDevelopmentExpenses": 27596000,
        "generalAndAdministrativeExpenses": 0,
        "sellingAndMarketingExpenses": 0,
        "sellingGeneralAndAdministrativeExpenses": 78108000,
        "otherExpenses": 0,
        "operatingExpenses": 105704000,
        "costAndExpenses": 516580000,
        "interestIncome": 115000,
        "interestExpense": 0,
        "depreciationAndAmortization": 5447000,
        "ebitda": 15123000,
        "ebitdaratio": 0.028635429,
        "operatingIncome": 11542000,
        "operatingIncomeRatio": 0.0218547987,
        "totalOtherIncomeExpensesNet": -1866000,
        "incomeBeforeTax": 9676000,
        "incomeBeforeTaxRatio": 0.0183215242,
        "incomeTaxExpense": 2529000,
        "netIncome": 6737000,
        "netIncomeRatio": 0.0127565222,
        "eps": 0.117,
        "epsdiluted": 0.1168,
        "weightedAverageShsOut": 43072000,
        "weightedAverageShsOutDil": 43159000,
        "link": "https://www.sec.gov/Archives/edgar/data/886158/000088615822000150/0000886158-22-000150-index.htm",
        "finalLink": "https://www.sec.gov/Archives/edgar/data/886158/000088615822000150/bbby-20220827.htm"
    },
    {
        "date": "2022-05-28",
        "symbol": "BBBY",
        "reportedCurrency": "USD",
        "cik": "0000886158",
        "fillingDate": "2022-06-29",
        "acceptedDate": "2022-06-29 17:07:52",
        "calendarYear": "2022",
        "period": "Q1",
        "revenue": 536037000,
        "costOfRevenue": 414944000,
        "grossProfit": 121093000,
        "grossProfitRatio": 0.225904182,
        "researchAndDevelopmentExpenses": 29789000,
        "generalAndAdministrativeExpenses": 0,
        "sellingAndMarketingExpenses": 0,
        "sellingGeneralAndAdministrativeExpenses": 78850000,
        "otherExpenses": 0,
        "operatingExpenses": 108639000,
        "costAndExpenses": 523582999,
        "interestIncome": 0,
        "interestExpense": 125000,
        "depreciationAndAmortization": 5605000,
        "ebitda": 17945000,
        "ebitdaratio": 0.0334771667,
        "operatingIncome": 12454000,
        "operatingIncomeRatio": 0.0232334708,
        "totalOtherIncomeExpensesNet": -239000,
        "incomeBeforeTax": 12215000,
        "incomeBeforeTaxRatio": 0.0227876061,
        "incomeTaxExpense": 2092000,
        "netIncome": 9171000,
        "netIncomeRatio": 0.0171088936,
        "eps": 0.2088,
        "epsdiluted": 0.2077,
        "weightedAverageShsOut": 43052000,
        "weightedAverageShsOutDil": 43282000,
        "link": "https://www.sec.gov/Archives/edgar/data/886158/000088615822000081/0000886158-22-000081-index.htm",
        "finalLink": "https://www.sec.gov/Archives/edgar/data/886158/000088615822000081/bbby-20220528.htm"
    },
    {
        "date": "2022-02-26",
        "symbol": "BBBY",
        "reportedCurrency": "USD",
        "cik": "0000886158",
        "fillingDate": "2022-04-21",
        "acceptedDate": "2022-04-21 16:44:19",
        "calendarYear": "2021",
        "period": "Q4",
        "revenue": 612659000,
        "costOfRevenue": 477867000,
        "grossProfit": 134792000,
        "grossProfitRatio": 0.2200114583,
        "researchAndDevelopmentExpenses": 27795000,
        "generalAndAdministrativeExpenses": 0,
        "sellingAndMarketingExpenses": 0,
        "sellingGeneralAndAdministrativeExpenses": 87877000,
        "otherExpenses": 0,
        "operatingExpenses": 115672000,
        "costAndExpenses": 593539000,
        "interestIncome": 0,
        "interestExpense": 132000,
        "depreciationAndAmortization": 5471000,
        "ebitda": 37098000,
        "ebitdaratio": 0.0605524443,
        "operatingIncome": 19120000,
        "operatingIncomeRatio": 0.0312082251,
        "totalOtherIncomeExpensesNet": 12375000,
        "incomeBeforeTax": 31495000,
        "incomeBeforeTaxRatio": 0.0514070633,
        "incomeTaxExpense": -1447000,
        "netIncome": 29808000,
        "netIncomeRatio": 0.0486534924,
        "eps": 0.6887,
        "epsdiluted": 0.6831,
        "weightedAverageShsOut": 43016000,
        "weightedAverageShsOutDil": 43370000,
        "link": "https://www.sec.gov/Archives/edgar/data/886158/000088615822000047/0000886158-22-000047-index.htm",
        "finalLink": "https://www.sec.gov/Archives/edgar/data/886158/000088615822000047/bbby-20220226.htm"
    },
    {
        "date": "2021-11-27",
        "symbol": "BBBY",
        "reportedCurrency": "USD",
        "cik": "0000886158",
        "fillingDate": "2022-01-06",
        "acceptedDate": "2022-01-06 16:38:59",
        "calendarYear": "2021",
        "period": "Q3",
        "revenue": 689390000,
        "costOfRevenue": 536892000,
        "grossProfit": 152498000,
        "grossProfitRatio": 0.2212071542,
        "researchAndDevelopmentExpenses": 27968000,
        "generalAndAdministrativeExpenses": 0,
        "sellingAndMarketingExpenses": 0,
        "sellingGeneralAndAdministrativeExpenses": 95681000,
        "otherExpenses": 0,
        "operatingExpenses": 123649000,
        "costAndExpenses": 660541000,
        "interestIncome": 0,
        "interestExpense": 139000,
        "depreciationAndAmortization": 5588000,
        "ebitda": 34358000,
        "ebitdaratio": 0.0498382628,
        "operatingIncome": 28849000,
        "operatingIncomeRatio": 0.0418471402,
        "totalOtherIncomeExpensesNet": -218000,
        "incomeBeforeTax": 28631000,
        "incomeBeforeTaxRatio": 0.0415309186,
        "incomeTaxExpense": -1795000,
        "netIncome": 27527000,
        "netIncomeRatio": 0.0399295029,
        "eps": 0.6357,
        "epsdiluted": 0.6312,
        "weightedAverageShsOut": 43014000,
        "weightedAverageShsOutDil": 43324000,
        "link": "https://www.sec.gov/Archives/edgar/data/886158/000088615822000006/0000886158-22-000006-index.htm",
        "finalLink": "https://www.sec.gov/Archives/edgar/data/886158/000088615822000006/bbby-20211127.htm"
    },
    {
        "date": "2021-08-28",
        "symbol": "BBBY",
        "reportedCurrency": "USD",
        "cik": "0000886158",
        "fillingDate": "2021-09-30",
        "acceptedDate": "2021-09-30 16:32:15",
        "calendarYear": "2021",
        "period": "Q2",
        "revenue": 794536000,
        "costOfRevenue": 624344000,
        "grossProfit": 170192000,
        "grossProfitRatio": 0.2142030065,
        "researchAndDevelopmentExpenses": 26789000,
        "generalAndAdministrativeExpenses": 0,
        "sellingAndMarketingExpenses": 0,
        "sellingGeneralAndAdministrativeExpenses": 106892000,
        "otherExpenses": 0,
        "operatingExpenses": 133681000,
        "costAndExpenses": 758025000,
        "interestIncome": 0,
        "interestExpense": 130000,
        "depreciationAndAmortization": 5989000,
        "ebitda": 42798000,
        "ebitdaratio": 0.0538654007,
        "operatingIncome": 36511000,
        "operatingIncomeRatio": 0.0459526063,
        "totalOtherIncomeExpensesNet": 168000,
        "incomeBeforeTax": 36679000,
        "incomeBeforeTaxRatio": 0.0461640505,
        "incomeTaxExpense": -45726000,
        "netIncome": 36678000,
        "netIncomeRatio": 0.0461627919,
        "eps": 0.8486,
        "epsdiluted": 0.8426,
        "weightedAverageShsOut": 43009000,
        "weightedAverageShsOutDil": 43314000,
        "link": "https://www.sec.gov/Archives/edgar/data/886158/000088615821000040/0000886158-21-000040-index.htm",
        "finalLink": "https://www.sec.gov/Archives/edgar/data/886158/000088615821000040/bbby-20210828.htm"
    },
    {
        "date": "2021-05-29",
        "symbol": "BBBY",
        "reportedCurrency": "USD",
        "cik": "0000886158",
        "fillingDate": "2021-06-30",
        "acceptedDate": "2021-06-30 16:17:49",
        "calendarYear": "2021",
        "period": "Q1",
        "revenue": 659861000,
        "costOfRevenue": 511306000,
        "grossProfit": 148555000,
        "grossProfitRatio": 0.2251307472,
        "researchAndDevelopmentExpenses": 26648000,
        "generalAndAdministrativeExpenses": 0,
        "sellingAndMarketingExpenses": 0,
        "sellingGeneralAndAdministrativeExpenses": 95315000,
        "otherExpenses": 0,
        "operatingExpenses": 121963000,
        "costAndExpenses": 633269000,
        "interestIncome": 0,
        "interestExpense": 155000,
        "depreciationAndAmortization": 6443000,
        "ebitda": 32809000,
        "ebitdaratio": 0.0497210776,
        "operatingIncome": 26592000,
        "operatingIncomeRatio": 0.0402993964,
        "totalOtherIncomeExpensesNet": -381000,
        "incomeBeforeTax": 26211000,
        "incomeBeforeTaxRatio": 0.0397220021,
        "incomeTaxExpense": 193000,
        "netIncome": 14564000,
        "netIncomeRatio": 0.022071315,
        "eps": 0.3354,
        "epsdiluted": 0.332,
        "weightedAverageShsOut": 42885000,
        "weightedAverageShsOutDil": 43320000,
        "link": "https://www.sec.gov/Archives/edgar/data/886158/000088615821000030/0000886158-21-000030-index.htm",
        "finalLink": "https://www.sec.gov/Archives/edgar/data/886158/000088615821000030/bbby-20210529.htm"
    },
    {
        "date": "2021-02-27",
        "symbol": "BBBY",
        "reportedCurrency": "USD",
        "cik": "0000886158",
        "fillingDate": "2021-04-22",
        "acceptedDate": "2021-04-22 13:53:25",
        "calendarYear": "2020",
        "period": "Q4",
        "revenue": 669666000,
        "costOfRevenue": 524452000,
        "grossProfit": 145214000,
        "grossProfitRatio": 0.2168454125,
        "researchAndDevelopmentExpenses": 25249000,
        "generalAndAdministrativeExpenses": 0,
        "sellingAndMarketingExpenses": 0,
        "sellingGeneralAndAdministrativeExpenses": 97604000,
        "otherExpenses": 0,
        "operatingExpenses": 122853000,
        "costAndExpenses": 647305000,
        "interestIncome": 0,
        "interestExpense": 199000,
        "depreciationAndAmortization": 6655000,
        "ebitda": 29407000,
        "ebitdaratio": 0.0439129357,
        "operatingIncome": 22361000,
        "operatingIncomeRatio": 0.0333912727,
        "totalOtherIncomeExpensesNet": 396000,
        "incomeBeforeTax": 22757000,
        "incomeBeforeTaxRatio": 0.0339826122,
        "incomeTaxExpense": -393000,
        "netIncome": 11306000,
        "netIncomeRatio": 0.0168830432,
        "eps": 0.2561,
        "epsdiluted": 0.2528,
        "weightedAverageShsOut": 42765000,
        "weightedAverageShsOutDil": 43326000,
        "link": "https://www.sec.gov/Archives/edgar/data/886158/000088615821000015/0000886158-21-000015-index.htm",
        "finalLink": "https://www.sec.gov/Archives/edgar/data/886158/000088615821000015/bbby-20210227.htm"
    },
    {
        "date": "2020-11-28",
        "symbol": "BBBY",
        "reportedCurrency": "USD",
        "cik": "0000886158",
        "fillingDate": "2021-01-07",
        "acceptedDate": "2021-01-07 09:17:41",
        "calendarYear": "2020",
        "period": "Q3",
        "revenue": 717695000,
        "costOfRevenue": 554110000,
        "grossProfit": 163585000,
        "grossProfitRatio": 0.2279310849,
        "researchAndDevelopmentExpenses": 26284000,
        "generalAndAdministrativeExpenses": 0,
        "sellingAndMarketingExpenses": 0,
        "sellingGeneralAndAdministrativeExpenses": 98439000,
        "otherExpenses": 0,
        "operatingExpenses": 124723000,
        "costAndExpenses": 678833000,
        "interestIncome": 0,
        "interestExpense": 264000,
        "depreciationAndAmortization": 6436000,
        "ebitda": 44544000,
        "ebitdaratio": 0.062065362,
        "operatingIncome": 38862000,
        "operatingIncomeRatio": 0.0541483499,
        "totalOtherIncomeExpensesNet": -205000,
        "incomeBeforeTax": 38657000,
        "incomeBeforeTaxRatio": 0.0538627133,
        "incomeTaxExpense": 753000,
        "netIncome": 21098000,
        "netIncomeRatio": 0.0293968887,
        "eps": 0.5029,
        "epsdiluted": 0.4957,
        "weightedAverageShsOut": 41595000,
        "weightedAverageShsOutDil": 42202000,
        "link": "https://www.sec.gov/Archives/edgar/data/886158/000088615821000006/0000886158-21-000006-index.htm",
        "finalLink": "https://www.sec.gov/Archives/edgar/data/886158/000088615821000006/bbby-20201128.htm"
    },
    {
        "date": "2020-08-29",
        "symbol": "BBBY",
        "reportedCurrency": "USD",
        "cik": "0000886158",
        "fillingDate": "2020-10-01",
        "acceptedDate": "2020-10-01 09:05:13",
        "calendarYear": "2020",
        "period": "Q2",
        "revenue": 766956000,
        "costOfRevenue": 594247000,
        "grossProfit": 172709000,
        "grossProfitRatio": 0.2251876248,
        "researchAndDevelopmentExpenses": 25467000,
        "generalAndAdministrativeExpenses": 0,
        "sellingAndMarketingExpenses": 0,
        "sellingGeneralAndAdministrativeExpenses": 98445000,
        "otherExpenses": 0,
        "operatingExpenses": 123912000,
        "costAndExpenses": 718159000,
        "interestIncome": 0,
        "interestExpense": 364000,
        "depreciationAndAmortization": 6382000,
        "ebitda": 55425000,
        "ebitdaratio": 0.0722662056,
        "operatingIncome": 48797000,
        "operatingIncomeRatio": 0.0636242496,
        "totalOtherIncomeExpensesNet": -118000,
        "incomeBeforeTax": 48679000,
        "incomeBeforeTaxRatio": 0.0634703947,
        "incomeTaxExpense": 840000,
        "netIncome": 34317000,
        "netIncomeRatio": 0.0447444182,
        "eps": 0.8465,
        "epsdiluted": 0.841,
        "weightedAverageShsOut": 40329000,
        "weightedAverageShsOutDil": 40590000,
        "link": "https://www.sec.gov/Archives/edgar/data/886158/000088615820000026/0000886158-20-000026-index.htm",
        "finalLink": "https://www.sec.gov/Archives/edgar/data/886158/000088615820000026/bbby10q-2020q2.htm"
    },
    {
        "date": "2020-05-30",
        "symbol": "BBBY",
        "reportedCurrency": "USD",
        "cik": "0000886158",
        "fillingDate": "2020-07-08",
        "acceptedDate": "2020-07-08 16:57:48",
        "calendarYear": "2020",
        "period": "Q1",
        "revenue": 339598000,
        "costOfRevenue": 270737000,
        "grossProfit": 68861000,
        "grossProfitRatio": 0.2027721011,
        "researchAndDevelopmentExpenses": 23540000,
        "generalAndAdministrativeExpenses": 0,
        "sellingAndMarketingExpenses": 0,
        "sellingGeneralAndAdministrativeExpenses": 58626000,
        "otherExpenses": 0,
        "operatingExpenses": 82166000,
        "costAndExpenses": 352903000,
        "interestIncome": 0,
        "interestExpense": 11000,
        "depreciationAndAmortization": 6966000,
        "ebitda": 2571000,
        "ebitdaratio": 0.007570716,
        "operatingIncome": -13305000,
        "operatingIncomeRatio": -0.039178676,
        "totalOtherIncomeExpensesNet": -298000,
        "incomeBeforeTax": -13603000,
        "incomeBeforeTaxRatio": -0.0400561841,
        "incomeTaxExpense": 163000,
        "netIncome": -16139000,
        "netIncomeRatio": -0.047523837,
        "eps": -0.4024,
        "epsdiluted": -0.4024,
        "weightedAverageShsOut": 40158000,
        "weightedAverageShsOutDil": 40158000,
        "link": "https://www.sec.gov/Archives/edgar/data/886158/000088615820000018/0000886158-20-000018-index.htm",
        "finalLink": "https://www.sec.gov/Archives/edgar/data/886158/000088615820000018/bbby10q-2020q1.htm"
    },
    {
        "date": "2020-02-29",
        "symbol": "BBBY",
        "reportedCurrency": "USD",
        "cik": "0000886158",
        "fillingDate": "2020-04-29",
        "acceptedDate": "2020-04-29 17:01:34",
        "calendarYear": "2019",
        "period": "Q4",
        "revenue": 370881000,
        "costOfRevenue": 302186000,
        "grossProfit": 68695000,
        "grossProfitRatio": 0.1852211356,
        "researchAndDevelopmentExpenses": 27242000,
        "generalAndAdministrativeExpenses": 0,
        "sellingAndMarketingExpenses": 0,
        "sellingGeneralAndAdministrativeExpenses": 73298000,
        "otherExpenses": 0,
        "operatingExpenses": 100540000,
        "costAndExpenses": 402726000,
        "interestIncome": 315000,
        "interestExpense": 53000,
        "depreciationAndAmortization": 11171000,
        "ebitda": -18530000,
        "ebitdaratio": -0.0499621172,
        "operatingIncome": -31845000,
        "operatingIncomeRatio": -0.0858631205,
        "totalOtherIncomeExpensesNet": 2091000,
        "incomeBeforeTax": -29754000,
        "incomeBeforeTaxRatio": -0.0802251935,
        "incomeTaxExpense": -94000,
        "netIncome": -26632000,
        "netIncomeRatio": -0.0718073991,
        "eps": -0.7287,
        "epsdiluted": -0.7287,
        "weightedAverageShsOut": 36573000,
        "weightedAverageShsOutDil": 36573000,
        "link": "https://www.sec.gov/Archives/edgar/data/886158/000088615820000008/0000886158-20-000008-index.htm",
        "finalLink": "https://www.sec.gov/Archives/edgar/data/886158/000088615820000008/bbby201910k.htm"
    },
    {
        "date": "2019-11-30",
        "symbol": "BBBY",
        "reportedCurrency": "USD",
        "cik": "0000886158",
        "fillingDate": "2020-01-09",
        "acceptedDate": "2020-01-09 15:52:21",
        "calendarYear": "2019",
        "period": "Q3",
        "revenue": 347099000,
        "costOfRevenue": 284899000,
        "grossProfit": 62200000,
        "grossProfitRatio": 0.1791995944,
        "researchAndDevelopmentExpenses": 26844000,
        "generalAndAdministrativeExpenses": 0,
        "sellingAndMarketingExpenses": 0,
        "sellingGeneralAndAdministrativeExpenses": 64263000,
        "otherExpenses": 0,
        "operatingExpenses": 91107000,
        "costAndExpenses": 376006000,
        "interestIncome": 449000,
        "interestExpense": 57000,
        "depreciationAndAmortization": 9466000,
        "ebitda": -24996000,
        "ebitdaratio": -0.0720140363,
        "operatingIncome": -28907000,
        "operatingIncomeRatio": -0.083281715,
        "totalOtherIncomeExpensesNet": -5612000,
        "incomeBeforeTax": -34519000,
        "incomeBeforeTaxRatio": -0.0994500128,
        "incomeTaxExpense": 23000,
        "netIncome": -30510000,
        "netIncomeRatio": -0.0878999939,
        "eps": -0.8895,
        "epsdiluted": -0.8895,
        "weightedAverageShsOut": 35241000,
        "weightedAverageShsOutDil": 35241000,
        "link": "https://www.sec.gov/Archives/edgar/data/886158/000088615820000004/0000886158-20-000004-index.htm",
        "finalLink": "https://www.sec.gov/Archives/edgar/data/886158/000088615820000004/bbby10q-2019q3.htm"
    },
    {
        "date": "2019-08-31",
        "symbol": "BBBY",
        "reportedCurrency": "USD",
        "cik": "0000886158",
        "fillingDate": "2019-10-09",
        "acceptedDate": "2019-10-09 15:45:28",
        "calendarYear": "2019",
        "period": "Q2",
        "revenue": 373709000,
        "costOfRevenue": 307103000,
        "grossProfit": 66605999,
        "grossProfitRatio": 0.1782295824,
        "researchAndDevelopmentExpenses": 27323000,
        "generalAndAdministrativeExpenses": 0,
        "sellingAndMarketingExpenses": 0,
        "sellingGeneralAndAdministrativeExpenses": 65185000,
        "otherExpenses": 0,
        "operatingExpenses": 92508000,
        "costAndExpenses": 399611000,
        "interestIncome": 630000,
        "interestExpense": 105000,
        "depreciationAndAmortization": 8789000,
        "ebitda": -19354000,
        "ebitdaratio": -0.0517889588,
        "operatingIncome": -25902000,
        "operatingIncomeRatio": -0.0693106133,
        "totalOtherIncomeExpensesNet": -2346000,
        "incomeBeforeTax": -28248000,
        "incomeBeforeTaxRatio": -0.0755882251,
        "incomeTaxExpense": -622000,
        "netIncome": -24348000,
        "netIncomeRatio": -0.0651522976,
        "eps": -0.6918,
        "epsdiluted": -0.6918,
        "weightedAverageShsOut": 35225000,
        "weightedAverageShsOutDil": 35225000,
        "link": "https://www.sec.gov/Archives/edgar/data/886158/000088615819000024/0000886158-19-000024-index.htm",
        "finalLink": "https://www.sec.gov/Archives/edgar/data/886158/000088615819000024/bbby10q-2019q2.htm"
    },
    {
        "date": "2019-06-01",
        "symbol": "BBBY",
        "reportedCurrency": "USD",
        "cik": "0000886158",
        "fillingDate": "2019-07-11",
        "acceptedDate": "2019-07-10 18:25:35",
        "calendarYear": "2019",
        "period": "Q1",
        "revenue": 367729000,
        "costOfRevenue": 301044000,
        "grossProfit": 66685000,
        "grossProfitRatio": 0.1813427823,
        "researchAndDevelopmentExpenses": 29405000,
        "generalAndAdministrativeExpenses": 0,
        "sellingAndMarketingExpenses": 0,
        "sellingGeneralAndAdministrativeExpenses": 74226000,
        "otherExpenses": 0,
        "operatingExpenses": 103631000,
        "costAndExpenses": 404675000,
        "interestIncome": 403000,
        "interestExpense": 127000,
        "depreciationAndAmortization": 9723000,
        "ebitda": -32164000,
        "ebitdaratio": -0.0874665854,
        "operatingIncome": -36946000,
        "operatingIncomeRatio": -0.1004707271,
        "totalOtherIncomeExpensesNet": -5068000,
        "incomeBeforeTax": -42014000,
        "incomeBeforeTaxRatio": -0.1142526154,
        "incomeTaxExpense": 878000,
        "netIncome": -38675000,
        "netIncomeRatio": -0.1051725591,
        "eps": -1.1822,
        "epsdiluted": -1.1822,
        "weightedAverageShsOut": 32369999,
        "weightedAverageShsOutDil": 32369999,
        "link": "https://www.sec.gov/Archives/edgar/data/886158/000088615819000020/0000886158-19-000020-index.htm",
        "finalLink": "https://www.sec.gov/Archives/edgar/data/886158/000088615819000020/bbby10q-2019q1.htm"
    },
    {
        "date": "2019-03-02",
        "symbol": "BBBY",
        "reportedCurrency": "USD",
        "cik": "0000886158",
        "fillingDate": "2019-04-30",
        "acceptedDate": "2019-04-30 16:58:16",
        "calendarYear": "2018",
        "period": "Q4",
        "revenue": 452548000,
        "costOfRevenue": 379530000,
        "grossProfit": 73018000,
        "grossProfitRatio": 0.1613486304,
        "researchAndDevelopmentExpenses": 27876000,
        "generalAndAdministrativeExpenses": 0,
        "sellingAndMarketingExpenses": 0,
        "sellingGeneralAndAdministrativeExpenses": 92685000,
        "otherExpenses": 0,
        "operatingExpenses": 120561000,
        "costAndExpenses": 500091000,
        "interestIncome": 661000,
        "interestExpense": 98000,
        "depreciationAndAmortization": 8664000,
        "ebitda": -41118000,
        "ebitdaratio": -0.0908588702,
        "operatingIncome": -47543000,
        "operatingIncomeRatio": -0.1050562592,
        "totalOtherIncomeExpensesNet": -2337000,
        "incomeBeforeTax": -49880000,
        "incomeBeforeTaxRatio": -0.1102203523,
        "incomeTaxExpense": -1939000,
        "netIncome": -39869000,
        "netIncomeRatio": -0.088098942,
        "eps": -1.2416,
        "epsdiluted": -1.2416,
        "weightedAverageShsOut": 32112000,
        "weightedAverageShsOutDil": 32112000,
        "link": "https://www.sec.gov/Archives/edgar/data/886158/000088615819000012/0000886158-19-000012-index.htm",
        "finalLink": "https://www.sec.gov/Archives/edgar/data/886158/000088615819000012/bbby201910k.htm"
    },
    {
        "date": "2018-12-01",
        "symbol": "BBBY",
        "reportedCurrency": "USD",
        "cik": "0000886158",
        "fillingDate": "2019-01-09",
        "acceptedDate": "2019-01-09 17:01:03",
        "calendarYear": "2018",
        "period": "Q3",
        "revenue": 440580000,
        "costOfRevenue": 361778000,
        "grossProfit": 78802000,
        "grossProfitRatio": 0.178859685,
        "researchAndDevelopmentExpenses": 27665000,
        "generalAndAdministrativeExpenses": 0,
        "sellingAndMarketingExpenses": 0,
        "sellingGeneralAndAdministrativeExpenses": 98883000,
        "otherExpenses": 0,
        "operatingExpenses": 126548000,
        "costAndExpenses": 488326000,
        "interestIncome": 383000,
        "interestExpense": 101000,
        "depreciationAndAmortization": 7999000,
        "ebitda": -41298000,
        "ebitdaratio": -0.0937355304,
        "operatingIncome": -47746000,
        "operatingIncomeRatio": -0.108370784,
        "totalOtherIncomeExpensesNet": -1652000,
        "incomeBeforeTax": -49398000,
        "incomeBeforeTaxRatio": -0.1121203868,
        "incomeTaxExpense": -141000,
        "netIncome": -48978000,
        "netIncomeRatio": -0.1111670979,
        "eps": -1.5488,
        "epsdiluted": -1.5488,
        "weightedAverageShsOut": 30279000,
        "weightedAverageShsOutDil": 30279000,
        "link": "https://www.sec.gov/Archives/edgar/data/886158/000088615819000007/0000886158-19-000007-index.htm",
        "finalLink": "https://www.sec.gov/Archives/edgar/data/886158/000088615819000007/bbby10q-2018q3.htm"
    },
    {
        "date": "2018-09-01",
        "symbol": "BBBY",
        "reportedCurrency": "USD",
        "cik": "0000886158",
        "fillingDate": "2018-10-10",
        "acceptedDate": "2018-10-10 14:37:44",
        "calendarYear": "2018",
        "period": "Q2",
        "revenue": 483133000,
        "costOfRevenue": 398842000,
        "grossProfit": 84291000,
        "grossProfitRatio": 0.1744674862,
        "researchAndDevelopmentExpenses": 26232000,
        "generalAndAdministrativeExpenses": 0,
        "sellingAndMarketingExpenses": 0,
        "sellingGeneralAndAdministrativeExpenses": 130693000,
        "otherExpenses": 0,
        "operatingExpenses": 156925000,
        "costAndExpenses": 555767000,
        "interestIncome": 620000,
        "interestExpense": 395000,
        "depreciationAndAmortization": 7535000,
        "ebitda": -58013000,
        "ebitdaratio": -0.1200766663,
        "operatingIncome": -72634000,
        "operatingIncomeRatio": -0.1503395545,
        "totalOtherIncomeExpensesNet": 6691000,
        "incomeBeforeTax": -65943000,
        "incomeBeforeTaxRatio": -0.136490366,
        "incomeTaxExpense": -27000,
        "netIncome": -66406000,
        "netIncomeRatio": -0.1374486943,
        "eps": -2.195,
        "epsdiluted": -2.195,
        "weightedAverageShsOut": 28903000,
        "weightedAverageShsOutDil": 28903000,
        "link": "https://www.sec.gov/Archives/edgar/data/886158/000088615818000018/0000886158-18-000018-index.htm",
        "finalLink": "https://www.sec.gov/Archives/edgar/data/886158/000088615818000018/bbby10q-2018q2.htm"
    },
    {
        "date": "2018-06-02",
        "symbol": "BBBY",
        "reportedCurrency": "USD",
        "cik": "0000886158",
        "fillingDate": "2018-07-06",
        "acceptedDate": "2018-07-06 13:01:40",
        "calendarYear": "2018",
        "period": "Q1",
        "revenue": 445331000,
        "costOfRevenue": 358878000,
        "grossProfit": 86453000,
        "grossProfitRatio": 0.1941320052,
        "researchAndDevelopmentExpenses": 25061000,
        "generalAndAdministrativeExpenses": 0,
        "sellingAndMarketingExpenses": 0,
        "sellingGeneralAndAdministrativeExpenses": 108522000,
        "otherExpenses": 0,
        "operatingExpenses": 133583000,
        "costAndExpenses": 492461000,
        "interestIncome": 544000,
        "interestExpense": 874000,
        "depreciationAndAmortization": 7499000,
        "ebitda": -46360000,
        "ebitdaratio": -0.1041023419,
        "operatingIncome": -47130000,
        "operatingIncomeRatio": -0.1058313928,
        "totalOtherIncomeExpensesNet": -7603000,
        "incomeBeforeTax": -54733000,
        "incomeBeforeTaxRatio": -0.1229040871,
        "incomeTaxExpense": -277000,
        "netIncome": -52095000,
        "netIncomeRatio": -0.1169804033,
        "eps": -1.7416,
        "epsdiluted": -1.7416,
        "weightedAverageShsOut": 28566000,
        "weightedAverageShsOutDil": 28566000,
        "link": "https://www.sec.gov/Archives/edgar/data/886158/000088615818000008/0000886158-18-000008-index.htm",
        "finalLink": "https://www.sec.gov/Archives/edgar/data/886158/000088615818000008/bbby10q-2018q1.htm"
    },
    {
        "date": "2018-03-03",
        "symbol": "BBBY",
        "reportedCurrency": "USD",
        "cik": "0000886158",
        "fillingDate": "2018-05-02",
        "acceptedDate": "2018-05-02 16:25:23",
        "calendarYear": "2017",
        "period": "Q4",
        "revenue": 456290000,
        "costOfRevenue": 378528000,
        "grossProfit": 77762000,
        "grossProfitRatio": 0.1704223191,
        "researchAndDevelopmentExpenses": 23189000,
        "generalAndAdministrativeExpenses": 0,
        "sellingAndMarketingExpenses": 0,
        "sellingGeneralAndAdministrativeExpenses": 77288000,
        "otherExpenses": 0,
        "operatingExpenses": 100477000,
        "costAndExpenses": 479005000,
        "interestIncome": 209000,
        "interestExpense": 798000,
        "depreciationAndAmortization": 8113000,
        "ebitda": -15966000,
        "ebitdaratio": -0.0349909049,
        "operatingIncome": -22715000,
        "operatingIncomeRatio": -0.0497819369,
        "totalOtherIncomeExpensesNet": -2162000,
        "incomeBeforeTax": -24877000,
        "incomeBeforeTaxRatio": -0.0545201517,
        "incomeTaxExpense": 71915000,
        "netIncome": -98264000,
        "netIncomeRatio": -0.2153542703,
        "eps": -3.7148,
        "epsdiluted": -3.7148,
        "weightedAverageShsOut": 25103000,
        "weightedAverageShsOutDil": 25103000,
        "link": "https://www.sec.gov/Archives/edgar/data/886158/000117184318003340/0001171843-18-003340-index.htm",
        "finalLink": "https://www.sec.gov/Archives/edgar/data/886158/000117184318003340/f10k_050218p.htm"
    },
    {
        "date": "2017-11-25",
        "symbol": "BBBY",
        "reportedCurrency": "USD",
        "cik": "0000886158",
        "fillingDate": "2017-12-28",
        "acceptedDate": "2017-12-28 15:36:45",
        "calendarYear": "2017",
        "period": "Q3",
        "revenue": 424007000,
        "costOfRevenue": 348194000,
        "grossProfit": 75813000,
        "grossProfitRatio": 0.1788012934,
        "researchAndDevelopmentExpenses": 21901000,
        "generalAndAdministrativeExpenses": 0,
        "sellingAndMarketingExpenses": 0,
        "sellingGeneralAndAdministrativeExpenses": 65787000,
        "otherExpenses": 0,
        "operatingExpenses": 87688000,
        "costAndExpenses": 435882000,
        "interestIncome": 189000,
        "interestExpense": 717000,
        "depreciationAndAmortization": 7934000,
        "ebitda": 2134000,
        "ebitdaratio": 0.0050329358,
        "operatingIncome": -11875000,
        "operatingIncomeRatio": -0.0280066131,
        "totalOtherIncomeExpensesNet": 5358000,
        "incomeBeforeTax": -6517000,
        "incomeBeforeTaxRatio": -0.0153700293,
        "incomeTaxExpense": -5412000,
        "netIncome": -808000,
        "netIncomeRatio": -0.0019056289,
        "eps": -0.0316,
        "epsdiluted": -0.0316,
        "weightedAverageShsOut": 25003000,
        "weightedAverageShsOutDil": 25003000,
        "link": "https://www.sec.gov/Archives/edgar/data/886158/000117184317007870/0001171843-17-007870-index.htm",
        "finalLink": "https://www.sec.gov/Archives/edgar/data/886158/000117184317007870/f10q_122217p.htm"
    },
    {
        "date": "2017-08-26",
        "symbol": "BBBY",
        "reportedCurrency": "USD",
        "cik": "0000886158",
        "fillingDate": "2017-10-02",
        "acceptedDate": "2017-10-02 17:20:08",
        "calendarYear": "2017",
        "period": "Q2",
        "revenue": 2936357000,
        "costOfRevenue": 1867798000,
        "grossProfit": 1068559000,
        "grossProfitRatio": 0.3639063642,
        "researchAndDevelopmentExpenses": 0,
        "generalAndAdministrativeExpenses": 0,
        "sellingAndMarketingExpenses": 0,
        "sellingGeneralAndAdministrativeExpenses": 899712000,
        "otherExpenses": 0,
        "operatingExpenses": 899712000,
        "costAndExpenses": 2767510000,
        "interestIncome": 0,
        "interestExpense": 19166000,
        "depreciationAndAmortization": 73585000,
        "ebitda": 242432000,
        "ebitdaratio": 0.082562168,
        "operatingIncome": 168847000,
        "operatingIncomeRatio": 0.0575022043,
        "totalOtherIncomeExpensesNet": -19166000,
        "incomeBeforeTax": 149681000,
        "incomeBeforeTaxRatio": 0.0509750688,
        "incomeTaxExpense": 55451000,
        "netIncome": 94230000,
        "netIncomeRatio": 0.0320907846,
        "eps": 0.67,
        "epsdiluted": 0.67,
        "weightedAverageShsOut": 139868000,
        "weightedAverageShsOutDil": 140211000,
        "link": "https://www.sec.gov/Archives/edgar/data/886158/000117184317005862/0001171843-17-005862-index.htm",
        "finalLink": "https://www.sec.gov/Archives/edgar/data/886158/000117184317005862/f10q_092817p.htm"
    },
    {
        "date": "2017-05-27",
        "symbol": "BBBY",
        "reportedCurrency": "USD",
        "cik": "0000886158",
        "fillingDate": "2017-06-30",
        "acceptedDate": "2017-06-30 12:53:53",
        "calendarYear": "2017",
        "period": "Q1",
        "revenue": 2742141000,
        "costOfRevenue": 1742026000,
        "grossProfit": 1000115000,
        "grossProfitRatio": 0.3647204867,
        "researchAndDevelopmentExpenses": 0,
        "generalAndAdministrativeExpenses": 0,
        "sellingAndMarketingExpenses": 0,
        "sellingGeneralAndAdministrativeExpenses": 853104000,
        "otherExpenses": 0,
        "operatingExpenses": 853104000,
        "costAndExpenses": 2595130000,
        "interestIncome": 0,
        "interestExpense": 16579999,
        "depreciationAndAmortization": 74912000,
        "ebitda": 221923000,
        "ebitdaratio": 0.0809305575,
        "operatingIncome": 147011000,
        "operatingIncomeRatio": 0.0536117581,
        "totalOtherIncomeExpensesNet": -16579999,
        "incomeBeforeTax": 130431000,
        "incomeBeforeTaxRatio": 0.0475653878,
        "incomeTaxExpense": 55148000,
        "netIncome": 75283000,
        "netIncomeRatio": 0.0274540952,
        "eps": 0.53,
        "epsdiluted": 0.53,
        "weightedAverageShsOut": 141331000,
        "weightedAverageShsOutDil": 142141000,
        "link": "https://www.sec.gov/Archives/edgar/data/886158/000117184317003900/0001171843-17-003900-index.htm",
        "finalLink": "https://www.sec.gov/Archives/edgar/data/886158/000117184317003900/f10q_063017p.htm"
    },
    {
        "date": "2017-02-25",
        "symbol": "BBBY",
        "reportedCurrency": "USD",
        "cik": "0000886158",
        "fillingDate": "2017-04-25",
        "acceptedDate": "2017-04-25 16:08:39",
        "calendarYear": "2016",
        "period": "Q4",
        "revenue": 3533954000,
        "costOfRevenue": 2190863000,
        "grossProfit": 1343091000,
        "grossProfitRatio": 0.380053334,
        "researchAndDevelopmentExpenses": 0,
        "generalAndAdministrativeExpenses": 0,
        "sellingAndMarketingExpenses": 0,
        "sellingGeneralAndAdministrativeExpenses": 913163000,
        "otherExpenses": 0,
        "operatingExpenses": 913163000,
        "costAndExpenses": 3104026000,
        "interestIncome": 0,
        "interestExpense": 16787000,
        "depreciationAndAmortization": 75750000,
        "ebitda": 505678000,
        "ebitdaratio": 0.1430912796,
        "operatingIncome": 429928000,
        "operatingIncomeRatio": 0.1216563656,
        "totalOtherIncomeExpensesNet": -16787000,
        "incomeBeforeTax": 413141000,
        "incomeBeforeTaxRatio": 0.1169061623,
        "incomeTaxExpense": 144411000,
        "netIncome": 268730000,
        "netIncomeRatio": 0.0760423028,
        "eps": 1.86,
        "epsdiluted": 1.84,
        "weightedAverageShsOut": 144835000,
        "weightedAverageShsOutDil": 145981000,
        "link": "https://www.sec.gov/Archives/edgar/data/886158/000117184317002300/0001171843-17-002300-index.htm",
        "finalLink": "https://www.sec.gov/Archives/edgar/data/886158/000117184317002300/f10k_042517p.htm"
    },
    {
        "date": "2016-11-26",
        "symbol": "BBBY",
        "reportedCurrency": "USD",
        "cik": "0000886158",
        "fillingDate": "2017-01-04",
        "acceptedDate": "2017-01-04 14:58:08",
        "calendarYear": "2016",
        "period": "Q3",
        "revenue": 2955484000,
        "costOfRevenue": 1862710000,
        "grossProfit": 1092774000,
        "grossProfitRatio": 0.3697445156,
        "researchAndDevelopmentExpenses": 0,
        "generalAndAdministrativeExpenses": 0,
        "sellingAndMarketingExpenses": 0,
        "sellingGeneralAndAdministrativeExpenses": 881491000,
        "otherExpenses": 0,
        "operatingExpenses": 881491000,
        "costAndExpenses": 2744201000,
        "interestIncome": 0,
        "interestExpense": 18254000,
        "depreciationAndAmortization": 73871000,
        "ebitda": 285154000,
        "ebitdaratio": 0.0964830126,
        "operatingIncome": 211283000,
        "operatingIncomeRatio": 0.0714884601,
        "totalOtherIncomeExpensesNet": -18254000,
        "incomeBeforeTax": 193029000,
        "incomeBeforeTaxRatio": 0.0653121452,
        "incomeTaxExpense": 66605000,
        "netIncome": 126424000,
        "netIncomeRatio": 0.0427760732,
        "eps": 0.86,
        "epsdiluted": 0.85,
        "weightedAverageShsOut": 147643000,
        "weightedAverageShsOutDil": 148583000,
        "link": "https://www.sec.gov/Archives/edgar/data/886158/000117184317000054/0001171843-17-000054-index.htm",
        "finalLink": "https://www.sec.gov/Archives/edgar/data/886158/000117184317000054/f10q_010417p.htm"
    },
    {
        "date": "2016-08-27",
        "symbol": "BBBY",
        "reportedCurrency": "USD",
        "cik": "0000886158",
        "fillingDate": "2016-10-05",
        "acceptedDate": "2016-10-05 15:51:16",
        "calendarYear": "2016",
        "period": "Q2",
        "revenue": 2988235000,
        "costOfRevenue": 1871342000,
        "grossProfit": 1116893000,
        "grossProfitRatio": 0.3737634423,
        "researchAndDevelopmentExpenses": 0,
        "generalAndAdministrativeExpenses": 0,
        "sellingAndMarketingExpenses": 0,
        "sellingGeneralAndAdministrativeExpenses": 835920000,
        "otherExpenses": 0,
        "operatingExpenses": 835920000,
        "costAndExpenses": 2707262000,
        "interestIncome": 0,
        "interestExpense": 18199000,
        "depreciationAndAmortization": 70848000,
        "ebitda": 351821000,
        "ebitdaratio": 0.1177353856,
        "operatingIncome": 280973000,
        "operatingIncomeRatio": 0.0940264069,
        "totalOtherIncomeExpensesNet": -18199000,
        "incomeBeforeTax": 262774000,
        "incomeBeforeTaxRatio": 0.0879361898,
        "incomeTaxExpense": 95439000,
        "netIncome": 167335000,
        "netIncomeRatio": 0.0559979386,
        "eps": 1.12,
        "epsdiluted": 1.11,
        "weightedAverageShsOut": 149725000,
        "weightedAverageShsOutDil": 150515000,
        "link": "https://www.sec.gov/Archives/edgar/data/886158/000117184316012382/0001171843-16-012382-index.htm",
        "finalLink": "https://www.sec.gov/Archives/edgar/data/886158/000117184316012382/f10q_100516p.htm"
    },
    {
        "date": "2016-05-28",
        "symbol": "BBBY",
        "reportedCurrency": "USD",
        "cik": "0000886158",
        "fillingDate": "2016-07-06",
        "acceptedDate": "2016-07-06 16:01:05",
        "calendarYear": "2016",
        "period": "Q1",
        "revenue": 2738084000,
        "costOfRevenue": 1714492000,
        "grossProfit": 1023592000,
        "grossProfitRatio": 0.3738351343,
        "researchAndDevelopmentExpenses": 0,
        "generalAndAdministrativeExpenses": 0,
        "sellingAndMarketingExpenses": 0,
        "sellingGeneralAndAdministrativeExpenses": 810566000,
        "otherExpenses": 0,
        "operatingExpenses": 810566000,
        "costAndExpenses": 2525058000,
        "interestIncome": 0,
        "interestExpense": 16315000,
        "depreciationAndAmortization": 70445000,
        "ebitda": 283471000,
        "ebitdaratio": 0.103528964,
        "operatingIncome": 213026000,
        "operatingIncomeRatio": 0.0778011193,
        "totalOtherIncomeExpensesNet": -16315000,
        "incomeBeforeTax": 196711000,
        "incomeBeforeTaxRatio": 0.0718425731,
        "incomeTaxExpense": 74092000,
        "netIncome": 122619000,
        "netIncomeRatio": 0.0447827751,
        "eps": 0.81,
        "epsdiluted": 0.8,
        "weightedAverageShsOut": 152157000,
        "weightedAverageShsOutDil": 153752000,
        "link": "https://www.sec.gov/Archives/edgar/data/886158/000117184316010973/0001171843-16-010973-index.htm",
        "finalLink": "https://www.sec.gov/Archives/edgar/data/886158/000117184316010973/f10q_070616p.htm"
    },
    {
        "date": "2016-02-27",
        "symbol": "BBBY",
        "reportedCurrency": "USD",
        "cik": "0000886158",
        "fillingDate": "2016-04-26",
        "acceptedDate": "2016-04-26 16:17:17",
        "calendarYear": "2015",
        "period": "Q4",
        "revenue": 3417892000,
        "costOfRevenue": 2097976000,
        "grossProfit": 1319916000,
        "grossProfitRatio": 0.3861783813,
        "researchAndDevelopmentExpenses": 0,
        "generalAndAdministrativeExpenses": 0,
        "sellingAndMarketingExpenses": 0,
        "sellingGeneralAndAdministrativeExpenses": 821334000,
        "otherExpenses": 0,
        "operatingExpenses": 821334000,
        "costAndExpenses": 2919310000,
        "interestIncome": 0,
        "interestExpense": 24452000,
        "depreciationAndAmortization": 80314000,
        "ebitda": 304949000,
        "ebitdaratio": 0.089221368,
        "operatingIncome": 498582000,
        "operatingIncomeRatio": 0.1458741236,
        "totalOtherIncomeExpensesNet": -24452000,
        "incomeBeforeTax": 474130000,
        "incomeBeforeTaxRatio": 0.1387200064,
        "incomeTaxExpense": 170586000,
        "netIncome": 303544000,
        "netIncomeRatio": 0.0888102959,
        "eps": 1.93,
        "epsdiluted": 1.91,
        "weightedAverageShsOut": 157228000,
        "weightedAverageShsOutDil": 158717000,
        "link": "https://www.sec.gov/Archives/edgar/data/886158/000117184316009400/0001171843-16-009400-index.htm",
        "finalLink": "https://www.sec.gov/Archives/edgar/data/886158/000117184316009400/f10k_042616p.htm"
    },
    {
        "date": "2015-11-28",
        "symbol": "BBBY",
        "reportedCurrency": "USD",
        "cik": "0000886158",
        "fillingDate": "2016-01-07",
        "acceptedDate": "2016-01-07 16:49:46",
        "calendarYear": "2015",
        "period": "Q3",
        "revenue": 2952031000,
        "costOfRevenue": 1836720000,
        "grossProfit": 1115311000,
        "grossProfitRatio": 0.3778114119,
        "researchAndDevelopmentExpenses": 0,
        "generalAndAdministrativeExpenses": 0,
        "sellingAndMarketingExpenses": 0,
        "sellingGeneralAndAdministrativeExpenses": 822453000,
        "otherExpenses": 0,
        "operatingExpenses": 822453000,
        "costAndExpenses": 2659173000,
        "interestIncome": 0,
        "interestExpense": 18052000,
        "depreciationAndAmortization": 66520000,
        "ebitda": 359378000,
        "ebitdaratio": 0.1217392365,
        "operatingIncome": 292858000,
        "operatingIncomeRatio": 0.0992055978,
        "totalOtherIncomeExpensesNet": -18052000,
        "incomeBeforeTax": 274806000,
        "incomeBeforeTaxRatio": 0.0930904858,
        "incomeTaxExpense": 96990000,
        "netIncome": 177816000,
        "netIncomeRatio": 0.0602351398,
        "eps": 1.1,
        "epsdiluted": 1.09,
        "weightedAverageShsOut": 162005000,
        "weightedAverageShsOutDil": 163582000,
        "link": "https://www.sec.gov/Archives/edgar/data/886158/000117184316007100/0001171843-16-007100-index.htm",
        "finalLink": "https://www.sec.gov/Archives/edgar/data/886158/000117184316007100/gff10q_010716p.htm"
    },
    {
        "date": "2015-08-29",
        "symbol": "BBBY",
        "reportedCurrency": "USD",
        "cik": "0000886158",
        "fillingDate": "2015-10-07",
        "acceptedDate": "2015-10-07 13:53:38",
        "calendarYear": "2015",
        "period": "Q2",
        "revenue": 2995469000,
        "costOfRevenue": 1854519000,
        "grossProfit": 1140950000,
        "grossProfitRatio": 0.3808919405,
        "researchAndDevelopmentExpenses": 0,
        "generalAndAdministrativeExpenses": 0,
        "sellingAndMarketingExpenses": 0,
        "sellingGeneralAndAdministrativeExpenses": 790756000,
        "otherExpenses": 0,
        "operatingExpenses": 790756000,
        "costAndExpenses": 2645275000,
        "interestIncome": 0,
        "interestExpense": 25053000,
        "depreciationAndAmortization": 64496000,
        "ebitda": 414690000,
        "ebitdaratio": 0.1384390892,
        "operatingIncome": 350194000,
        "operatingIncomeRatio": 0.1169079032,
        "totalOtherIncomeExpensesNet": -25053000,
        "incomeBeforeTax": 325141000,
        "incomeBeforeTaxRatio": 0.1085442714,
        "incomeTaxExpense": 123463000,
        "netIncome": 201678000,
        "netIncomeRatio": 0.0673276873,
        "eps": 1.22,
        "epsdiluted": 1.21,
        "weightedAverageShsOut": 165024000,
        "weightedAverageShsOutDil": 166633000,
        "link": "https://www.sec.gov/Archives/edgar/data/886158/000117184315005433/0001171843-15-005433-index.htm",
        "finalLink": "https://www.sec.gov/Archives/edgar/data/886158/000117184315005433/gff10q_100715.htm"
    },
    {
        "date": "2015-05-30",
        "symbol": "BBBY",
        "reportedCurrency": "USD",
        "cik": "0000886158",
        "fillingDate": "2015-07-08",
        "acceptedDate": "2015-07-08 11:01:43",
        "calendarYear": "2015",
        "period": "Q1",
        "revenue": 2738495000,
        "costOfRevenue": 1694362000,
        "grossProfit": 1044133000,
        "grossProfitRatio": 0.3812798636,
        "researchAndDevelopmentExpenses": 0,
        "generalAndAdministrativeExpenses": 0,
        "sellingAndMarketingExpenses": 0,
        "sellingGeneralAndAdministrativeExpenses": 770864000,
        "otherExpenses": 0,
        "operatingExpenses": 770864000,
        "costAndExpenses": 2465226000,
        "interestIncome": 0,
        "interestExpense": 19901000,
        "depreciationAndAmortization": 62617000,
        "ebitda": 335886000,
        "ebitdaratio": 0.1226535013,
        "operatingIncome": 273269000,
        "operatingIncomeRatio": 0.0997880223,
        "totalOtherIncomeExpensesNet": -19901000,
        "incomeBeforeTax": 253368000,
        "incomeBeforeTaxRatio": 0.0925208919,
        "incomeTaxExpense": 94917000,
        "netIncome": 158451000,
        "netIncomeRatio": 0.0578606132,
        "eps": 0.94,
        "epsdiluted": 0.93,
        "weightedAverageShsOut": 168772000,
        "weightedAverageShsOutDil": 171133000,
        "link": "https://www.sec.gov/Archives/edgar/data/886158/000117184315003732/0001171843-15-003732-index.htm",
        "finalLink": "https://www.sec.gov/Archives/edgar/data/886158/000117184315003732/f10q_070815.htm"
    },
    {
        "date": "2015-02-28",
        "symbol": "BBBY",
        "reportedCurrency": "USD",
        "cik": "0000886158",
        "fillingDate": "2015-04-28",
        "acceptedDate": "2015-04-28 16:35:45",
        "calendarYear": "2014",
        "period": "Q4",
        "revenue": 3336593000,
        "costOfRevenue": 2010718000,
        "grossProfit": 1325875000,
        "grossProfitRatio": 0.3973739081,
        "researchAndDevelopmentExpenses": 0,
        "generalAndAdministrativeExpenses": 0,
        "sellingAndMarketingExpenses": 0,
        "sellingGeneralAndAdministrativeExpenses": 793707000,
        "otherExpenses": 0,
        "operatingExpenses": 793707000,
        "costAndExpenses": 2804425000,
        "interestIncome": 0,
        "interestExpense": 19267000,
        "depreciationAndAmortization": 60451000,
        "ebitda": 353426000,
        "ebitdaratio": 0.1059242167,
        "operatingIncome": 532168000,
        "operatingIncomeRatio": 0.1594944304,
        "totalOtherIncomeExpensesNet": -19267000,
        "incomeBeforeTax": 512901000,
        "incomeBeforeTaxRatio": 0.1537199772,
        "incomeTaxExpense": 191840000,
        "netIncome": 321061000,
        "netIncomeRatio": 0.0962242024,
        "eps": 1.83,
        "epsdiluted": 1.8,
        "weightedAverageShsOut": 175764000,
        "weightedAverageShsOutDil": 178135000,
        "link": "https://www.sec.gov/Archives/edgar/data/886158/000117184315002257/0001171843-15-002257-index.htm",
        "finalLink": "https://www.sec.gov/Archives/edgar/data/886158/000117184315002257/f10k_042815.htm"
    },
    {
        "date": "2014-11-29",
        "symbol": "BBBY",
        "reportedCurrency": "USD",
        "cik": "0000886158",
        "fillingDate": "2015-01-08",
        "acceptedDate": "2015-01-08 17:08:12",
        "calendarYear": "2014",
        "period": "Q3",
        "revenue": 2942980000,
        "costOfRevenue": 1814006000,
        "grossProfit": 1128974000,
        "grossProfitRatio": 0.3836159267,
        "researchAndDevelopmentExpenses": 0,
        "generalAndAdministrativeExpenses": 0,
        "sellingAndMarketingExpenses": 0,
        "sellingGeneralAndAdministrativeExpenses": 776291000,
        "otherExpenses": 0,
        "operatingExpenses": 776291000,
        "costAndExpenses": 2590297000,
        "interestIncome": 0,
        "interestExpense": 19569000,
        "depreciationAndAmortization": 60947000,
        "ebitda": 413630000,
        "ebitdaratio": 0.140548016,
        "operatingIncome": 352683000,
        "operatingIncomeRatio": 0.1198387349,
        "totalOtherIncomeExpensesNet": -19569000,
        "incomeBeforeTax": 333114000,
        "incomeBeforeTaxRatio": 0.1131893523,
        "incomeTaxExpense": 107706000,
        "netIncome": 225408000,
        "netIncomeRatio": 0.0765917539,
        "eps": 1.24,
        "epsdiluted": 1.23,
        "weightedAverageShsOut": 181629000,
        "weightedAverageShsOutDil": 183794000,
        "link": "https://www.sec.gov/Archives/edgar/data/886158/000117184315000148/0001171843-15-000148-index.htm",
        "finalLink": "https://www.sec.gov/Archives/edgar/data/886158/000117184315000148/gff10q_010815.htm"
    },
    {
        "date": "2014-08-30",
        "symbol": "BBBY",
        "reportedCurrency": "USD",
        "cik": "0000886158",
        "fillingDate": "2014-10-08",
        "acceptedDate": "2014-10-08 11:29:12",
        "calendarYear": "2014",
        "period": "Q2",
        "revenue": 2944905000,
        "costOfRevenue": 1810860000,
        "grossProfit": 1134045000,
        "grossProfitRatio": 0.3850871251,
        "researchAndDevelopmentExpenses": 0,
        "generalAndAdministrativeExpenses": 0,
        "sellingAndMarketingExpenses": 0,
        "sellingGeneralAndAdministrativeExpenses": 765304000,
        "otherExpenses": 0,
        "operatingExpenses": 765304000,
        "costAndExpenses": 2576164000,
        "interestIncome": 0,
        "interestExpense": 9528000,
        "depreciationAndAmortization": 59424000,
        "ebitda": 428165000,
        "ebitdaratio": 0.1453917868,
        "operatingIncome": 368741000,
        "operatingIncomeRatio": 0.1252132072,
        "totalOtherIncomeExpensesNet": -9528000,
        "incomeBeforeTax": 359213000,
        "incomeBeforeTaxRatio": 0.1219777888,
        "incomeTaxExpense": 135260000,
        "netIncome": 223953000,
        "netIncomeRatio": 0.0760476144,
        "eps": 1.18,
        "epsdiluted": 1.17,
        "weightedAverageShsOut": 189625000,
        "weightedAverageShsOutDil": 191496000,
        "link": "https://www.sec.gov/Archives/edgar/data/886158/000117184314004662/0001171843-14-004662-index.htm",
        "finalLink": "https://www.sec.gov/Archives/edgar/data/886158/000117184314004662/f10q_100714.htm"
    },
    {
        "date": "2014-05-31",
        "symbol": "BBBY",
        "reportedCurrency": "USD",
        "cik": "0000886158",
        "fillingDate": "2014-06-27",
        "acceptedDate": "2014-06-27 16:47:20",
        "calendarYear": "2014",
        "period": "Q1",
        "revenue": 2656698000,
        "costOfRevenue": 1625813000,
        "grossProfit": 1030885000,
        "grossProfitRatio": 0.3880324373,
        "researchAndDevelopmentExpenses": 0,
        "generalAndAdministrativeExpenses": 0,
        "sellingAndMarketingExpenses": 0,
        "sellingGeneralAndAdministrativeExpenses": 730184000,
        "otherExpenses": 0,
        "operatingExpenses": 730184000,
        "costAndExpenses": 2355997000,
        "interestIncome": 0,
        "interestExpense": 2094000,
        "depreciationAndAmortization": 58371000,
        "ebitda": 359072000,
        "ebitdaratio": 0.1351572516,
        "operatingIncome": 300701000,
        "operatingIncomeRatio": 0.1131859925,
        "totalOtherIncomeExpensesNet": -2094000,
        "incomeBeforeTax": 298607000,
        "incomeBeforeTaxRatio": 0.1123977961,
        "incomeTaxExpense": 111555000,
        "netIncome": 187052000,
        "netIncomeRatio": 0.0704077016,
        "eps": 0.94,
        "epsdiluted": 0.93,
        "weightedAverageShsOut": 199619000,
        "weightedAverageShsOutDil": 202096000,
        "link": "https://www.sec.gov/Archives/edgar/data/886158/000117184314003028/0001171843-14-003028-index.htm",
        "finalLink": "https://www.sec.gov/Archives/edgar/data/886158/000117184314003028/f10q_062614.htm"
    },
    {
        "date": "2014-03-01",
        "symbol": "BBBY",
        "reportedCurrency": "USD",
        "cik": "0000886158",
        "fillingDate": "2014-04-29",
        "acceptedDate": "2014-04-29 16:34:29",
        "calendarYear": "2013",
        "period": "Q4",
        "revenue": 3203314000,
        "costOfRevenue": 1905877000,
        "grossProfit": 1297437000,
        "grossProfitRatio": 0.4050296037,
        "researchAndDevelopmentExpenses": 0,
        "generalAndAdministrativeExpenses": 0,
        "sellingAndMarketingExpenses": 0,
        "sellingGeneralAndAdministrativeExpenses": 770364000,
        "otherExpenses": 0,
        "operatingExpenses": 770364000,
        "costAndExpenses": 2676241000,
        "interestIncome": 0,
        "interestExpense": 554000,
        "depreciationAndAmortization": 58137000,
        "ebitda": 585210000,
        "ebitdaratio": 0.1826889278,
        "operatingIncome": 527073000,
        "operatingIncomeRatio": 0.1645399109,
        "totalOtherIncomeExpensesNet": -554000,
        "incomeBeforeTax": 526519000,
        "incomeBeforeTaxRatio": 0.164366965,
        "incomeTaxExpense": 193220000,
        "netIncome": 333299000,
        "netIncomeRatio": 0.1040481826,
        "eps": 1.62,
        "epsdiluted": 1.6,
        "weightedAverageShsOut": 205553000,
        "weightedAverageShsOutDil": 208106000,
        "link": "https://www.sec.gov/Archives/edgar/data/886158/000117184314001962/0001171843-14-001962-index.htm",
        "finalLink": "https://www.sec.gov/Archives/edgar/data/886158/000117184314001962/f10k_042914.htm"
    },
    {
        "date": "2013-11-30",
        "symbol": "BBBY",
        "reportedCurrency": "USD",
        "cik": "0000886158",
        "fillingDate": "2014-01-09",
        "acceptedDate": "2014-01-08 19:40:22",
        "calendarYear": "2013",
        "period": "Q3",
        "revenue": 2864837000,
        "costOfRevenue": 1743147000,
        "grossProfit": 1121690000,
        "grossProfitRatio": 0.3915371101,
        "researchAndDevelopmentExpenses": 0,
        "generalAndAdministrativeExpenses": 0,
        "sellingAndMarketingExpenses": 0,
        "sellingGeneralAndAdministrativeExpenses": 747043000,
        "otherExpenses": 0,
        "operatingExpenses": 747043000,
        "costAndExpenses": 2490190000,
        "interestIncome": 0,
        "interestExpense": -1314000,
        "depreciationAndAmortization": 55512000,
        "ebitda": 430159000,
        "ebitdaratio": 0.1501513001,
        "operatingIncome": 374647000,
        "operatingIncomeRatio": 0.1307742814,
        "totalOtherIncomeExpensesNet": 1314000,
        "incomeBeforeTax": 375961000,
        "incomeBeforeTaxRatio": 0.1312329462,
        "incomeTaxExpense": 138764000,
        "netIncome": 237197000,
        "netIncomeRatio": 0.0827959846,
        "eps": 1.13,
        "epsdiluted": 1.12,
        "weightedAverageShsOut": 209704000,
        "weightedAverageShsOutDil": 212315000,
        "link": "https://www.sec.gov/Archives/edgar/data/886158/000117184314000099/0001171843-14-000099-index.htm",
        "finalLink": "https://www.sec.gov/Archives/edgar/data/886158/000117184314000099/f10q_010814.htm"
    },
    {
        "date": "2013-08-31",
        "symbol": "BBBY",
        "reportedCurrency": "USD",
        "cik": "0000886158",
        "fillingDate": "2013-10-09",
        "acceptedDate": "2013-10-09 16:21:12",
        "calendarYear": "2013",
        "period": "Q2",
        "revenue": 2823672000,
        "costOfRevenue": 1710188000,
        "grossProfit": 1113484000,
        "grossProfitRatio": 0.3943390025,
        "researchAndDevelopmentExpenses": 0,
        "generalAndAdministrativeExpenses": 0,
        "sellingAndMarketingExpenses": 0,
        "sellingGeneralAndAdministrativeExpenses": 723718000,
        "otherExpenses": 0,
        "operatingExpenses": 723718000,
        "costAndExpenses": 2433906000,
        "interestIncome": 0,
        "interestExpense": 1675000,
        "depreciationAndAmortization": 52463000,
        "ebitda": 442229000,
        "ebitdaratio": 0.1566148618,
        "operatingIncome": 389766000,
        "operatingIncomeRatio": 0.1380351542,
        "totalOtherIncomeExpensesNet": -1675000,
        "incomeBeforeTax": 388091000,
        "incomeBeforeTaxRatio": 0.137441955,
        "incomeTaxExpense": 138787000,
        "netIncome": 249304000,
        "netIncomeRatio": 0.088290708,
        "eps": 1.18,
        "epsdiluted": 1.16,
        "weightedAverageShsOut": 212134000,
        "weightedAverageShsOutDil": 214697000,
        "link": "https://www.sec.gov/Archives/edgar/data/886158/000117184313003940/0001171843-13-003940-index.htm",
        "finalLink": "https://www.sec.gov/Archives/edgar/data/886158/000117184313003940/f10q_100913.htm"
    },
    {
        "date": "2013-06-01",
        "symbol": "BBBY",
        "reportedCurrency": "USD",
        "cik": "0000886158",
        "fillingDate": "2013-07-10",
        "acceptedDate": "2013-07-10 16:48:26",
        "calendarYear": "2013",
        "period": "Q1",
        "revenue": 2612140000,
        "costOfRevenue": 1579169000,
        "grossProfit": 1032971000,
        "grossProfitRatio": 0.3954500907,
        "researchAndDevelopmentExpenses": 0,
        "generalAndAdministrativeExpenses": 0,
        "sellingAndMarketingExpenses": 0,
        "sellingGeneralAndAdministrativeExpenses": 709870000,
        "otherExpenses": 0,
        "operatingExpenses": 709870000,
        "costAndExpenses": 2289039000,
        "interestIncome": 0,
        "interestExpense": 225000,
        "depreciationAndAmortization": 52697000,
        "ebitda": 375798000,
        "ebitdaratio": 0.143865949,
        "operatingIncome": 323101000,
        "operatingIncomeRatio": 0.1236920686,
        "totalOtherIncomeExpensesNet": -225000,
        "incomeBeforeTax": 322876000,
        "incomeBeforeTaxRatio": 0.1236059323,
        "incomeTaxExpense": 120386000,
        "netIncome": 202490000,
        "netIncomeRatio": 0.077518816,
        "eps": 0.94,
        "epsdiluted": 0.93,
        "weightedAverageShsOut": 215451000,
        "weightedAverageShsOutDil": 218335000,
        "link": "https://www.sec.gov/Archives/edgar/data/886158/000117184313002718/0001171843-13-002718-index.htm",
        "finalLink": "https://www.sec.gov/Archives/edgar/data/886158/000117184313002718/f10q_071013.htm"
    },
    {
        "date": "2013-03-02",
        "symbol": "BBBY",
        "reportedCurrency": "USD",
        "cik": "0000886158",
        "fillingDate": "2013-04-30",
        "acceptedDate": "2013-04-30 14:48:08",
        "calendarYear": "2012",
        "period": "Q4",
        "revenue": 3401477000,
        "costOfRevenue": 2006600000,
        "grossProfit": 1394877000,
        "grossProfitRatio": 0.4100797977,
        "researchAndDevelopmentExpenses": 0,
        "generalAndAdministrativeExpenses": 0,
        "sellingAndMarketingExpenses": 0,
        "sellingGeneralAndAdministrativeExpenses": 796843000,
        "otherExpenses": 0,
        "operatingExpenses": 796843000,
        "costAndExpenses": 2803443000,
        "interestIncome": 0,
        "interestExpense": 250000,
        "depreciationAndAmortization": 55317000,
        "ebitda": 653351000,
        "ebitdaratio": 0.1920786176,
        "operatingIncome": 598034000,
        "operatingIncomeRatio": 0.1758159764,
        "totalOtherIncomeExpensesNet": -250000,
        "incomeBeforeTax": 597784000,
        "incomeBeforeTaxRatio": 0.1757424789,
        "incomeTaxExpense": 223912000,
        "netIncome": 373872000,
        "netIncomeRatio": 0.1099146047,
        "eps": 1.7,
        "epsdiluted": 1.68,
        "weightedAverageShsOut": 219778000,
        "weightedAverageShsOutDil": 222631000,
        "link": "https://www.sec.gov/Archives/edgar/data/886158/000110465913035115/0001104659-13-035115-index.htm",
        "finalLink": "https://www.sec.gov/Archives/edgar/data/886158/000110465913035115/a13-8110_110k.htm"
    },
    {
        "date": "2012-11-24",
        "symbol": "BBBY",
        "reportedCurrency": "USD",
        "cik": "0000886158",
        "fillingDate": "2013-01-02",
        "acceptedDate": "2013-01-02 16:09:19",
        "calendarYear": "2012",
        "period": "Q3",
        "revenue": 2701801000,
        "costOfRevenue": 1627791000,
        "grossProfit": 1074010000,
        "grossProfitRatio": 0.3975163234,
        "researchAndDevelopmentExpenses": 0,
        "generalAndAdministrativeExpenses": 0,
        "sellingAndMarketingExpenses": 0,
        "sellingGeneralAndAdministrativeExpenses": 712361000,
        "otherExpenses": 0,
        "operatingExpenses": 712361000,
        "costAndExpenses": 2340152000,
        "interestIncome": 0,
        "interestExpense": 3122000,
        "depreciationAndAmortization": 48925000,
        "ebitda": 410574000,
        "ebitdaratio": 0.1519630794,
        "operatingIncome": 361649000,
        "operatingIncomeRatio": 0.133854788,
        "totalOtherIncomeExpensesNet": -3122000,
        "incomeBeforeTax": 358527000,
        "incomeBeforeTaxRatio": 0.1326992625,
        "incomeTaxExpense": 125777000,
        "netIncome": 232750000,
        "netIncomeRatio": 0.086146241,
        "eps": 1.04,
        "epsdiluted": 1.03,
        "weightedAverageShsOut": 223687000,
        "weightedAverageShsOutDil": 226661000,
        "link": "https://www.sec.gov/Archives/edgar/data/886158/000110465913000130/0001104659-13-000130-index.htm",
        "finalLink": "https://www.sec.gov/Archives/edgar/data/886158/000110465913000130/a12-28059_110q.htm"
    },
    {
        "date": "2012-08-25",
        "symbol": "BBBY",
        "reportedCurrency": "USD",
        "cik": "0000886158",
        "fillingDate": "2012-10-03",
        "acceptedDate": "2012-10-03 11:52:50",
        "calendarYear": "2012",
        "period": "Q2",
        "revenue": 2593015000,
        "costOfRevenue": 1560346000,
        "grossProfit": 1032669000,
        "grossProfitRatio": 0.3982502994,
        "researchAndDevelopmentExpenses": 0,
        "generalAndAdministrativeExpenses": 0,
        "sellingAndMarketingExpenses": 0,
        "sellingGeneralAndAdministrativeExpenses": 667532000,
        "otherExpenses": 0,
        "operatingExpenses": 667532000,
        "costAndExpenses": 2227878000,
        "interestIncome": 0,
        "interestExpense": 0,
        "depreciationAndAmortization": 47076000,
        "ebitda": 412213000,
        "ebitdaratio": 0.158970542,
        "operatingIncome": 365137000,
        "operatingIncomeRatio": 0.1408156143,
        "totalOtherIncomeExpensesNet": 269000,
        "incomeBeforeTax": 365406000,
        "incomeBeforeTaxRatio": 0.1409193545,
        "incomeTaxExpense": 141076000,
        "netIncome": 224330000,
        "netIncomeRatio": 0.0865131902,
        "eps": 0.99,
        "epsdiluted": 0.98,
        "weightedAverageShsOut": 226313000,
        "weightedAverageShsOutDil": 229308000,
        "link": "https://www.sec.gov/Archives/edgar/data/886158/000110465912067225/0001104659-12-067225-index.htm",
        "finalLink": "https://www.sec.gov/Archives/edgar/data/886158/000110465912067225/a12-18563_110q.htm"
    },
    {
        "date": "2012-05-26",
        "symbol": "BBBY",
        "reportedCurrency": "USD",
        "cik": "0000886158",
        "fillingDate": "2012-07-03",
        "acceptedDate": "2012-07-03 13:25:51",
        "calendarYear": "2012",
        "period": "Q1",
        "revenue": 2218292000,
        "costOfRevenue": 1331093000,
        "grossProfit": 887199000,
        "grossProfitRatio": 0.3999468961,
        "researchAndDevelopmentExpenses": 0,
        "generalAndAdministrativeExpenses": 0,
        "sellingAndMarketingExpenses": 0,
        "sellingGeneralAndAdministrativeExpenses": 573801000,
        "otherExpenses": 0,
        "operatingExpenses": 573801000,
        "costAndExpenses": 1904894000,
        "interestIncome": 0,
        "interestExpense": 0,
        "depreciationAndAmortization": 43410000,
        "ebitda": 356808000,
        "ebitdaratio": 0.1608480759,
        "operatingIncome": 313398000,
        "operatingIncomeRatio": 0.141278966,
        "totalOtherIncomeExpensesNet": -1056000,
        "incomeBeforeTax": 312342000,
        "incomeBeforeTaxRatio": 0.1408029241,
        "incomeTaxExpense": 105506000,
        "netIncome": 206836000,
        "netIncomeRatio": 0.0932411062,
        "eps": 0.9,
        "epsdiluted": 0.89,
        "weightedAverageShsOut": 229086000,
        "weightedAverageShsOutDil": 232683000,
        "link": "https://www.sec.gov/Archives/edgar/data/886158/000110465912047405/0001104659-12-047405-index.htm",
        "finalLink": "https://www.sec.gov/Archives/edgar/data/886158/000110465912047405/a12-13587_110q.htm"
    },
    {
        "date": "2012-02-25",
        "symbol": "BBBY",
        "reportedCurrency": "USD",
        "cik": "0000886158",
        "fillingDate": "2012-04-24",
        "acceptedDate": "2012-04-24 17:30:06",
        "calendarYear": "2011",
        "period": "Q4",
        "revenue": 2732314000,
        "costOfRevenue": 1568645000,
        "grossProfit": 1163669000,
        "grossProfitRatio": 0.4258913873,
        "researchAndDevelopmentExpenses": 0,
        "generalAndAdministrativeExpenses": 0,
        "sellingAndMarketingExpenses": 0,
        "sellingGeneralAndAdministrativeExpenses": 612904000,
        "otherExpenses": 0,
        "operatingExpenses": 612904000,
        "costAndExpenses": 2181549000,
        "interestIncome": 0,
        "interestExpense": 0,
        "depreciationAndAmortization": 51884000,
        "ebitda": 602649000,
        "ebitdaratio": 0.2205635955,
        "operatingIncome": 550765000,
        "operatingIncomeRatio": 0.2015745628,
        "totalOtherIncomeExpensesNet": 3041000,
        "incomeBeforeTax": 553806000,
        "incomeBeforeTaxRatio": 0.2026875388,
        "incomeTaxExpense": 202763000,
        "netIncome": 351043000,
        "netIncomeRatio": 0.1284782789,
        "eps": 1.5,
        "epsdiluted": 1.47,
        "weightedAverageShsOut": 234551000,
        "weightedAverageShsOutDil": 238286500,
        "link": "https://www.sec.gov/Archives/edgar/data/886158/000110465912027814/0001104659-12-027814-index.htm",
        "finalLink": "https://www.sec.gov/Archives/edgar/data/886158/000110465912027814/a12-3159_110k.htm"
    },
    {
        "date": "2011-11-26",
        "symbol": "BBBY",
        "reportedCurrency": "USD",
        "cik": "0000886158",
        "fillingDate": "2012-01-04",
        "acceptedDate": "2012-01-04 15:15:50",
        "calendarYear": "2011",
        "period": "Q3",
        "revenue": 2343561000,
        "costOfRevenue": 1384868000,
        "grossProfit": 958693000,
        "grossProfitRatio": 0.4090753345,
        "researchAndDevelopmentExpenses": 0,
        "generalAndAdministrativeExpenses": 0,
        "sellingAndMarketingExpenses": 0,
        "sellingGeneralAndAdministrativeExpenses": 601673000,
        "otherExpenses": 0,
        "operatingExpenses": 601673000,
        "costAndExpenses": 1986541000,
        "interestIncome": 0,
        "interestExpense": 0,
        "depreciationAndAmortization": 43879000,
        "ebitda": 400899000,
        "ebitdaratio": 0.1710640346,
        "operatingIncome": 357020000,
        "operatingIncomeRatio": 0.1523408181,
        "totalOtherIncomeExpensesNet": -602000,
        "incomeBeforeTax": 356418000,
        "incomeBeforeTaxRatio": 0.152083944,
        "incomeTaxExpense": 127874000,
        "netIncome": 228544000,
        "netIncomeRatio": 0.0975199707,
        "eps": 0.96,
        "epsdiluted": 0.95,
        "weightedAverageShsOut": 237802000,
        "weightedAverageShsOutDil": 241718000,
        "link": "https://www.sec.gov/Archives/edgar/data/886158/000110465912000340/0001104659-12-000340-index.htm",
        "finalLink": "https://www.sec.gov/Archives/edgar/data/886158/000110465912000340/a11-29835_110q.htm"
    },
    {
        "date": "2011-08-27",
        "symbol": "BBBY",
        "reportedCurrency": "USD",
        "cik": "0000886158",
        "fillingDate": "2011-10-05",
        "acceptedDate": "2011-10-05 16:58:37",
        "calendarYear": "2011",
        "period": "Q2",
        "revenue": 2314064000,
        "costOfRevenue": 1363065000,
        "grossProfit": 950999000,
        "grossProfitRatio": 0.4109648653,
        "researchAndDevelopmentExpenses": 0,
        "generalAndAdministrativeExpenses": 0,
        "sellingAndMarketingExpenses": 0,
        "sellingGeneralAndAdministrativeExpenses": 579363000,
        "otherExpenses": 0,
        "operatingExpenses": 579363000,
        "costAndExpenses": 1942428000,
        "interestIncome": 0,
        "interestExpense": 0,
        "depreciationAndAmortization": 43889000,
        "ebitda": 415525000,
        "ebitdaratio": 0.1795650423,
        "operatingIncome": 371636000,
        "operatingIncomeRatio": 0.1605988426,
        "totalOtherIncomeExpensesNet": -1872000,
        "incomeBeforeTax": 369764000,
        "incomeBeforeTaxRatio": 0.1597898762,
        "incomeTaxExpense": 140392000,
        "netIncome": 229372000,
        "netIncomeRatio": 0.099120854,
        "eps": 0.94,
        "epsdiluted": 0.93,
        "weightedAverageShsOut": 242751000,
        "weightedAverageShsOutDil": 246539000,
        "link": "https://www.sec.gov/Archives/edgar/data/886158/000110465911055067/0001104659-11-055067-index.htm",
        "finalLink": "https://www.sec.gov/Archives/edgar/data/886158/000110465911055067/a11-25085_110q.htm"
    },
    {
        "date": "2011-05-28",
        "symbol": "BBBY",
        "reportedCurrency": "USD",
        "cik": "0000886158",
        "fillingDate": "2011-07-06",
        "acceptedDate": "2011-07-06 17:22:19",
        "calendarYear": "2011",
        "period": "Q1",
        "revenue": 2109951000,
        "costOfRevenue": 1252379000,
        "grossProfit": 857572000,
        "grossProfitRatio": 0.4064416662,
        "researchAndDevelopmentExpenses": 0,
        "generalAndAdministrativeExpenses": 0,
        "sellingAndMarketingExpenses": 0,
        "sellingGeneralAndAdministrativeExpenses": 568624000,
        "otherExpenses": 0,
        "operatingExpenses": 568624000,
        "costAndExpenses": 1821003000,
        "interestIncome": 552000,
        "interestExpense": 0,
        "depreciationAndAmortization": 44221000,
        "ebitda": 333169000,
        "ebitdaratio": 0.157903667,
        "operatingIncome": 288948000,
        "operatingIncomeRatio": 0.1369453603,
        "totalOtherIncomeExpensesNet": 552000,
        "incomeBeforeTax": 289500000,
        "incomeBeforeTaxRatio": 0.1372069778,
        "incomeTaxExpense": 108922000,
        "netIncome": 180578000,
        "netIncomeRatio": 0.085583978,
        "eps": 0.74,
        "epsdiluted": 0.72,
        "weightedAverageShsOut": 245546000,
        "weightedAverageShsOutDil": 249799000,
        "link": "https://www.sec.gov/Archives/edgar/data/886158/000110465911038026/0001104659-11-038026-index.htm",
        "finalLink": "https://www.sec.gov/Archives/edgar/data/886158/000110465911038026/a11-13402_110q.htm"
    },
    {
        "date": "2011-02-26",
        "symbol": "BBBY",
        "reportedCurrency": "USD",
        "cik": "0000886158",
        "fillingDate": "2011-04-26",
        "acceptedDate": "2011-04-26 15:30:22",
        "calendarYear": "2010",
        "period": "Q4",
        "revenue": 2504967000,
        "costOfRevenue": 1428500000,
        "grossProfit": 1076467000,
        "grossProfitRatio": 0.4297330065,
        "researchAndDevelopmentExpenses": 0,
        "generalAndAdministrativeExpenses": 0,
        "sellingAndMarketingExpenses": 0,
        "sellingGeneralAndAdministrativeExpenses": 615415000,
        "otherExpenses": 0,
        "operatingExpenses": 615415000,
        "costAndExpenses": 2043915000,
        "interestIncome": 1681000,
        "interestExpense": 0,
        "depreciationAndAmortization": 48603000,
        "ebitda": 509655000,
        "ebitdaratio": 0.2034577701,
        "operatingIncome": 461052000,
        "operatingIncomeRatio": 0.1840551193,
        "totalOtherIncomeExpensesNet": 1681000,
        "incomeBeforeTax": 462733000,
        "incomeBeforeTaxRatio": 0.184726186,
        "incomeTaxExpense": 179282000,
        "netIncome": 283451000,
        "netIncomeRatio": 0.1131555825,
        "eps": 1.12,
        "epsdiluted": 1.1,
        "weightedAverageShsOut": 253265000,
        "weightedAverageShsOutDil": 257007500,
        "link": "https://www.sec.gov/Archives/edgar/data/886158/000110465911022393/0001104659-11-022393-index.htm",
        "finalLink": "https://www.sec.gov/Archives/edgar/data/886158/000110465911022393/a11-10328_110k.htm"
    },
    {
        "date": "2010-11-27",
        "symbol": "BBBY",
        "reportedCurrency": "USD",
        "cik": "0000886158",
        "fillingDate": "2011-01-04",
        "acceptedDate": "2011-01-04 17:14:18",
        "calendarYear": "2010",
        "period": "Q3",
        "revenue": 2193755000,
        "costOfRevenue": 1297247000,
        "grossProfit": 896508000,
        "grossProfitRatio": 0.408663684,
        "researchAndDevelopmentExpenses": 0,
        "generalAndAdministrativeExpenses": 0,
        "sellingAndMarketingExpenses": 0,
        "sellingGeneralAndAdministrativeExpenses": 591398000,
        "otherExpenses": 0,
        "operatingExpenses": 591398000,
        "costAndExpenses": 1888645000,
        "interestIncome": 1996000,
        "interestExpense": 0,
        "depreciationAndAmortization": 45335000,
        "ebitda": 350445000,
        "ebitdaratio": 0.1597466445,
        "operatingIncome": 305110000,
        "operatingIncomeRatio": 0.1390811645,
        "totalOtherIncomeExpensesNet": 1996000,
        "incomeBeforeTax": 307106000,
        "incomeBeforeTaxRatio": 0.13999102,
        "incomeTaxExpense": 118532000,
        "netIncome": 188574000,
        "netIncomeRatio": 0.0859594622,
        "eps": 0.75,
        "epsdiluted": 0.74,
        "weightedAverageShsOut": 252233000,
        "weightedAverageShsOutDil": 255936000,
        "link": "https://www.sec.gov/Archives/edgar/data/886158/000110465911000287/0001104659-11-000287-index.htm",
        "finalLink": "https://www.sec.gov/Archives/edgar/data/886158/000110465911000287/a10-22507_110q.htm"
    },
    {
        "date": "2010-08-28",
        "symbol": "BBBY",
        "reportedCurrency": "USD",
        "cik": "0000886158",
        "fillingDate": "2010-10-05",
        "acceptedDate": "2010-10-05 17:07:19",
        "calendarYear": "2010",
        "period": "Q2",
        "revenue": 2136730000,
        "costOfRevenue": 1261812000,
        "grossProfit": 874918000,
        "grossProfitRatio": 0.4094658661,
        "researchAndDevelopmentExpenses": 0,
        "generalAndAdministrativeExpenses": 0,
        "sellingAndMarketingExpenses": 0,
        "sellingGeneralAndAdministrativeExpenses": 578016000,
        "otherExpenses": 0,
        "operatingExpenses": 578016000,
        "costAndExpenses": 1839828000,
        "interestIncome": 327000,
        "interestExpense": 0,
        "depreciationAndAmortization": 44869000,
        "ebitda": 341771000,
        "ebitdaratio": 0.1599504851,
        "operatingIncome": 296902000,
        "operatingIncomeRatio": 0.1389515755,
        "totalOtherIncomeExpensesNet": 327000,
        "incomeBeforeTax": 297229000,
        "incomeBeforeTaxRatio": 0.1391046131,
        "incomeTaxExpense": 115474000,
        "netIncome": 181755000,
        "netIncomeRatio": 0.0850622212,
        "eps": 0.71,
        "epsdiluted": 0.7,
        "weightedAverageShsOut": 257013000,
        "weightedAverageShsOutDil": 259928000,
        "link": "https://www.sec.gov/Archives/edgar/data/886158/000110465910051261/0001104659-10-051261-index.htm",
        "finalLink": "https://www.sec.gov/Archives/edgar/data/886158/000110465910051261/a10-17997_110q.htm"
    },
    {
        "date": "2010-05-29",
        "symbol": "BBBY",
        "reportedCurrency": "USD",
        "cik": "0000886158",
        "fillingDate": "2010-07-07",
        "acceptedDate": "2010-07-07 16:38:37",
        "calendarYear": "2010",
        "period": "Q1",
        "revenue": 1923051000,
        "costOfRevenue": 1148015000,
        "grossProfit": 775036000,
        "grossProfitRatio": 0.4030241528,
        "researchAndDevelopmentExpenses": 0,
        "generalAndAdministrativeExpenses": 0,
        "sellingAndMarketingExpenses": 0,
        "sellingGeneralAndAdministrativeExpenses": 549642000,
        "otherExpenses": 0,
        "operatingExpenses": 549642000,
        "costAndExpenses": 1697657000,
        "interestIncome": 516000,
        "interestExpense": 0,
        "depreciationAndAmortization": 45013000,
        "ebitda": 270407000,
        "ebitdaratio": 0.1406135355,
        "operatingIncome": 225394000,
        "operatingIncomeRatio": 0.1172064599,
        "totalOtherIncomeExpensesNet": 516000,
        "incomeBeforeTax": 225910000,
        "incomeBeforeTaxRatio": 0.1174747836,
        "incomeTaxExpense": 88357000,
        "netIncome": 137553000,
        "netIncomeRatio": 0.0715285242,
        "eps": 0.53,
        "epsdiluted": 0.52,
        "weightedAverageShsOut": 259400000,
        "weightedAverageShsOutDil": 263638000,
        "link": "https://www.sec.gov/Archives/edgar/data/886158/000110465910037298/0001104659-10-037298-index.htm",
        "finalLink": "https://www.sec.gov/Archives/edgar/data/886158/000110465910037298/a10-12460_110q.htm"
    },
    {
        "date": "2010-02-27",
        "symbol": "BBBY",
        "reportedCurrency": "USD",
        "cik": "0000886158",
        "fillingDate": "2010-04-27",
        "acceptedDate": "2010-04-27 17:14:36",
        "calendarYear": "2009",
        "period": "Q4",
        "revenue": 2244079000,
        "costOfRevenue": 1288583000,
        "grossProfit": 955496000,
        "grossProfitRatio": 0.4257853667,
        "researchAndDevelopmentExpenses": 0,
        "generalAndAdministrativeExpenses": 0,
        "sellingAndMarketingExpenses": 0,
        "sellingGeneralAndAdministrativeExpenses": 584755000,
        "otherExpenses": 0,
        "operatingExpenses": 584755000,
        "costAndExpenses": 1873338000,
        "interestIncome": 588000,
        "interestExpense": 0,
        "depreciationAndAmortization": 47198000,
        "ebitda": 417939000,
        "ebitdaratio": 0.1862407696,
        "operatingIncome": 370741000,
        "operatingIncomeRatio": 0.1652085332,
        "totalOtherIncomeExpensesNet": 588000,
        "incomeBeforeTax": 371329000,
        "incomeBeforeTaxRatio": 0.1654705561,
        "incomeTaxExpense": 145287000,
        "netIncome": 226042000,
        "netIncomeRatio": 0.1007281829,
        "eps": 0.87,
        "epsdiluted": 0.86,
        "weightedAverageShsOut": 258577500,
        "weightedAverageShsOutDil": 262006500,
        "link": "https://www.sec.gov/Archives/edgar/data/886158/000110465910022152/0001104659-10-022152-index.htm",
        "finalLink": "https://www.sec.gov/Archives/edgar/data/886158/000110465910022152/a10-4543_110k.htm"
    },
    {
        "date": "2009-11-28",
        "symbol": "BBBY",
        "reportedCurrency": "USD",
        "cik": "0000886158",
        "fillingDate": "2010-01-06",
        "acceptedDate": "2010-01-06 17:12:12",
        "calendarYear": "2009",
        "period": "Q3",
        "revenue": 1975465000,
        "costOfRevenue": 1163053000,
        "grossProfit": 812412000,
        "grossProfitRatio": 0.4112510219,
        "researchAndDevelopmentExpenses": 0,
        "generalAndAdministrativeExpenses": 0,
        "sellingAndMarketingExpenses": 0,
        "sellingGeneralAndAdministrativeExpenses": 566801000,
        "otherExpenses": 0,
        "operatingExpenses": 566801000,
        "costAndExpenses": 1729854000,
        "interestIncome": 737000,
        "interestExpense": 0,
        "depreciationAndAmortization": 47288000,
        "ebitda": 292899000,
        "ebitdaratio": 0.1482683824,
        "operatingIncome": 245611000,
        "operatingIncomeRatio": 0.1243307272,
        "totalOtherIncomeExpensesNet": 737000,
        "incomeBeforeTax": 246348000,
        "incomeBeforeTaxRatio": 0.1247038039,
        "incomeTaxExpense": 95060000,
        "netIncome": 151288000,
        "netIncomeRatio": 0.0765834879,
        "eps": 0.59,
        "epsdiluted": 0.58,
        "weightedAverageShsOut": 258074000,
        "weightedAverageShsOutDil": 260913000,
        "link": "https://www.sec.gov/Archives/edgar/data/886158/000110465910000569/0001104659-10-000569-index.htm",
        "finalLink": "https://www.sec.gov/Archives/edgar/data/886158/000110465910000569/a09-32914_110q.htm"
    },
    {
        "date": "2009-08-29",
        "symbol": "BBBY",
        "reportedCurrency": "USD",
        "cik": "0000886158",
        "fillingDate": "2009-10-07",
        "acceptedDate": "2009-10-07 16:08:30",
        "calendarYear": "2009",
        "period": "Q2",
        "revenue": 1914909000,
        "costOfRevenue": 1141516000,
        "grossProfit": 773393000,
        "grossProfitRatio": 0.4038797666,
        "researchAndDevelopmentExpenses": 0,
        "generalAndAdministrativeExpenses": 0,
        "sellingAndMarketingExpenses": 0,
        "sellingGeneralAndAdministrativeExpenses": 551362000,
        "otherExpenses": 0,
        "operatingExpenses": 551362000,
        "costAndExpenses": 1692878000,
        "interestIncome": 1476000,
        "interestExpense": 0,
        "depreciationAndAmortization": 44967000,
        "ebitda": 222031000,
        "ebitdaratio": 0.1159485908,
        "operatingIncome": 222031000,
        "operatingIncomeRatio": 0.1159485908,
        "totalOtherIncomeExpensesNet": 1476000,
        "incomeBeforeTax": 223507000,
        "incomeBeforeTaxRatio": 0.1167193846,
        "incomeTaxExpense": 87976000,
        "netIncome": 135531000,
        "netIncomeRatio": 0.0707767314,
        "eps": 0.53,
        "epsdiluted": 0.52,
        "weightedAverageShsOut": 257814000,
        "weightedAverageShsOutDil": 259940000,
        "link": "https://www.sec.gov/Archives/edgar/data/886158/000110465909058149/0001104659-09-058149-index.htm",
        "finalLink": "https://www.sec.gov/Archives/edgar/data/886158/000110465909058149/a09-24238_110q.htm"
    },
    {
        "date": "2009-05-30",
        "symbol": "BBBY",
        "reportedCurrency": "USD",
        "cik": "0000886158",
        "fillingDate": "2009-07-08",
        "acceptedDate": "2009-07-08 16:08:47",
        "calendarYear": "2009",
        "period": "Q1",
        "revenue": 1694340000,
        "costOfRevenue": 1027522000,
        "grossProfit": 666818000,
        "grossProfitRatio": 0.393556193,
        "researchAndDevelopmentExpenses": 0,
        "generalAndAdministrativeExpenses": 0,
        "sellingAndMarketingExpenses": 0,
        "sellingGeneralAndAdministrativeExpenses": 524514000,
        "otherExpenses": 0,
        "operatingExpenses": 524514000,
        "costAndExpenses": 1552036000,
        "interestIncome": 1767000,
        "interestExpense": 0,
        "depreciationAndAmortization": 44779000,
        "ebitda": 187083000,
        "ebitdaratio": 0.1104164453,
        "operatingIncome": 142304000,
        "operatingIncomeRatio": 0.0839878655,
        "totalOtherIncomeExpensesNet": 1767000,
        "incomeBeforeTax": 144071000,
        "incomeBeforeTaxRatio": 0.0850307494,
        "incomeTaxExpense": 56899000,
        "netIncome": 87172000,
        "netIncomeRatio": 0.0514489418,
        "eps": 0.34,
        "epsdiluted": 0.34,
        "weightedAverageShsOut": 256942000,
        "weightedAverageShsOutDil": 258764000,
        "link": "https://www.sec.gov/Archives/edgar/data/886158/000110465909042390/0001104659-09-042390-index.htm",
        "finalLink": "https://www.sec.gov/Archives/edgar/data/886158/000110465909042390/a09-17516_110q.htm"
    },
    {
        "date": "2009-02-28",
        "symbol": "BBBY",
        "reportedCurrency": "USD",
        "cik": "0000886158",
        "fillingDate": "2009-04-28",
        "acceptedDate": "2009-04-28 17:04:41",
        "calendarYear": "2008",
        "period": "Q4",
        "revenue": 1923274000,
        "costOfRevenue": 1138216000,
        "grossProfit": 785058000,
        "grossProfitRatio": 0.4081883289,
        "researchAndDevelopmentExpenses": 0,
        "generalAndAdministrativeExpenses": 0,
        "sellingAndMarketingExpenses": 0,
        "sellingGeneralAndAdministrativeExpenses": 553776000,
        "otherExpenses": 0,
        "operatingExpenses": 553776000,
        "costAndExpenses": 1691992000,
        "interestIncome": 0,
        "interestExpense": 0,
        "depreciationAndAmortization": 44857000,
        "ebitda": 276139000,
        "ebitdaratio": 0.1435775662,
        "operatingIncome": 231282000,
        "operatingIncomeRatio": 0.1202543163,
        "totalOtherIncomeExpensesNet": 540000,
        "incomeBeforeTax": 231822000,
        "incomeBeforeTaxRatio": 0.1205350876,
        "incomeTaxExpense": 90444000,
        "netIncome": 141378000,
        "netIncomeRatio": 0.0735090268,
        "eps": 0.55,
        "epsdiluted": 0.55,
        "weightedAverageShsOut": 256676000,
        "weightedAverageShsOutDil": 258691500,
        "link": "https://www.sec.gov/Archives/edgar/data/886158/000110465909026769/0001104659-09-026769-index.htm",
        "finalLink": "https://www.sec.gov/Archives/edgar/data/886158/000110465909026769/a09-10894_110k.htm"
    },
    {
        "date": "2008-11-29",
        "symbol": "BBBY",
        "reportedCurrency": "USD",
        "cik": "0000886158",
        "fillingDate": "2009-01-08",
        "acceptedDate": "2009-01-08 14:55:12",
        "calendarYear": "2008",
        "period": "Q3",
        "revenue": 1782683000,
        "costOfRevenue": 1089826000,
        "grossProfit": 692857000,
        "grossProfitRatio": 0.3886596776,
        "researchAndDevelopmentExpenses": 0,
        "generalAndAdministrativeExpenses": 0,
        "sellingAndMarketingExpenses": 0,
        "sellingGeneralAndAdministrativeExpenses": 556483000,
        "otherExpenses": 0,
        "operatingExpenses": 556483000,
        "costAndExpenses": 1646309000,
        "interestIncome": 0,
        "interestExpense": 0,
        "depreciationAndAmortization": 43606000,
        "ebitda": 179980000,
        "ebitdaratio": 0.1009601819,
        "operatingIncome": 136374000,
        "operatingIncomeRatio": 0.0764992991,
        "totalOtherIncomeExpensesNet": 1396000,
        "incomeBeforeTax": 137770000,
        "incomeBeforeTaxRatio": 0.0772823884,
        "incomeTaxExpense": 50070000,
        "netIncome": 87700000,
        "netIncomeRatio": 0.0491955104,
        "eps": 0.34,
        "epsdiluted": 0.34,
        "weightedAverageShsOut": 256150000,
        "weightedAverageShsOutDil": 258174000,
        "link": "https://www.sec.gov/Archives/edgar/data/886158/000110465909001189/0001104659-09-001189-index.htm",
        "finalLink": "https://www.sec.gov/Archives/edgar/data/886158/000110465909001189/a09-2554_110q.htm"
    },
    {
        "date": "2008-08-30",
        "symbol": "BBBY",
        "reportedCurrency": "USD",
        "cik": "0000886158",
        "fillingDate": "2008-10-09",
        "acceptedDate": "2008-10-08 18:02:19",
        "calendarYear": "2008",
        "period": "Q2",
        "revenue": 1853892000,
        "costOfRevenue": 1114571000,
        "grossProfit": 739321000,
        "grossProfitRatio": 0.3987939966,
        "researchAndDevelopmentExpenses": 0,
        "generalAndAdministrativeExpenses": 0,
        "sellingAndMarketingExpenses": 0,
        "sellingGeneralAndAdministrativeExpenses": 551900000,
        "otherExpenses": 0,
        "operatingExpenses": 551900000,
        "costAndExpenses": 1666471000,
        "interestIncome": 0,
        "interestExpense": 0,
        "depreciationAndAmortization": 43519000,
        "ebitda": 230940000,
        "ebitdaratio": 0.1245703633,
        "operatingIncome": 187421000,
        "operatingIncomeRatio": 0.1010959646,
        "totalOtherIncomeExpensesNet": 2946000,
        "incomeBeforeTax": 190367000,
        "incomeBeforeTaxRatio": 0.1026850539,
        "incomeTaxExpense": 71099000,
        "netIncome": 119268000,
        "netIncomeRatio": 0.0643338447,
        "eps": 0.46,
        "epsdiluted": 0.46,
        "weightedAverageShsOut": 256726000,
        "weightedAverageShsOutDil": 258979000,
        "link": "https://www.sec.gov/Archives/edgar/data/886158/000110465908062931/0001104659-08-062931-index.htm",
        "finalLink": "https://www.sec.gov/Archives/edgar/data/886158/000110465908062931/a08-25144_110q.htm"
    },
    {
        "date": "2008-05-31",
        "symbol": "BBBY",
        "reportedCurrency": "USD",
        "cik": "0000886158",
        "fillingDate": "2008-07-10",
        "acceptedDate": "2008-07-10 13:23:52",
        "calendarYear": "2008",
        "period": "Q1",
        "revenue": 1648491000,
        "costOfRevenue": 992491000,
        "grossProfit": 656000000,
        "grossProfitRatio": 0.3979396915,
        "researchAndDevelopmentExpenses": 0,
        "generalAndAdministrativeExpenses": 0,
        "sellingAndMarketingExpenses": 0,
        "sellingGeneralAndAdministrativeExpenses": 537181000,
        "otherExpenses": 0,
        "operatingExpenses": 537181000,
        "costAndExpenses": 1529672000,
        "interestIncome": 0,
        "interestExpense": 0,
        "depreciationAndAmortization": 43619000,
        "ebitda": 162438000,
        "ebitdaratio": 0.0985373896,
        "operatingIncome": 118819000,
        "operatingIncomeRatio": 0.0720774332,
        "totalOtherIncomeExpensesNet": 4530000,
        "incomeBeforeTax": 123349000,
        "incomeBeforeTaxRatio": 0.0748254009,
        "incomeTaxExpense": 46572000,
        "netIncome": 76777000,
        "netIncomeRatio": 0.0465741093,
        "eps": 0.3,
        "epsdiluted": 0.3,
        "weightedAverageShsOut": 256634000,
        "weightedAverageShsOutDil": 259263000,
        "link": "https://www.sec.gov/Archives/edgar/data/886158/000110465908045024/0001104659-08-045024-index.htm",
        "finalLink": "https://www.sec.gov/Archives/edgar/data/886158/000110465908045024/a08-18085_110q.htm"
    },
    {
        "date": "2008-03-01",
        "symbol": "BBBY",
        "reportedCurrency": "USD",
        "cik": "0000886158",
        "fillingDate": "2008-04-30",
        "acceptedDate": "2008-04-30 11:47:08",
        "calendarYear": "2007",
        "period": "Q4",
        "revenue": 1933186000,
        "costOfRevenue": 1134088000,
        "grossProfit": 799098000,
        "grossProfitRatio": 0.4133580525,
        "researchAndDevelopmentExpenses": 0,
        "generalAndAdministrativeExpenses": 0,
        "sellingAndMarketingExpenses": 0,
        "sellingGeneralAndAdministrativeExpenses": 539656000,
        "otherExpenses": 0,
        "operatingExpenses": 539656000,
        "costAndExpenses": 1673744000,
        "interestIncome": 0,
        "interestExpense": 0,
        "depreciationAndAmortization": 41578000,
        "ebitda": 301020000,
        "ebitdaratio": 0.1557118663,
        "operatingIncome": 259442000,
        "operatingIncomeRatio": 0.1342043652,
        "totalOtherIncomeExpensesNet": 5635000,
        "incomeBeforeTax": 265077000,
        "incomeBeforeTaxRatio": 0.1371192425,
        "incomeTaxExpense": 92156000,
        "netIncome": 172921000,
        "netIncomeRatio": 0.0894487132,
        "eps": 0.66,
        "epsdiluted": 0.66,
        "weightedAverageShsOut": 260729000,
        "weightedAverageShsOutDil": 263836000,
        "link": "https://www.sec.gov/Archives/edgar/data/886158/000110465908028282/0001104659-08-028282-index.htm",
        "finalLink": "https://www.sec.gov/Archives/edgar/data/886158/000110465908028282/a08-12651_110k.htm"
    },
    {
        "date": "2007-12-01",
        "symbol": "BBBY",
        "reportedCurrency": "USD",
        "cik": "0000886158",
        "fillingDate": "2008-01-10",
        "acceptedDate": "2008-01-10 10:42:33",
        "calendarYear": "2007",
        "period": "Q3",
        "revenue": 1794747000,
        "costOfRevenue": 1046881000,
        "grossProfit": 747866000,
        "grossProfitRatio": 0.4166971724,
        "researchAndDevelopmentExpenses": 0,
        "generalAndAdministrativeExpenses": 0,
        "sellingAndMarketingExpenses": 0,
        "sellingGeneralAndAdministrativeExpenses": 544714000,
        "otherExpenses": 0,
        "operatingExpenses": 544714000,
        "costAndExpenses": 1591595000,
        "interestIncome": 0,
        "interestExpense": 0,
        "depreciationAndAmortization": 41430000,
        "ebitda": 244582000,
        "ebitdaratio": 0.1362765894,
        "operatingIncome": 203152000,
        "operatingIncomeRatio": 0.1131925558,
        "totalOtherIncomeExpensesNet": 4968000,
        "incomeBeforeTax": 208120000,
        "incomeBeforeTaxRatio": 0.115960634,
        "incomeTaxExpense": 69888000,
        "netIncome": 138232000,
        "netIncomeRatio": 0.0770203265,
        "eps": 0.53,
        "epsdiluted": 0.52,
        "weightedAverageShsOut": 261588000,
        "weightedAverageShsOutDil": 265006000,
        "link": "https://www.sec.gov/Archives/edgar/data/886158/000110465908001718/0001104659-08-001718-index.htm",
        "finalLink": "https://www.sec.gov/Archives/edgar/data/886158/000110465908001718/a08-1538_110q.htm"
    },
    {
        "date": "2007-09-01",
        "symbol": "BBBY",
        "reportedCurrency": "USD",
        "cik": "0000886158",
        "fillingDate": "2007-10-09",
        "acceptedDate": "2007-10-09 11:11:26",
        "calendarYear": "2007",
        "period": "Q2",
        "revenue": 1767716000,
        "costOfRevenue": 1035558000,
        "grossProfit": 732158000,
        "grossProfitRatio": 0.4141830475,
        "researchAndDevelopmentExpenses": 0,
        "generalAndAdministrativeExpenses": 0,
        "sellingAndMarketingExpenses": 0,
        "sellingGeneralAndAdministrativeExpenses": 511121000,
        "otherExpenses": 0,
        "operatingExpenses": 511121000,
        "costAndExpenses": 1546679000,
        "interestIncome": 0,
        "interestExpense": 0,
        "depreciationAndAmortization": 38290000,
        "ebitda": 259327000,
        "ebitdaratio": 0.1467017326,
        "operatingIncome": 221037000,
        "operatingIncomeRatio": 0.1250410134,
        "totalOtherIncomeExpensesNet": 6717000,
        "incomeBeforeTax": 227754000,
        "incomeBeforeTaxRatio": 0.1288408319,
        "incomeTaxExpense": 80746000,
        "netIncome": 147008000,
        "netIncomeRatio": 0.08316268,
        "eps": 0.55,
        "epsdiluted": 0.55,
        "weightedAverageShsOut": 266069000,
        "weightedAverageShsOutDil": 269531000,
        "link": "https://www.sec.gov/Archives/edgar/data/886158/000110465907073843/0001104659-07-073843-index.htm",
        "finalLink": "https://www.sec.gov/Archives/edgar/data/886158/000110465907073843/a07-18287_110q.htm"
    },
    {
        "date": "2007-06-02",
        "symbol": "BBBY",
        "reportedCurrency": "USD",
        "cik": "0000886158",
        "fillingDate": "2007-07-11",
        "acceptedDate": "2007-07-11 15:48:54",
        "calendarYear": "2007",
        "period": "Q1",
        "revenue": 1553293000,
        "costOfRevenue": 907184000,
        "grossProfit": 646109000,
        "grossProfitRatio": 0.4159608007,
        "researchAndDevelopmentExpenses": 0,
        "generalAndAdministrativeExpenses": 0,
        "sellingAndMarketingExpenses": 0,
        "sellingGeneralAndAdministrativeExpenses": 491718000,
        "otherExpenses": 0,
        "operatingExpenses": 491718000,
        "costAndExpenses": 1398902000,
        "interestIncome": 0,
        "interestExpense": 0,
        "depreciationAndAmortization": 38010000,
        "ebitda": 192401000,
        "ebitdaratio": 0.123866521,
        "operatingIncome": 154391000,
        "operatingIncomeRatio": 0.0993959285,
        "totalOtherIncomeExpensesNet": 9890000,
        "incomeBeforeTax": 164281000,
        "incomeBeforeTaxRatio": 0.1057630466,
        "incomeTaxExpense": 59634000,
        "netIncome": 104647000,
        "netIncomeRatio": 0.0673710626,
        "eps": 0.38,
        "epsdiluted": 0.38,
        "weightedAverageShsOut": 273564000,
        "weightedAverageShsOutDil": 278249000,
        "link": "https://www.sec.gov/Archives/edgar/data/886158/000110465907053377/0001104659-07-053377-index.htm",
        "finalLink": "https://www.sec.gov/Archives/edgar/data/886158/000110465907053377/a07-18288_110q.htm"
    },
    {
        "date": "2007-03-03",
        "symbol": "BBBY",
        "reportedCurrency": "USD",
        "cik": "0000886158",
        "fillingDate": "2007-05-02",
        "acceptedDate": "2007-05-02 16:17:40",
        "calendarYear": "2006",
        "period": "Q4",
        "revenue": 1994987000,
        "costOfRevenue": 1132005000,
        "grossProfit": 862982000,
        "grossProfitRatio": 0.4325752499,
        "researchAndDevelopmentExpenses": 0,
        "generalAndAdministrativeExpenses": 0,
        "sellingAndMarketingExpenses": 0,
        "sellingGeneralAndAdministrativeExpenses": 553087000,
        "otherExpenses": 0,
        "operatingExpenses": 553087000,
        "costAndExpenses": 1685092000,
        "interestIncome": 0,
        "interestExpense": 0,
        "depreciationAndAmortization": 38079000,
        "ebitda": 347974000,
        "ebitdaratio": 0.1744241942,
        "operatingIncome": 309895000,
        "operatingIncomeRatio": 0.1553368518,
        "totalOtherIncomeExpensesNet": 13248000,
        "incomeBeforeTax": 323143000,
        "incomeBeforeTaxRatio": 0.1619774966,
        "incomeTaxExpense": 117301000,
        "netIncome": 205842000,
        "netIncomeRatio": 0.1031796197,
        "eps": 0.74,
        "epsdiluted": 0.73,
        "weightedAverageShsOut": 276881500,
        "weightedAverageShsOutDil": 281602500,
        "link": "https://www.sec.gov/Archives/edgar/data/886158/000110465907034862/0001104659-07-034862-index.htm",
        "finalLink": "https://www.sec.gov/Archives/edgar/data/886158/000110465907034862/a07-12518_110k.htm"
    },
    {
        "date": "2006-11-25",
        "symbol": "BBBY",
        "reportedCurrency": "USD",
        "cik": "0000886158",
        "fillingDate": "2007-01-04",
        "acceptedDate": "2007-01-04 13:23:37",
        "calendarYear": "2006",
        "period": "Q3",
        "revenue": 1619240000,
        "costOfRevenue": 915167000,
        "grossProfit": 704073000,
        "grossProfitRatio": 0.4348169512,
        "researchAndDevelopmentExpenses": 0,
        "generalAndAdministrativeExpenses": 0,
        "sellingAndMarketingExpenses": 0,
        "sellingGeneralAndAdministrativeExpenses": 492939000,
        "otherExpenses": 0,
        "operatingExpenses": 492939000,
        "costAndExpenses": 1408106000,
        "interestIncome": 0,
        "interestExpense": 0,
        "depreciationAndAmortization": 33798000,
        "ebitda": 244932000,
        "ebitdaratio": 0.1512635557,
        "operatingIncome": 211134000,
        "operatingIncomeRatio": 0.1303908006,
        "totalOtherIncomeExpensesNet": 10643000,
        "incomeBeforeTax": 221777000,
        "incomeBeforeTaxRatio": 0.1369636373,
        "incomeTaxExpense": 79341000,
        "netIncome": 142436000,
        "netIncomeRatio": 0.0879647242,
        "eps": 0.51,
        "epsdiluted": 0.5,
        "weightedAverageShsOut": 281097000,
        "weightedAverageShsOutDil": 285664000,
        "link": "https://www.sec.gov/Archives/edgar/data/886158/000110465907000589/0001104659-07-000589-index.htm",
        "finalLink": "https://www.sec.gov/Archives/edgar/data/886158/000110465907000589/a07-1092_110q.htm"
    },
    {
        "date": "2006-08-26",
        "symbol": "BBBY",
        "reportedCurrency": "USD",
        "cik": "0000886158",
        "fillingDate": "2006-10-10",
        "acceptedDate": "2006-10-10 17:05:27",
        "calendarYear": "2006",
        "period": "Q2",
        "revenue": 1607239000,
        "costOfRevenue": 928990000,
        "grossProfit": 678249000,
        "grossProfitRatio": 0.4219963552,
        "researchAndDevelopmentExpenses": 0,
        "generalAndAdministrativeExpenses": 0,
        "sellingAndMarketingExpenses": 0,
        "sellingGeneralAndAdministrativeExpenses": 458627000,
        "otherExpenses": 0,
        "operatingExpenses": 458627000,
        "costAndExpenses": 1387617000,
        "interestIncome": 0,
        "interestExpense": 0,
        "depreciationAndAmortization": 32798000,
        "ebitda": 252420000,
        "ebitdaratio": 0.1570519381,
        "operatingIncome": 219622000,
        "operatingIncomeRatio": 0.1366455145,
        "totalOtherIncomeExpensesNet": 9928000,
        "incomeBeforeTax": 229550000,
        "incomeBeforeTaxRatio": 0.1428225671,
        "incomeTaxExpense": 84015000,
        "netIncome": 145535000,
        "netIncomeRatio": 0.0905496942,
        "eps": 0.52,
        "epsdiluted": 0.51,
        "weightedAverageShsOut": 280567000,
        "weightedAverageShsOutDil": 284654000,
        "link": "https://www.sec.gov/Archives/edgar/data/886158/000110465906065923/0001104659-06-065923-index.htm",
        "finalLink": "https://www.sec.gov/Archives/edgar/data/886158/000110465906065923/a06-20873_210q.htm"
    },
    {
        "date": "2006-05-27",
        "symbol": "BBBY",
        "reportedCurrency": "USD",
        "cik": "0000886158",
        "fillingDate": "2006-07-06",
        "acceptedDate": "2006-07-06 09:35:38",
        "calendarYear": "2006",
        "period": "Q1",
        "revenue": 1395963000,
        "costOfRevenue": 805865000,
        "grossProfit": 590098000,
        "grossProfitRatio": 0.4227175076,
        "researchAndDevelopmentExpenses": 0,
        "generalAndAdministrativeExpenses": 0,
        "sellingAndMarketingExpenses": 0,
        "sellingGeneralAndAdministrativeExpenses": 441348000,
        "otherExpenses": 0,
        "operatingExpenses": 441348000,
        "costAndExpenses": 1247213000,
        "interestIncome": 0,
        "interestExpense": 0,
        "depreciationAndAmortization": 31812000,
        "ebitda": 180562000,
        "ebitdaratio": 0.1293458351,
        "operatingIncome": 148750000,
        "operatingIncomeRatio": 0.1065572655,
        "totalOtherIncomeExpensesNet": 9659000,
        "incomeBeforeTax": 158409000,
        "incomeBeforeTaxRatio": 0.1134765033,
        "incomeTaxExpense": 57978000,
        "netIncome": 100431000,
        "netIncomeRatio": 0.0719438839,
        "eps": 0.36,
        "epsdiluted": 0.35,
        "weightedAverageShsOut": 280202000,
        "weightedAverageShsOutDil": 285153000,
        "link": "https://www.sec.gov/Archives/edgar/data/886158/000110465906045525/0001104659-06-045525-index.htm",
        "finalLink": "https://www.sec.gov/Archives/edgar/data/886158/000110465906045525/a06-14680_110q.htm"
    },
    {
        "date": "2006-02-25",
        "symbol": "BBBY",
        "reportedCurrency": "USD",
        "cik": "0000886158",
        "fillingDate": "2006-05-12",
        "acceptedDate": "2006-05-12 11:46:33",
        "calendarYear": "2005",
        "period": "Q4",
        "revenue": 1685279000,
        "costOfRevenue": 937459000,
        "grossProfit": 747820000,
        "grossProfitRatio": 0.4437366157,
        "researchAndDevelopmentExpenses": 0,
        "generalAndAdministrativeExpenses": 0,
        "sellingAndMarketingExpenses": 0,
        "sellingGeneralAndAdministrativeExpenses": 442903000,
        "otherExpenses": 0,
        "operatingExpenses": 442903000,
        "costAndExpenses": 1380362000,
        "interestIncome": 0,
        "interestExpense": 0,
        "depreciationAndAmortization": 31578000,
        "ebitda": 336495000,
        "ebitdaratio": 0.1996672361,
        "operatingIncome": 304917000,
        "operatingIncomeRatio": 0.1809296858,
        "totalOtherIncomeExpensesNet": 11252000,
        "incomeBeforeTax": 316169000,
        "incomeBeforeTaxRatio": 0.1876063251,
        "incomeTaxExpense": 118247000,
        "netIncome": 197922000,
        "netIncomeRatio": 0.1174416818,
        "eps": 0.67,
        "epsdiluted": 0.66,
        "weightedAverageShsOut": 294970000,
        "weightedAverageShsOutDil": 300024000,
        "link": "https://www.sec.gov/Archives/edgar/data/886158/000110465906034196/0001104659-06-034196-index.htm",
        "finalLink": "https://www.sec.gov/Archives/edgar/data/886158/000110465906034196/a06-11581_110k.htm"
    },
    {
        "date": "2005-11-26",
        "symbol": "BBBY",
        "reportedCurrency": "USD",
        "cik": "0000886158",
        "fillingDate": "2006-01-05",
        "acceptedDate": "2006-01-05 16:55:34",
        "calendarYear": "2005",
        "period": "Q3",
        "revenue": 1448680000,
        "costOfRevenue": 833317000,
        "grossProfit": 615363000,
        "grossProfitRatio": 0.4247749676,
        "researchAndDevelopmentExpenses": 0,
        "generalAndAdministrativeExpenses": 0,
        "sellingAndMarketingExpenses": 0,
        "sellingGeneralAndAdministrativeExpenses": 409870000,
        "otherExpenses": 0,
        "operatingExpenses": 409870000,
        "costAndExpenses": 1243187000,
        "interestIncome": 0,
        "interestExpense": 0,
        "depreciationAndAmortization": 25944000,
        "ebitda": 231437000,
        "ebitdaratio": 0.1597571582,
        "operatingIncome": 205493000,
        "operatingIncomeRatio": 0.1418484413,
        "totalOtherIncomeExpensesNet": 9555000,
        "incomeBeforeTax": 215048000,
        "incomeBeforeTaxRatio": 0.1484441008,
        "incomeTaxExpense": 80428000,
        "netIncome": 134620000,
        "netIncomeRatio": 0.092925974,
        "eps": 0.45,
        "epsdiluted": 0.45,
        "weightedAverageShsOut": 296041000,
        "weightedAverageShsOutDil": 301075000,
        "link": "https://www.sec.gov/Archives/edgar/data/886158/000110465906000666/0001104659-06-000666-index.htm",
        "finalLink": "https://www.sec.gov/Archives/edgar/data/886158/000110465906000666/a06-1166_110q.htm"
    },
    {
        "date": "2005-08-27",
        "symbol": "BBBY",
        "reportedCurrency": "USD",
        "cik": "0000886158",
        "fillingDate": "2005-10-05",
        "acceptedDate": "2005-10-05 15:22:01",
        "calendarYear": "2005",
        "period": "Q2",
        "revenue": 1431182000,
        "costOfRevenue": 829398000,
        "grossProfit": 601784000,
        "grossProfitRatio": 0.4204804141,
        "researchAndDevelopmentExpenses": 0,
        "generalAndAdministrativeExpenses": 0,
        "sellingAndMarketingExpenses": 0,
        "sellingGeneralAndAdministrativeExpenses": 383907000,
        "otherExpenses": 0,
        "operatingExpenses": 383907000,
        "costAndExpenses": 1213305000,
        "interestIncome": 0,
        "interestExpense": 0,
        "depreciationAndAmortization": 29214000,
        "ebitda": 247091000,
        "ebitdaratio": 0.1726482027,
        "operatingIncome": 217877000,
        "operatingIncomeRatio": 0.1522357045,
        "totalOtherIncomeExpensesNet": 8005000,
        "incomeBeforeTax": 225882000,
        "incomeBeforeTaxRatio": 0.1578289833,
        "incomeTaxExpense": 84480000,
        "netIncome": 141402000,
        "netIncomeRatio": 0.0988008513,
        "eps": 0.48,
        "epsdiluted": 0.47,
        "weightedAverageShsOut": 295458000,
        "weightedAverageShsOutDil": 301362000,
        "link": "https://www.sec.gov/Archives/edgar/data/886158/000110465905047280/0001104659-05-047280-index.htm",
        "finalLink": "https://www.sec.gov/Archives/edgar/data/886158/000110465905047280/a05-17150_110q.htm"
    },
    {
        "date": "2005-05-28",
        "symbol": "BBBY",
        "reportedCurrency": "USD",
        "cik": "0000886158",
        "fillingDate": "2005-07-06",
        "acceptedDate": "2005-07-06 12:02:07",
        "calendarYear": "2005",
        "period": "Q1",
        "revenue": 1244421000,
        "costOfRevenue": 723640000,
        "grossProfit": 520781000,
        "grossProfitRatio": 0.4184926162,
        "researchAndDevelopmentExpenses": 0,
        "generalAndAdministrativeExpenses": 0,
        "sellingAndMarketingExpenses": 0,
        "sellingGeneralAndAdministrativeExpenses": 369897000,
        "otherExpenses": 0,
        "operatingExpenses": 369897000,
        "costAndExpenses": 1093537000,
        "interestIncome": 0,
        "interestExpense": 0,
        "depreciationAndAmortization": 27547000,
        "ebitda": 178431000,
        "ebitdaratio": 0.1433847548,
        "operatingIncome": 150884000,
        "operatingIncomeRatio": 0.1212483557,
        "totalOtherIncomeExpensesNet": 7108000,
        "incomeBeforeTax": 157992000,
        "incomeBeforeTaxRatio": 0.126960249,
        "incomeTaxExpense": 59089000,
        "netIncome": 98903000,
        "netIncomeRatio": 0.0794771223,
        "eps": 0.34,
        "epsdiluted": 0.33,
        "weightedAverageShsOut": 294413000,
        "weightedAverageShsOutDil": 299055000,
        "link": "https://www.sec.gov/Archives/edgar/data/886158/000110465905031291/0001104659-05-031291-index.htm",
        "finalLink": "https://www.sec.gov/Archives/edgar/data/886158/000110465905031291/a05-11716_110q.htm"
    },
    {
        "date": "2005-02-26",
        "symbol": "BBBY",
        "reportedCurrency": "USD",
        "cik": "0000886158",
        "fillingDate": "2005-05-12",
        "acceptedDate": "2005-05-12 15:11:25",
        "calendarYear": "2004",
        "period": "Q4",
        "revenue": 1467646000,
        "costOfRevenue": 817100000,
        "grossProfit": 650546000,
        "grossProfitRatio": 0.4432581154,
        "researchAndDevelopmentExpenses": 0,
        "generalAndAdministrativeExpenses": 0,
        "sellingAndMarketingExpenses": 0,
        "sellingGeneralAndAdministrativeExpenses": 366925000,
        "otherExpenses": 0,
        "operatingExpenses": 366925000,
        "costAndExpenses": 1184025000,
        "interestIncome": 0,
        "interestExpense": 0,
        "depreciationAndAmortization": 28203000,
        "ebitda": 311824000,
        "ebitdaratio": 0.2124654038,
        "operatingIncome": 283621000,
        "operatingIncomeRatio": 0.193248917,
        "totalOtherIncomeExpensesNet": 7110000,
        "incomeBeforeTax": 290731000,
        "incomeBeforeTaxRatio": 0.1980934094,
        "incomeTaxExpense": 109751000,
        "netIncome": 180980000,
        "netIncomeRatio": 0.123313115,
        "eps": 0.61,
        "epsdiluted": 0.6,
        "weightedAverageShsOut": 297578000,
        "weightedAverageShsOutDil": 302848500,
        "link": "https://www.sec.gov/Archives/edgar/data/886158/000110465905022926/0001104659-05-022926-index.htm",
        "finalLink": "https://www.sec.gov/Archives/edgar/data/886158/000110465905022926/a05-9112_110k.htm"
    },
    {
        "date": "2004-11-27",
        "symbol": "BBBY",
        "reportedCurrency": "USD",
        "cik": "0000886158",
        "fillingDate": "2005-01-04",
        "acceptedDate": "2005-01-04 10:22:07",
        "calendarYear": "2004",
        "period": "Q3",
        "revenue": 1305155000,
        "costOfRevenue": 757003000,
        "grossProfit": 548152000,
        "grossProfitRatio": 0.4199899629,
        "researchAndDevelopmentExpenses": 0,
        "generalAndAdministrativeExpenses": 0,
        "sellingAndMarketingExpenses": 0,
        "sellingGeneralAndAdministrativeExpenses": 357174000,
        "otherExpenses": 0,
        "operatingExpenses": 357174000,
        "costAndExpenses": 1114177000,
        "interestIncome": 0,
        "interestExpense": 0,
        "depreciationAndAmortization": 24192000,
        "ebitda": 215170000,
        "ebitdaratio": 0.1648616448,
        "operatingIncome": 190978000,
        "operatingIncomeRatio": 0.1463259153,
        "totalOtherIncomeExpensesNet": 4889000,
        "incomeBeforeTax": 195867000,
        "incomeBeforeTaxRatio": 0.1500718305,
        "incomeTaxExpense": 73940000,
        "netIncome": 121927000,
        "netIncomeRatio": 0.0934195555,
        "eps": 0.4,
        "epsdiluted": 0.4,
        "weightedAverageShsOut": 301409000,
        "weightedAverageShsOutDil": 307557000,
        "link": "https://www.sec.gov/Archives/edgar/data/886158/000110465905000180/0001104659-05-000180-index.htm",
        "finalLink": "https://www.sec.gov/Archives/edgar/data/886158/000110465905000180/a04-15413_110q.htm"
    },
    {
        "date": "2004-08-28",
        "symbol": "BBBY",
        "reportedCurrency": "USD",
        "cik": "0000886158",
        "fillingDate": "2004-09-30",
        "acceptedDate": "2004-09-30 15:53:34",
        "calendarYear": "2004",
        "period": "Q2",
        "revenue": 1273960000,
        "costOfRevenue": 743131000,
        "grossProfit": 530829000,
        "grossProfitRatio": 0.4166763478,
        "researchAndDevelopmentExpenses": 0,
        "generalAndAdministrativeExpenses": 0,
        "sellingAndMarketingExpenses": 0,
        "sellingGeneralAndAdministrativeExpenses": 341721000,
        "otherExpenses": 0,
        "operatingExpenses": 341721000,
        "costAndExpenses": 1084852000,
        "interestIncome": 0,
        "interestExpense": 0,
        "depreciationAndAmortization": 24056000,
        "ebitda": 213164000,
        "ebitdaratio": 0.1673239348,
        "operatingIncome": 189108000,
        "operatingIncomeRatio": 0.1484410814,
        "totalOtherIncomeExpensesNet": 3676000,
        "incomeBeforeTax": 192784000,
        "incomeBeforeTaxRatio": 0.1513265723,
        "incomeTaxExpense": 72776000,
        "netIncome": 120008000,
        "netIncomeRatio": 0.0942007598,
        "eps": 0.4,
        "epsdiluted": 0.39,
        "weightedAverageShsOut": 300778000,
        "weightedAverageShsOutDil": 306495000,
        "link": "https://www.sec.gov/Archives/edgar/data/886158/000110465904029164/0001104659-04-029164-index.htm",
        "finalLink": "https://www.sec.gov/Archives/edgar/data/886158/000110465904029164/a04-11008_110q.htm"
    },
    {
        "date": "2004-05-29",
        "symbol": "BBBY",
        "reportedCurrency": "USD",
        "cik": "0000886158",
        "fillingDate": "2004-07-07",
        "acceptedDate": "2004-07-07 16:14:12",
        "calendarYear": "2004",
        "period": "Q1",
        "revenue": 1100917000,
        "costOfRevenue": 644143000,
        "grossProfit": 456774000,
        "grossProfitRatio": 0.4149032125,
        "researchAndDevelopmentExpenses": 0,
        "generalAndAdministrativeExpenses": 0,
        "sellingAndMarketingExpenses": 0,
        "sellingGeneralAndAdministrativeExpenses": 328067000,
        "otherExpenses": 0,
        "operatingExpenses": 328067000,
        "costAndExpenses": 972210000,
        "interestIncome": 0,
        "interestExpense": 0,
        "depreciationAndAmortization": 22697000,
        "ebitda": 151404000,
        "ebitdaratio": 0.1375253539,
        "operatingIncome": 128707000,
        "operatingIncomeRatio": 0.1169089041,
        "totalOtherIncomeExpensesNet": 3098000,
        "incomeBeforeTax": 131805000,
        "incomeBeforeTaxRatio": 0.1197229219,
        "incomeTaxExpense": 49756000,
        "netIncome": 82049000,
        "netIncomeRatio": 0.0745278709,
        "eps": 0.27,
        "epsdiluted": 0.27,
        "weightedAverageShsOut": 300417000,
        "weightedAverageShsOutDil": 306584000,
        "link": "https://www.sec.gov/Archives/edgar/data/886158/000110465904019084/0001104659-04-019084-index.htm",
        "finalLink": "https://www.sec.gov/Archives/edgar/data/886158/000110465904019084/a04-7622_110q.htm"
    },
    {
        "date": "2004-02-28",
        "symbol": "BBBY",
        "reportedCurrency": "USD",
        "cik": "0000886158",
        "fillingDate": "2004-05-13",
        "acceptedDate": "2004-05-13 13:42:51",
        "calendarYear": "2003",
        "period": "Q4",
        "revenue": 1297928000,
        "costOfRevenue": 734576000,
        "grossProfit": 563352000,
        "grossProfitRatio": 0.4340394845,
        "researchAndDevelopmentExpenses": 0,
        "generalAndAdministrativeExpenses": 0,
        "sellingAndMarketingExpenses": 0,
        "sellingGeneralAndAdministrativeExpenses": 331785000,
        "otherExpenses": 0,
        "operatingExpenses": 331785000,
        "costAndExpenses": 1066361000,
        "interestIncome": 0,
        "interestExpense": 0,
        "depreciationAndAmortization": 24065000,
        "ebitda": 255632000,
        "ebitdaratio": 0.1969539142,
        "operatingIncome": 231567000,
        "operatingIncomeRatio": 0.1784128241,
        "totalOtherIncomeExpensesNet": 2983000,
        "incomeBeforeTax": 234550000,
        "incomeBeforeTaxRatio": 0.1807111026,
        "incomeTaxExpense": 90302000,
        "netIncome": 144248000,
        "netIncomeRatio": 0.1111371355,
        "eps": 0.49,
        "epsdiluted": 0.47,
        "weightedAverageShsOut": 297066500,
        "weightedAverageShsOutDil": 304923000,
        "link": "https://www.sec.gov/Archives/edgar/data/886158/000110465904014261/0001104659-04-014261-index.htm",
        "finalLink": "https://www.sec.gov/Archives/edgar/data/886158/000110465904014261/a04-5859_110k.htm"
    },
    {
        "date": "2003-11-29",
        "symbol": "BBBY",
        "reportedCurrency": "USD",
        "cik": "0000886158",
        "fillingDate": "2004-01-12",
        "acceptedDate": "2004-01-12 15:19:44",
        "calendarYear": "2003",
        "period": "Q3",
        "revenue": 1174740000,
        "costOfRevenue": 687753000,
        "grossProfit": 486987000,
        "grossProfitRatio": 0.4145487512,
        "researchAndDevelopmentExpenses": 0,
        "generalAndAdministrativeExpenses": 0,
        "sellingAndMarketingExpenses": 0,
        "sellingGeneralAndAdministrativeExpenses": 325528000,
        "otherExpenses": 0,
        "operatingExpenses": 325528000,
        "costAndExpenses": 1013281000,
        "interestIncome": 0,
        "interestExpense": 0,
        "depreciationAndAmortization": 20859000,
        "ebitda": 182318000,
        "ebitdaratio": 0.1551985971,
        "operatingIncome": 161459000,
        "operatingIncomeRatio": 0.1374423277,
        "totalOtherIncomeExpensesNet": 1965000,
        "incomeBeforeTax": 163424000,
        "incomeBeforeTaxRatio": 0.1391150382,
        "incomeTaxExpense": 62918000,
        "netIncome": 100506000,
        "netIncomeRatio": 0.0855559528,
        "eps": 0.34,
        "epsdiluted": 0.33,
        "weightedAverageShsOut": 297279000,
        "weightedAverageShsOutDil": 305156000,
        "link": "https://www.sec.gov/Archives/edgar/data/886158/000110465904000623/0001104659-04-000623-index.htm",
        "finalLink": "https://www.sec.gov/Archives/edgar/data/886158/000110465904000623/a04-1106_110q.htm"
    },
    {
        "date": "2003-08-30",
        "symbol": "BBBY",
        "reportedCurrency": "USD",
        "cik": "0000886158",
        "fillingDate": "2003-10-10",
        "acceptedDate": "2003-10-10 16:23:32",
        "calendarYear": "2003",
        "period": "Q2",
        "revenue": 1111445000,
        "costOfRevenue": 652300000,
        "grossProfit": 459145000,
        "grossProfitRatio": 0.4131063615,
        "researchAndDevelopmentExpenses": 0,
        "generalAndAdministrativeExpenses": 0,
        "sellingAndMarketingExpenses": 0,
        "sellingGeneralAndAdministrativeExpenses": 303278000,
        "otherExpenses": 0,
        "operatingExpenses": 303278000,
        "costAndExpenses": 955578000,
        "interestIncome": 0,
        "interestExpense": 0,
        "depreciationAndAmortization": 20819000,
        "ebitda": 176686000,
        "ebitdaratio": 0.1589696296,
        "operatingIncome": 155867000,
        "operatingIncomeRatio": 0.1402381584,
        "totalOtherIncomeExpensesNet": 2195000,
        "incomeBeforeTax": 158062000,
        "incomeBeforeTaxRatio": 0.142213065,
        "incomeTaxExpense": 60854000,
        "netIncome": 97208000,
        "netIncomeRatio": 0.087460918,
        "eps": 0.33,
        "epsdiluted": 0.32,
        "weightedAverageShsOut": 295811000,
        "weightedAverageShsOutDil": 304172000,
        "link": "https://www.sec.gov/Archives/edgar/data/886158/000095012303011313/0000950123-03-011313-index.htm",
        "finalLink": "https://www.sec.gov/Archives/edgar/data/886158/000095012303011313/y90557e10vq.htm"
    },
    {
        "date": "2003-05-31",
        "symbol": "BBBY",
        "reportedCurrency": "USD",
        "cik": "0000886158",
        "fillingDate": "2003-07-14",
        "acceptedDate": "2003-07-14 16:56:27",
        "calendarYear": "2003",
        "period": "Q1",
        "revenue": 893868000,
        "costOfRevenue": 526688000,
        "grossProfit": 367180000,
        "grossProfitRatio": 0.4107765352,
        "researchAndDevelopmentExpenses": 0,
        "generalAndAdministrativeExpenses": 0,
        "sellingAndMarketingExpenses": 0,
        "sellingGeneralAndAdministrativeExpenses": 276730000,
        "otherExpenses": 0,
        "operatingExpenses": 276730000,
        "costAndExpenses": 803418000,
        "interestIncome": 0,
        "interestExpense": 0,
        "depreciationAndAmortization": 20087000,
        "ebitda": 110537000,
        "ebitdaratio": 0.1236614355,
        "operatingIncome": 90450000,
        "operatingIncomeRatio": 0.1011894374,
        "totalOtherIncomeExpensesNet": 3059000,
        "incomeBeforeTax": 93509000,
        "incomeBeforeTaxRatio": 0.1046116429,
        "incomeTaxExpense": 36001000,
        "netIncome": 57508000,
        "netIncomeRatio": 0.0643361212,
        "eps": 0.19,
        "epsdiluted": 0.19,
        "weightedAverageShsOut": 294963000,
        "weightedAverageShsOutDil": 303038000,
        "link": "https://www.sec.gov/Archives/edgar/data/886158/000095012303008163/0000950123-03-008163-index.htm",
        "finalLink": "https://www.sec.gov/Archives/edgar/data/886158/000095012303008163/y88341e10vq.htm"
    },
    {
        "date": "2003-03-01",
        "symbol": "BBBY",
        "reportedCurrency": "USD",
        "cik": "0000886158",
        "fillingDate": "2003-05-29",
        "acceptedDate": "2003-05-29 11:02:01",
        "calendarYear": "2002",
        "period": "Q4",
        "revenue": 1049292000,
        "costOfRevenue": 605666000,
        "grossProfit": 443626000,
        "grossProfitRatio": 0.422786031,
        "researchAndDevelopmentExpenses": 0,
        "generalAndAdministrativeExpenses": 0,
        "sellingAndMarketingExpenses": 0,
        "sellingGeneralAndAdministrativeExpenses": 275185000,
        "otherExpenses": 0,
        "operatingExpenses": 275185000,
        "costAndExpenses": 880851000,
        "interestIncome": 0,
        "interestExpense": 0,
        "depreciationAndAmortization": 18744000,
        "ebitda": 187185000,
        "ebitdaratio": 0.1783917156,
        "operatingIncome": 168441000,
        "operatingIncomeRatio": 0.1605282419,
        "totalOtherIncomeExpensesNet": 2794000,
        "incomeBeforeTax": 171235000,
        "incomeBeforeTaxRatio": 0.1631909897,
        "incomeTaxExpense": 65926000,
        "netIncome": 105309000,
        "netIncomeRatio": 0.1003619583,
        "eps": 0.36,
        "epsdiluted": 0.35,
        "weightedAverageShsOut": 293117000,
        "weightedAverageShsOutDil": 301246000,
        "link": "https://www.sec.gov/Archives/edgar/data/886158/000095012303006624/0000950123-03-006624-index.htm",
        "finalLink": "https://www.sec.gov/Archives/edgar/data/886158/000095012303006624/y87046e10vk.htm"
    },
    {
        "date": "2002-11-30",
        "symbol": "BBBY",
        "reportedCurrency": "USD",
        "cik": "0000886158",
        "fillingDate": "2003-01-14",
        "acceptedDate": "2003-01-14 16:44:45",
        "calendarYear": "2002",
        "period": "Q3",
        "revenue": 936030000,
        "costOfRevenue": 549806000,
        "grossProfit": 386224000,
        "grossProfitRatio": 0.4126192537,
        "researchAndDevelopmentExpenses": 0,
        "generalAndAdministrativeExpenses": 0,
        "sellingAndMarketingExpenses": 0,
        "sellingGeneralAndAdministrativeExpenses": 266996000,
        "otherExpenses": 0,
        "operatingExpenses": 266996000,
        "costAndExpenses": 816802000,
        "interestIncome": 0,
        "interestExpense": 0,
        "depreciationAndAmortization": 17747000,
        "ebitda": 136975000,
        "ebitdaratio": 0.1463361217,
        "operatingIncome": 119228000,
        "operatingIncomeRatio": 0.1273762593,
        "totalOtherIncomeExpensesNet": 2905000,
        "incomeBeforeTax": 122133000,
        "incomeBeforeTaxRatio": 0.1304797923,
        "incomeTaxExpense": 47021000,
        "netIncome": 75112000,
        "netIncomeRatio": 0.0802452913,
        "eps": 0.26,
        "epsdiluted": 0.25,
        "weightedAverageShsOut": 293307000,
        "weightedAverageShsOutDil": 301345000,
        "link": "https://www.sec.gov/Archives/edgar/data/886158/000095012303000303/0000950123-03-000303-index.htm",
        "finalLink": "https://www.sec.gov/Archives/edgar/data/886158/000095012303000303/y82509e10vq.htm"
    },
    {
        "date": "2002-08-31",
        "symbol": "BBBY",
        "reportedCurrency": "USD",
        "cik": "0000886158",
        "fillingDate": "2002-10-11",
        "acceptedDate": "2002-10-11 16:30:17",
        "calendarYear": "2002",
        "period": "Q2",
        "revenue": 903044000,
        "costOfRevenue": 532709000,
        "grossProfit": 370335000,
        "grossProfitRatio": 0.4100962965,
        "researchAndDevelopmentExpenses": 0,
        "generalAndAdministrativeExpenses": 0,
        "sellingAndMarketingExpenses": 0,
        "sellingGeneralAndAdministrativeExpenses": 250648000,
        "otherExpenses": 0,
        "operatingExpenses": 250648000,
        "costAndExpenses": 783357000,
        "interestIncome": 0,
        "interestExpense": 0,
        "depreciationAndAmortization": 22124000,
        "ebitda": 141811000,
        "ebitdaratio": 0.1570366449,
        "operatingIncome": 119687000,
        "operatingIncomeRatio": 0.132537285,
        "totalOtherIncomeExpensesNet": 3010000,
        "incomeBeforeTax": 122697000,
        "incomeBeforeTaxRatio": 0.1358704559,
        "incomeTaxExpense": 47238000,
        "netIncome": 75459000,
        "netIncomeRatio": 0.0835607124,
        "eps": 0.26,
        "epsdiluted": 0.25,
        "weightedAverageShsOut": 292441000,
        "weightedAverageShsOutDil": 300737000,
        "link": "https://www.sec.gov/Archives/edgar/data/886158/000095012302009647/0000950123-02-009647-index.htm",
        "finalLink": "https://www.sec.gov/Archives/edgar/data/886158/000095012302009647/y64563e10vq.htm"
    },
    {
        "date": "2002-06-01",
        "symbol": "BBBY",
        "reportedCurrency": "USD",
        "cik": "0000886158",
        "fillingDate": "2002-07-12",
        "acceptedDate": "2002-07-12 16:43:15",
        "calendarYear": "2002",
        "period": "Q1",
        "revenue": 776798000,
        "costOfRevenue": 458436000,
        "grossProfit": 318362000,
        "grossProfitRatio": 0.4098388513,
        "researchAndDevelopmentExpenses": 0,
        "generalAndAdministrativeExpenses": 0,
        "sellingAndMarketingExpenses": 0,
        "sellingGeneralAndAdministrativeExpenses": 245661000,
        "otherExpenses": 0,
        "operatingExpenses": 245661000,
        "costAndExpenses": 704097000,
        "interestIncome": 0,
        "interestExpense": 0,
        "depreciationAndAmortization": 17195000,
        "ebitda": 89896000,
        "ebitdaratio": 0.1157263536,
        "operatingIncome": 72701000,
        "operatingIncomeRatio": 0.0935906117,
        "totalOtherIncomeExpensesNet": 2582000,
        "incomeBeforeTax": 75283000,
        "incomeBeforeTaxRatio": 0.0969145132,
        "incomeTaxExpense": 28984000,
        "netIncome": 46299000,
        "netIncomeRatio": 0.0596023677,
        "eps": 0.16,
        "epsdiluted": 0.15,
        "weightedAverageShsOut": 291726000,
        "weightedAverageShsOutDil": 300674000,
        "link": "https://www.sec.gov/Archives/edgar/data/886158/000095012302006949/0000950123-02-006949-index.htm",
        "finalLink": "https://www.sec.gov/Archives/edgar/data/886158/000095012302006949/y62161e10vq.htm"
    },
    {
        "date": "2002-03-02",
        "symbol": "BBBY",
        "reportedCurrency": "USD",
        "cik": "0000886158",
        "fillingDate": "2002-05-31",
        "acceptedDate": "2002-05-31 12:19:25",
        "calendarYear": "2001",
        "period": "Q4",
        "revenue": 879055000,
        "costOfRevenue": 508820000,
        "grossProfit": 370235000,
        "grossProfitRatio": 0.4211738742,
        "researchAndDevelopmentExpenses": 0,
        "generalAndAdministrativeExpenses": 0,
        "sellingAndMarketingExpenses": 0,
        "sellingGeneralAndAdministrativeExpenses": 238158000,
        "otherExpenses": 0,
        "operatingExpenses": 238158000,
        "costAndExpenses": 746978000,
        "interestIncome": 0,
        "interestExpense": 0,
        "depreciationAndAmortization": 16860000,
        "ebitda": 148937000,
        "ebitdaratio": 0.1694285341,
        "operatingIncome": 132077000,
        "operatingIncomeRatio": 0.1502488468,
        "totalOtherIncomeExpensesNet": 2353000,
        "incomeBeforeTax": 134430000,
        "incomeBeforeTaxRatio": 0.1529255849,
        "incomeTaxExpense": 51756000,
        "netIncome": 82674000,
        "netIncomeRatio": 0.0940487228,
        "eps": 0.28,
        "epsdiluted": 0.28,
        "weightedAverageShsOut": 294427500,
        "weightedAverageShsOutDil": 298516000,
        "link": "https://www.sec.gov/Archives/edgar/data/886158/000095012302005774/0000950123-02-005774-index.htm",
        "finalLink": "https://www.sec.gov/Archives/edgar/data/886158/000095012302005774/y61131e10vk.htm"
    },
    {
        "date": "2001-12-01",
        "symbol": "BBBY",
        "reportedCurrency": "USD",
        "cik": "0000886158",
        "fillingDate": "2002-01-14",
        "acceptedDate": "2002-01-14 00:00:00",
        "calendarYear": "2001",
        "period": "Q3",
        "revenue": 759438000,
        "costOfRevenue": 448408000,
        "grossProfit": 311030000,
        "grossProfitRatio": 0.4095528536,
        "researchAndDevelopmentExpenses": 0,
        "generalAndAdministrativeExpenses": 0,
        "sellingAndMarketingExpenses": 0,
        "sellingGeneralAndAdministrativeExpenses": 227281000,
        "otherExpenses": 0,
        "operatingExpenses": 227281000,
        "costAndExpenses": 675689000,
        "interestIncome": 0,
        "interestExpense": 0,
        "depreciationAndAmortization": 15958000,
        "ebitda": 99707000,
        "ebitdaratio": 0.1312905069,
        "operatingIncome": 83749000,
        "operatingIncomeRatio": 0.1102776,
        "totalOtherIncomeExpensesNet": 2371000,
        "incomeBeforeTax": 86120000,
        "incomeBeforeTaxRatio": 0.1133996455,
        "incomeTaxExpense": 33156000,
        "netIncome": 52964000,
        "netIncomeRatio": 0.0697410454,
        "eps": 0.18,
        "epsdiluted": 0.18,
        "weightedAverageShsOut": 290188000,
        "weightedAverageShsOutDil": 298365000,
        "link": "https://www.sec.gov/Archives/edgar/data/886158/000095012302000317/0000950123-02-000317-index.htm",
        "finalLink": "https://www.sec.gov/Archives/edgar/data/886158/000095012302000317/y56489e10-q.htm"
    },
    {
        "date": "2001-09-01",
        "symbol": "BBBY",
        "reportedCurrency": "USD",
        "cik": "0000886158",
        "fillingDate": "2001-10-15",
        "acceptedDate": "2001-10-15 00:00:00",
        "calendarYear": "2001",
        "period": "Q2",
        "revenue": 713636000,
        "costOfRevenue": 422294000,
        "grossProfit": 291342000,
        "grossProfitRatio": 0.4082501443,
        "researchAndDevelopmentExpenses": 0,
        "generalAndAdministrativeExpenses": 0,
        "sellingAndMarketingExpenses": 0,
        "sellingGeneralAndAdministrativeExpenses": 206670000,
        "otherExpenses": 0,
        "operatingExpenses": 206670000,
        "costAndExpenses": 628964000,
        "interestIncome": 0,
        "interestExpense": 0,
        "depreciationAndAmortization": 15311000,
        "ebitda": 99983000,
        "ebitdaratio": 0.1401036383,
        "operatingIncome": 84672000,
        "operatingIncomeRatio": 0.1186487229,
        "totalOtherIncomeExpensesNet": 3058000,
        "incomeBeforeTax": 87730000,
        "incomeBeforeTaxRatio": 0.1229338206,
        "incomeTaxExpense": 33776000,
        "netIncome": 53954000,
        "netIncomeRatio": 0.0756043697,
        "eps": 0.19,
        "epsdiluted": 0.18,
        "weightedAverageShsOut": 289791000,
        "weightedAverageShsOutDil": 298816000,
        "link": "https://www.sec.gov/Archives/edgar/data/886158/000095012301507222/0000950123-01-507222-index.htm",
        "finalLink": "https://www.sec.gov/Archives/edgar/data/886158/000095012301507222/y53907e10-q.htm"
    },
    {
        "date": "2001-06-02",
        "symbol": "BBBY",
        "reportedCurrency": "USD",
        "cik": "0000886158",
        "fillingDate": "2001-07-16",
        "acceptedDate": "2001-07-16 00:00:00",
        "calendarYear": "2001",
        "period": "Q1",
        "revenue": 575833000,
        "costOfRevenue": 340874000,
        "grossProfit": 234959000,
        "grossProfitRatio": 0.4080332319,
        "researchAndDevelopmentExpenses": 0,
        "generalAndAdministrativeExpenses": 0,
        "sellingAndMarketingExpenses": 0,
        "sellingGeneralAndAdministrativeExpenses": 189357000,
        "otherExpenses": 0,
        "operatingExpenses": 189357000,
        "costAndExpenses": 530231000,
        "interestIncome": 0,
        "interestExpense": 0,
        "depreciationAndAmortization": 14418000,
        "ebitda": 60020000,
        "ebitdaratio": 0.1042316088,
        "operatingIncome": 45602000,
        "operatingIncomeRatio": 0.0791930994,
        "totalOtherIncomeExpensesNet": 3190000,
        "incomeBeforeTax": 48792000,
        "incomeBeforeTaxRatio": 0.0847329,
        "incomeTaxExpense": 18785000,
        "netIncome": 30007000,
        "netIncomeRatio": 0.0521105946,
        "eps": 0.1,
        "epsdiluted": 0.1,
        "weightedAverageShsOut": 288467000,
        "weightedAverageShsOutDil": 297479000,
        "link": "https://www.sec.gov/Archives/edgar/data/886158/000095012301504373/0000950123-01-504373-index.htm",
        "finalLink": "https://www.sec.gov/Archives/edgar/data/886158/000095012301504373/y51385e10-q.txt"
    },
    {
        "date": "2001-03-03",
        "symbol": "BBBY",
        "reportedCurrency": "USD",
        "cik": "0000886158",
        "fillingDate": "2001-05-31",
        "acceptedDate": "2001-05-31 00:00:00",
        "calendarYear": "2000",
        "period": "Q4",
        "revenue": 727400000,
        "costOfRevenue": 401999000,
        "grossProfit": 325401000,
        "grossProfitRatio": 0.4473480891,
        "researchAndDevelopmentExpenses": 0,
        "generalAndAdministrativeExpenses": 0,
        "sellingAndMarketingExpenses": 0,
        "sellingGeneralAndAdministrativeExpenses": 209649000,
        "otherExpenses": 0,
        "operatingExpenses": 176853000,
        "costAndExpenses": 578852000,
        "interestIncome": 0,
        "interestExpense": 0,
        "depreciationAndAmortization": 13854000,
        "ebitda": 162402000,
        "ebitdaratio": 0.2232636789,
        "operatingIncome": 101898000,
        "operatingIncomeRatio": 0.1400852351,
        "totalOtherIncomeExpensesNet": 3536000,
        "incomeBeforeTax": 105434000,
        "incomeBeforeTaxRatio": 0.1449463844,
        "incomeTaxExpense": 41119000,
        "netIncome": 64315000,
        "netIncomeRatio": 0.0884176519,
        "eps": 0.22,
        "epsdiluted": 0.22,
        "weightedAverageShsOut": 286196000,
        "weightedAverageShsOutDil": 295177500,
        "link": "https://www.sec.gov/Archives/edgar/data/886158/000095012301503128/0000950123-01-503128-index.htm",
        "finalLink": "https://www.sec.gov/Archives/edgar/data/886158/000095012301503128/y49742e10-k.txt"
    },
    {
        "date": "2000-11-25",
        "symbol": "BBBY",
        "reportedCurrency": "USD",
        "cik": "0000886158",
        "fillingDate": "2001-01-09",
        "acceptedDate": "2001-01-09 00:00:00",
        "calendarYear": "2000",
        "period": "Q3",
        "revenue": 609519000,
        "costOfRevenue": 351347000,
        "grossProfit": 258172000,
        "grossProfitRatio": 0.4235667797,
        "researchAndDevelopmentExpenses": 0,
        "generalAndAdministrativeExpenses": 0,
        "sellingAndMarketingExpenses": 0,
        "sellingGeneralAndAdministrativeExpenses": 181475000,
        "otherExpenses": 0,
        "operatingExpenses": 193580000,
        "costAndExpenses": 544927000,
        "interestIncome": 0,
        "interestExpense": 0,
        "depreciationAndAmortization": 12105000,
        "ebitda": 76697000,
        "ebitdaratio": 0.1258320085,
        "operatingIncome": 64592000,
        "operatingIncomeRatio": 0.1059720862,
        "totalOtherIncomeExpensesNet": 2072000,
        "incomeBeforeTax": 66664000,
        "incomeBeforeTaxRatio": 0.109371488,
        "incomeTaxExpense": 25999000,
        "netIncome": 40665000,
        "netIncomeRatio": 0.0667165421,
        "eps": 0.14,
        "epsdiluted": 0.14,
        "weightedAverageShsOut": 284237000,
        "weightedAverageShsOutDil": 294164000,
        "link": "https://www.sec.gov/Archives/edgar/data/886158/000095012301000169/0000950123-01-000169-index.htm",
        "finalLink": "https://www.sec.gov/Archives/edgar/data/886158/000095012301000169/y44197e10-q.txt"
    },
    {
        "date": "2000-08-26",
        "symbol": "BBBY",
        "reportedCurrency": "USD",
        "cik": "0000886158",
        "fillingDate": "2000-10-10",
        "acceptedDate": "2000-10-10 00:00:00",
        "calendarYear": "2000",
        "period": "Q2",
        "revenue": 597001000,
        "costOfRevenue": 344739000,
        "grossProfit": 252262000,
        "grossProfitRatio": 0.4225487059,
        "researchAndDevelopmentExpenses": 0,
        "generalAndAdministrativeExpenses": 0,
        "sellingAndMarketingExpenses": 0,
        "sellingGeneralAndAdministrativeExpenses": 171490000,
        "otherExpenses": 0,
        "operatingExpenses": 182253000,
        "costAndExpenses": 526992000,
        "interestIncome": 0,
        "interestExpense": 0,
        "depreciationAndAmortization": 10763000,
        "ebitda": 80772000,
        "ebitdaratio": 0.1352962558,
        "operatingIncome": 70009000,
        "operatingIncomeRatio": 0.1172678103,
        "totalOtherIncomeExpensesNet": 1431000,
        "incomeBeforeTax": 71440000,
        "incomeBeforeTaxRatio": 0.1196647912,
        "incomeTaxExpense": 27862000,
        "netIncome": 43578000,
        "netIncomeRatio": 0.0729948526,
        "eps": 0.15,
        "epsdiluted": 0.15,
        "weightedAverageShsOut": 282872000,
        "weightedAverageShsOutDil": 291363000,
        "link": "https://www.sec.gov/Archives/edgar/data/886158/000095012300009245/0000950123-00-009245-index.htm",
        "finalLink": "https://www.sec.gov/Archives/edgar/data/886158/000095012300009245/y41102e10-q.txt"
    },
    {
        "date": "2000-05-27",
        "symbol": "BBBY",
        "reportedCurrency": "USD",
        "cik": "0000886158",
        "fillingDate": "2000-07-11",
        "acceptedDate": "2000-07-11 00:00:00",
        "calendarYear": "2000",
        "period": "Q1",
        "revenue": 462735000,
        "costOfRevenue": 265461000,
        "grossProfit": 197274000,
        "grossProfitRatio": 0.4263217608,
        "researchAndDevelopmentExpenses": 0,
        "generalAndAdministrativeExpenses": 0,
        "sellingAndMarketingExpenses": 0,
        "sellingGeneralAndAdministrativeExpenses": 151007000,
        "otherExpenses": 0,
        "operatingExpenses": 160935000,
        "costAndExpenses": 426396000,
        "interestIncome": 0,
        "interestExpense": 0,
        "depreciationAndAmortization": 9928000,
        "ebitda": 46267000,
        "ebitdaratio": 0.0999859531,
        "operatingIncome": 36339000,
        "operatingIncomeRatio": 0.0785309086,
        "totalOtherIncomeExpensesNet": 1962000,
        "incomeBeforeTax": 38301000,
        "incomeBeforeTaxRatio": 0.0827709164,
        "incomeTaxExpense": 14937000,
        "netIncome": 23364000,
        "netIncomeRatio": 0.0504911018,
        "eps": 0.09,
        "epsdiluted": 0.08,
        "weightedAverageShsOut": 281718000,
        "weightedAverageShsOutDil": 289954000,
        "link": "https://www.sec.gov/Archives/edgar/data/886158/000095012300006458/0000950123-00-006458-index.htm",
        "finalLink": "https://www.sec.gov/Archives/edgar/data/886158/000095012300006458/e10-q.txt"
    },
    {
        "date": "2000-02-26",
        "symbol": "BBBY",
        "reportedCurrency": "USD",
        "cik": "0000886158",
        "fillingDate": "2000-05-26",
        "acceptedDate": "2000-05-26 00:00:00",
        "calendarYear": "1999",
        "period": "Q4",
        "revenue": 574566000,
        "costOfRevenue": 326985000,
        "grossProfit": 247581000,
        "grossProfitRatio": 0.4309008887,
        "researchAndDevelopmentExpenses": 0,
        "generalAndAdministrativeExpenses": 0,
        "sellingAndMarketingExpenses": 0,
        "sellingGeneralAndAdministrativeExpenses": 161116000,
        "otherExpenses": 0,
        "operatingExpenses": 170341000,
        "costAndExpenses": 497326000,
        "interestIncome": 0,
        "interestExpense": 0,
        "depreciationAndAmortization": 9225000,
        "ebitda": 86465000,
        "ebitdaratio": 0.1504874984,
        "operatingIncome": 77240000,
        "operatingIncomeRatio": 0.1344319016,
        "totalOtherIncomeExpensesNet": 2090000,
        "incomeBeforeTax": 79330000,
        "incomeBeforeTaxRatio": 0.1380694298,
        "incomeTaxExpense": 30901000,
        "netIncome": 48429000,
        "netIncomeRatio": 0.0842879669,
        "eps": 0.17,
        "epsdiluted": 0.17,
        "weightedAverageShsOut": 280144500,
        "weightedAverageShsOutDil": 288289500,
        "link": "https://www.sec.gov/Archives/edgar/data/886158/000095012300005455/0000950123-00-005455-index.htm",
        "finalLink": "https://www.sec.gov/Archives/edgar/data/886158/000095012300005455/"
    },
    {
        "date": "1999-11-27",
        "symbol": "BBBY",
        "reportedCurrency": "USD",
        "cik": "0000886158",
        "fillingDate": "2000-01-11",
        "acceptedDate": "2000-01-11 00:00:00",
        "calendarYear": "1999",
        "period": "Q3",
        "revenue": 486500000,
        "costOfRevenue": 281500000,
        "grossProfit": 205000000,
        "grossProfitRatio": 0.421377184,
        "researchAndDevelopmentExpenses": 0,
        "generalAndAdministrativeExpenses": 0,
        "sellingAndMarketingExpenses": 0,
        "sellingGeneralAndAdministrativeExpenses": 146200000,
        "otherExpenses": 0,
        "operatingExpenses": 154400000,
        "costAndExpenses": 435900000,
        "interestIncome": 0,
        "interestExpense": 0,
        "depreciationAndAmortization": 8200000,
        "ebitda": 58800000,
        "ebitdaratio": 0.1208633094,
        "operatingIncome": 50600000,
        "operatingIncomeRatio": 0.104008222,
        "totalOtherIncomeExpensesNet": 1300000,
        "incomeBeforeTax": 51900000,
        "incomeBeforeTaxRatio": 0.10668037,
        "incomeTaxExpense": 20200000,
        "netIncome": 31700000,
        "netIncomeRatio": 0.0651593011,
        "eps": 0.12,
        "epsdiluted": 0.11,
        "weightedAverageShsOut": 280359000,
        "weightedAverageShsOutDil": 288345000,
        "link": "https://www.sec.gov/Archives/edgar/data/886158/000095012300000199/0000950123-00-000199-index.html",
        "finalLink": "https://www.sec.gov/Archives/edgar/data/886158/000095012300000199/0000950123-00-000199.txt"
    },
    {
        "date": "1999-08-28",
        "symbol": "BBBY",
        "reportedCurrency": "USD",
        "cik": "0000886158",
        "fillingDate": "1999-10-12",
        "acceptedDate": "1999-10-12 00:00:00",
        "calendarYear": "1999",
        "period": "Q2",
        "revenue": 457600000,
        "costOfRevenue": 264700000,
        "grossProfit": 192900000,
        "grossProfitRatio": 0.4215472028,
        "researchAndDevelopmentExpenses": 0,
        "generalAndAdministrativeExpenses": 0,
        "sellingAndMarketingExpenses": 0,
        "sellingGeneralAndAdministrativeExpenses": 132000000,
        "otherExpenses": 0,
        "operatingExpenses": 139300000,
        "costAndExpenses": 404000000,
        "interestIncome": 0,
        "interestExpense": 0,
        "depreciationAndAmortization": 7300000,
        "ebitda": 60900000,
        "ebitdaratio": 0.1330856643,
        "operatingIncome": 53600000,
        "operatingIncomeRatio": 0.1171328671,
        "totalOtherIncomeExpensesNet": 900000,
        "incomeBeforeTax": 54500000,
        "incomeBeforeTaxRatio": 0.1190996503,
        "incomeTaxExpense": 21300000,
        "netIncome": 33200000,
        "netIncomeRatio": 0.0725524476,
        "eps": 0.12,
        "epsdiluted": 0.12,
        "weightedAverageShsOut": 279555950,
        "weightedAverageShsOutDil": 288333880,
        "link": "https://www.sec.gov/Archives/edgar/data/886158/000095012399009238/0000950123-99-009238-index.html",
        "finalLink": "https://www.sec.gov/Archives/edgar/data/886158/000095012399009238/"
    },
    {
        "date": "1999-05-29",
        "symbol": "BBBY",
        "reportedCurrency": "USD",
        "cik": "0000886158",
        "fillingDate": "1999-07-13",
        "acceptedDate": "1999-07-13 00:00:00",
        "calendarYear": "1999",
        "period": "Q1",
        "revenue": 359400000,
        "costOfRevenue": 206300000,
        "grossProfit": 153100000,
        "grossProfitRatio": 0.4259877574,
        "researchAndDevelopmentExpenses": 0,
        "generalAndAdministrativeExpenses": 0,
        "sellingAndMarketingExpenses": 0,
        "sellingGeneralAndAdministrativeExpenses": 118200000,
        "otherExpenses": 0,
        "operatingExpenses": 125100000,
        "costAndExpenses": 331400000,
        "interestIncome": 0,
        "interestExpense": 0,
        "depreciationAndAmortization": 6900000,
        "ebitda": 34900000,
        "ebitdaratio": 0.0971062883,
        "operatingIncome": 28000000,
        "operatingIncomeRatio": 0.0779076238,
        "totalOtherIncomeExpensesNet": 1300000,
        "incomeBeforeTax": 29300000,
        "incomeBeforeTaxRatio": 0.0815247635,
        "incomeTaxExpense": 11400000,
        "netIncome": 17900000,
        "netIncomeRatio": 0.0498052309,
        "eps": 0.07,
        "epsdiluted": 0.06,
        "weightedAverageShsOut": 279056000,
        "weightedAverageShsOutDil": 288074000,
        "link": "https://www.sec.gov/Archives/edgar/data/886158/000095012399006470/0000950123-99-006470-index.html",
        "finalLink": "https://www.sec.gov/Archives/edgar/data/886158/000095012399006470/"
    },
    {
        "date": "1999-02-27",
        "symbol": "BBBY",
        "reportedCurrency": "USD",
        "cik": "0000886158",
        "fillingDate": "1999-05-27",
        "acceptedDate": "1999-05-27 00:00:00",
        "calendarYear": "1998",
        "period": "Q4",
        "revenue": 419300000,
        "costOfRevenue": 237100000,
        "grossProfit": 182200000,
        "grossProfitRatio": 0.4345337467,
        "researchAndDevelopmentExpenses": 0,
        "generalAndAdministrativeExpenses": 0,
        "sellingAndMarketingExpenses": 0,
        "sellingGeneralAndAdministrativeExpenses": 120200000,
        "otherExpenses": 0,
        "operatingExpenses": 126800000,
        "costAndExpenses": 363900000,
        "interestIncome": 0,
        "interestExpense": 0,
        "depreciationAndAmortization": 6600000,
        "ebitda": 60600000,
        "ebitdaratio": 0.1445265919,
        "operatingIncome": 55400000,
        "operatingIncomeRatio": 0.1321249702,
        "totalOtherIncomeExpensesNet": 1300000,
        "incomeBeforeTax": 56700000,
        "incomeBeforeTaxRatio": 0.1352253756,
        "incomeTaxExpense": 22500000,
        "netIncome": 34200000,
        "netIncomeRatio": 0.0815645123,
        "eps": 0.12,
        "epsdiluted": 0.12,
        "weightedAverageShsOut": 276064222,
        "weightedAverageShsOutDil": 280458222,
        "link": "https://www.sec.gov/Archives/edgar/data/886158/000095012399005226/0000950123-99-005226-index.html",
        "finalLink": "https://www.sec.gov/Archives/edgar/data/886158/000095012399005226/"
    },
    {
        "date": "1998-11-28",
        "symbol": "BBBY",
        "reportedCurrency": "USD",
        "cik": "0000886158",
        "fillingDate": "1999-01-11",
        "acceptedDate": "1999-01-11 00:00:00",
        "calendarYear": "1998",
        "period": "Q3",
        "revenue": 363400000,
        "costOfRevenue": 209100000,
        "grossProfit": 154300000,
        "grossProfitRatio": 0.4246009906,
        "researchAndDevelopmentExpenses": 0,
        "generalAndAdministrativeExpenses": 0,
        "sellingAndMarketingExpenses": 0,
        "sellingGeneralAndAdministrativeExpenses": 108300000,
        "otherExpenses": 0,
        "operatingExpenses": 114200000,
        "costAndExpenses": 323300000,
        "interestIncome": 0,
        "interestExpense": 0,
        "depreciationAndAmortization": 5900000,
        "ebitda": 45200000,
        "ebitdaratio": 0.1243808476,
        "operatingIncome": 40100000,
        "operatingIncomeRatio": 0.1103467254,
        "totalOtherIncomeExpensesNet": 900000,
        "incomeBeforeTax": 41000000,
        "incomeBeforeTaxRatio": 0.1128233352,
        "incomeTaxExpense": 16300000,
        "netIncome": 24700000,
        "netIncomeRatio": 0.06796918,
        "eps": 0.09,
        "epsdiluted": 0.09,
        "weightedAverageShsOut": 274444444,
        "weightedAverageShsOutDil": 274444444,
        "link": "https://www.sec.gov/Archives/edgar/data/886158/000095012399000139/0000950123-99-000139-index.html",
        "finalLink": "https://www.sec.gov/Archives/edgar/data/886158/"
    },
    {
        "date": "1998-08-29",
        "symbol": "BBBY",
        "reportedCurrency": "USD",
        "cik": "0000886158",
        "fillingDate": "1998-10-09",
        "acceptedDate": "1998-10-09 00:00:00",
        "calendarYear": "1998",
        "period": "Q2",
        "revenue": 344900000,
        "costOfRevenue": 197600000,
        "grossProfit": 147300000,
        "grossProfitRatio": 0.4270803131,
        "researchAndDevelopmentExpenses": 0,
        "generalAndAdministrativeExpenses": 0,
        "sellingAndMarketingExpenses": 0,
        "sellingGeneralAndAdministrativeExpenses": 100200000,
        "otherExpenses": 0,
        "operatingExpenses": 105600000,
        "costAndExpenses": 303200000,
        "interestIncome": 0,
        "interestExpense": 0,
        "depreciationAndAmortization": 5400000,
        "ebitda": 46500000,
        "ebitdaratio": 0.1348216874,
        "operatingIncome": 41700000,
        "operatingIncomeRatio": 0.12090461,
        "totalOtherIncomeExpensesNet": 600000,
        "incomeBeforeTax": 42300000,
        "incomeBeforeTaxRatio": 0.1226442447,
        "incomeTaxExpense": 16800000,
        "netIncome": 25500000,
        "netIncomeRatio": 0.0739344738,
        "eps": 0.09,
        "epsdiluted": 0.09,
        "weightedAverageShsOut": 283333333,
        "weightedAverageShsOutDil": 283333333,
        "link": "https://www.sec.gov/Archives/edgar/data/886158/000095012398008898/0000950123-98-008898-index.html",
        "finalLink": "https://www.sec.gov/Archives/edgar/data/886158/"
    },
    {
        "date": "1998-05-30",
        "symbol": "BBBY",
        "reportedCurrency": "USD",
        "cik": "0000886158",
        "fillingDate": "1998-07-13",
        "acceptedDate": "1998-07-13 00:00:00",
        "calendarYear": "1998",
        "period": "Q1",
        "revenue": 269600000,
        "costOfRevenue": 154100000,
        "grossProfit": 115500000,
        "grossProfitRatio": 0.4284124629,
        "researchAndDevelopmentExpenses": 0,
        "generalAndAdministrativeExpenses": 0,
        "sellingAndMarketingExpenses": 0,
        "sellingGeneralAndAdministrativeExpenses": 89400000,
        "otherExpenses": 0,
        "operatingExpenses": 94700000,
        "costAndExpenses": 248800000,
        "interestIncome": 0,
        "interestExpense": 0,
        "depreciationAndAmortization": 5300000,
        "ebitda": 25300000,
        "ebitdaratio": 0.09384273,
        "operatingIncome": 20800000,
        "operatingIncomeRatio": 0.0771513353,
        "totalOtherIncomeExpensesNet": 800000,
        "incomeBeforeTax": 21600000,
        "incomeBeforeTaxRatio": 0.0801186944,
        "incomeTaxExpense": 8600000,
        "netIncome": 13000000,
        "netIncomeRatio": 0.0482195846,
        "eps": 0.05,
        "epsdiluted": 0.05,
        "weightedAverageShsOut": 260000000,
        "weightedAverageShsOutDil": 260000000,
        "link": "https://www.sec.gov/Archives/edgar/data/886158/000095012398006600/0000950123-98-006600-index.html",
        "finalLink": "https://www.sec.gov/Archives/edgar/data/886158/"
    },
    {
        "date": "1998-02-28",
        "symbol": "BBBY",
        "reportedCurrency": "USD",
        "cik": "0000886158",
        "fillingDate": "1998-05-29",
        "acceptedDate": "1998-05-29 00:00:00",
        "calendarYear": "1997",
        "period": "Q4",
        "revenue": 305100000,
        "costOfRevenue": 171200000,
        "grossProfit": 133900000,
        "grossProfitRatio": 0.4388725008,
        "researchAndDevelopmentExpenses": 0,
        "generalAndAdministrativeExpenses": 0,
        "sellingAndMarketingExpenses": 0,
        "sellingGeneralAndAdministrativeExpenses": 88100000,
        "otherExpenses": 0,
        "operatingExpenses": 93200000,
        "costAndExpenses": 264400000,
        "interestIncome": 0,
        "interestExpense": 0,
        "depreciationAndAmortization": 5100000,
        "ebitda": 45200000,
        "ebitdaratio": 0.1481481481,
        "operatingIncome": 40700000,
        "operatingIncomeRatio": 0.1333988856,
        "totalOtherIncomeExpensesNet": 500000,
        "incomeBeforeTax": 41200000,
        "incomeBeforeTaxRatio": 0.1350376926,
        "incomeTaxExpense": 16400000,
        "netIncome": 24800000,
        "netIncomeRatio": 0.0812848246,
        "eps": 0.091,
        "epsdiluted": 0.0894,
        "weightedAverageShsOut": 272664704,
        "weightedAverageShsOutDil": 277362018,
        "link": "https://www.sec.gov/Archives/edgar/data/886158/000095012398005716/0000950123-98-005716-index.html",
        "finalLink": "https://www.sec.gov/Archives/edgar/data/886158/"
    },
    {
        "date": "1997-11-29",
        "symbol": "BBBY",
        "reportedCurrency": "USD",
        "cik": "0000886158",
        "fillingDate": "1998-01-12",
        "acceptedDate": "1998-01-12 00:00:00",
        "calendarYear": "1997",
        "period": "Q3",
        "revenue": 281000000,
        "costOfRevenue": 160900000,
        "grossProfit": 120100000,
        "grossProfitRatio": 0.4274021352,
        "researchAndDevelopmentExpenses": 0,
        "generalAndAdministrativeExpenses": 0,
        "sellingAndMarketingExpenses": 0,
        "sellingGeneralAndAdministrativeExpenses": 84700000,
        "otherExpenses": 0,
        "operatingExpenses": 89400000,
        "costAndExpenses": 250300000,
        "interestIncome": 0,
        "interestExpense": 0,
        "depreciationAndAmortization": 4700000,
        "ebitda": 34700000,
        "ebitdaratio": 0.1234875445,
        "operatingIncome": 30700000,
        "operatingIncomeRatio": 0.109252669,
        "totalOtherIncomeExpensesNet": 700000,
        "incomeBeforeTax": 31400000,
        "incomeBeforeTaxRatio": 0.1117437722,
        "incomeTaxExpense": 12500000,
        "netIncome": 18900000,
        "netIncomeRatio": 0.0672597865,
        "eps": 0.07,
        "epsdiluted": 0.07,
        "weightedAverageShsOut": 270000000,
        "weightedAverageShsOutDil": 270000000,
        "link": "https://www.sec.gov/Archives/edgar/data/886158/000095012398000171/0000950123-98-000171-index.html",
        "finalLink": "https://www.sec.gov/Archives/edgar/data/886158/"
    },
    {
        "date": "1997-08-30",
        "symbol": "BBBY",
        "reportedCurrency": "USD",
        "cik": "0000886158",
        "fillingDate": "1997-10-14",
        "acceptedDate": "1997-10-14 00:00:00",
        "calendarYear": "1997",
        "period": "Q2",
        "revenue": 266900000,
        "costOfRevenue": 153100000,
        "grossProfit": 113800000,
        "grossProfitRatio": 0.4263769202,
        "researchAndDevelopmentExpenses": 0,
        "generalAndAdministrativeExpenses": 0,
        "sellingAndMarketingExpenses": 0,
        "sellingGeneralAndAdministrativeExpenses": 77700000,
        "otherExpenses": 0,
        "operatingExpenses": 82000000,
        "costAndExpenses": 235100000,
        "interestIncome": 0,
        "interestExpense": 0,
        "depreciationAndAmortization": 4300000,
        "ebitda": 35600000,
        "ebitdaratio": 0.1333832896,
        "operatingIncome": 31800000,
        "operatingIncomeRatio": 0.1191457475,
        "totalOtherIncomeExpensesNet": 400000,
        "incomeBeforeTax": 32200000,
        "incomeBeforeTaxRatio": 0.1206444361,
        "incomeTaxExpense": 12800000,
        "netIncome": 19400000,
        "netIncomeRatio": 0.0726863994,
        "eps": 0.07,
        "epsdiluted": 0.07,
        "weightedAverageShsOut": 277142857,
        "weightedAverageShsOutDil": 277142857,
        "link": "https://www.sec.gov/Archives/edgar/data/886158/000095012397008549/0000950123-97-008549-index.html",
        "finalLink": "https://www.sec.gov/Archives/edgar/data/886158/"
    },
    {
        "date": "1997-05-31",
        "symbol": "BBBY",
        "reportedCurrency": "USD",
        "cik": "0000886158",
        "fillingDate": "1997-07-15",
        "acceptedDate": "1997-07-15 00:00:00",
        "calendarYear": "1997",
        "period": "Q1",
        "revenue": 213700000,
        "costOfRevenue": 122200000,
        "grossProfit": 91500000,
        "grossProfitRatio": 0.4281703322,
        "researchAndDevelopmentExpenses": 0,
        "generalAndAdministrativeExpenses": 0,
        "sellingAndMarketingExpenses": 0,
        "sellingGeneralAndAdministrativeExpenses": 71500000,
        "otherExpenses": 0,
        "operatingExpenses": 75600000,
        "costAndExpenses": 197800000,
        "interestIncome": 0,
        "interestExpense": 0,
        "depreciationAndAmortization": 4100000,
        "ebitda": 19400000,
        "ebitdaratio": 0.0907814693,
        "operatingIncome": 15900000,
        "operatingIncomeRatio": 0.0744033692,
        "totalOtherIncomeExpensesNet": 500000,
        "incomeBeforeTax": 16400000,
        "incomeBeforeTaxRatio": 0.0767430978,
        "incomeTaxExpense": 6500000,
        "netIncome": 9900000,
        "netIncomeRatio": 0.0463266261,
        "eps": 0.04,
        "epsdiluted": 0.04,
        "weightedAverageShsOut": 247500000,
        "weightedAverageShsOutDil": 247500000,
        "link": "https://www.sec.gov/Archives/edgar/data/886158/000095012397005870/0000950123-97-005870-index.html",
        "finalLink": "https://www.sec.gov/Archives/edgar/data/886158/"
    },
    {
        "date": "1997-03-01",
        "symbol": "BBBY",
        "reportedCurrency": "USD",
        "cik": "0000886158",
        "fillingDate": "1997-05-28",
        "acceptedDate": "1997-05-28 00:00:00",
        "calendarYear": "1996",
        "period": "Q4",
        "revenue": 245200000,
        "costOfRevenue": 138600000,
        "grossProfit": 106600000,
        "grossProfitRatio": 0.4347471452,
        "researchAndDevelopmentExpenses": 0,
        "generalAndAdministrativeExpenses": 0,
        "sellingAndMarketingExpenses": 0,
        "sellingGeneralAndAdministrativeExpenses": 72700000,
        "otherExpenses": 0,
        "operatingExpenses": 76500000,
        "costAndExpenses": 215100000,
        "interestIncome": 0,
        "interestExpense": 0,
        "depreciationAndAmortization": 3800000,
        "ebitda": 33600000,
        "ebitdaratio": 0.1370309951,
        "operatingIncome": 30100000,
        "operatingIncomeRatio": 0.1227569331,
        "totalOtherIncomeExpensesNet": 300000,
        "incomeBeforeTax": 30400000,
        "incomeBeforeTaxRatio": 0.1239804241,
        "incomeTaxExpense": 12100000,
        "netIncome": 18300000,
        "netIncomeRatio": 0.0746329527,
        "eps": 0.07,
        "epsdiluted": 0.07,
        "weightedAverageShsOut": 261250000,
        "weightedAverageShsOutDil": 261250000,
        "link": "https://www.sec.gov/Archives/edgar/data/886158/000095012397004684/0000950123-97-004684-index.html",
        "finalLink": "https://www.sec.gov/Archives/edgar/data/886158/"
    },
    {
        "date": "1996-11-24",
        "symbol": "BBBY",
        "reportedCurrency": "USD",
        "cik": "0000886158",
        "fillingDate": "1997-01-07",
        "acceptedDate": "1997-01-07 00:00:00",
        "calendarYear": "1996",
        "period": "Q3",
        "revenue": 214800000,
        "costOfRevenue": 122600000,
        "grossProfit": 92200000,
        "grossProfitRatio": 0.4292364991,
        "researchAndDevelopmentExpenses": 0,
        "generalAndAdministrativeExpenses": 0,
        "sellingAndMarketingExpenses": 0,
        "sellingGeneralAndAdministrativeExpenses": 65900000,
        "otherExpenses": 0,
        "operatingExpenses": 69400000,
        "costAndExpenses": 192000000,
        "interestIncome": 0,
        "interestExpense": 0,
        "depreciationAndAmortization": 3500000,
        "ebitda": 26100000,
        "ebitdaratio": 0.1215083799,
        "operatingIncome": 22800000,
        "operatingIncomeRatio": 0.1061452514,
        "totalOtherIncomeExpensesNet": 300000,
        "incomeBeforeTax": 23100000,
        "incomeBeforeTaxRatio": 0.1075418994,
        "incomeTaxExpense": 9200000,
        "netIncome": 13900000,
        "netIncomeRatio": 0.0647113594,
        "eps": 0.05,
        "epsdiluted": 0.05,
        "weightedAverageShsOut": 278000000,
        "weightedAverageShsOutDil": 278000000,
        "link": "https://www.sec.gov/Archives/edgar/data/886158/000095012397000083/0000950123-97-000083-index.html",
        "finalLink": "https://www.sec.gov/Archives/edgar/data/886158/"
    },
    {
        "date": "1996-08-25",
        "symbol": "BBBY",
        "reportedCurrency": "USD",
        "cik": "0000886158",
        "fillingDate": "1996-10-09",
        "acceptedDate": "1996-10-09 00:00:00",
        "calendarYear": "1996",
        "period": "Q2",
        "revenue": 203500000,
        "costOfRevenue": 116500000,
        "grossProfit": 87000000,
        "grossProfitRatio": 0.4275184275,
        "researchAndDevelopmentExpenses": 0,
        "generalAndAdministrativeExpenses": 0,
        "sellingAndMarketingExpenses": 0,
        "sellingGeneralAndAdministrativeExpenses": 58900000,
        "otherExpenses": 0,
        "operatingExpenses": 62000000,
        "costAndExpenses": 178500000,
        "interestIncome": 0,
        "interestExpense": 0,
        "depreciationAndAmortization": 3100000,
        "ebitda": 28100000,
        "ebitdaratio": 0.1380835381,
        "operatingIncome": 25000000,
        "operatingIncomeRatio": 0.1228501229,
        "totalOtherIncomeExpensesNet": 100000,
        "incomeBeforeTax": 25100000,
        "incomeBeforeTaxRatio": 0.1233415233,
        "incomeTaxExpense": 10000000,
        "netIncome": 15100000,
        "netIncomeRatio": 0.0742014742,
        "eps": 0.06,
        "epsdiluted": 0.06,
        "weightedAverageShsOut": 251666667,
        "weightedAverageShsOutDil": 251666667,
        "link": "https://www.sec.gov/Archives/edgar/data/886158/000095012396005471/0000950123-96-005471-index.html",
        "finalLink": "https://www.sec.gov/Archives/edgar/data/886158/0000950123-96-005471.txt"
    },
    {
        "date": "1996-05-26",
        "symbol": "BBBY",
        "reportedCurrency": "USD",
        "cik": "0000886158",
        "fillingDate": "1996-06-26",
        "acceptedDate": "1996-06-26 00:00:00",
        "calendarYear": "1996",
        "period": "Q1",
        "revenue": 159700000,
        "costOfRevenue": 90900000,
        "grossProfit": 68800000,
        "grossProfitRatio": 0.4308077646,
        "researchAndDevelopmentExpenses": 0,
        "generalAndAdministrativeExpenses": 0,
        "sellingAndMarketingExpenses": 0,
        "sellingGeneralAndAdministrativeExpenses": 53100000,
        "otherExpenses": 0,
        "operatingExpenses": 56100000,
        "costAndExpenses": 147000000,
        "interestIncome": 0,
        "interestExpense": 0,
        "depreciationAndAmortization": 3000000,
        "ebitda": 15600000,
        "ebitdaratio": 0.0976831559,
        "operatingIncome": 12700000,
        "operatingIncomeRatio": 0.0795241077,
        "totalOtherIncomeExpensesNet": 100000,
        "incomeBeforeTax": 12800000,
        "incomeBeforeTaxRatio": 0.0801502818,
        "incomeTaxExpense": 5100000,
        "netIncome": 7700000,
        "netIncomeRatio": 0.0482154039,
        "eps": 0.03,
        "epsdiluted": 0.03,
        "weightedAverageShsOut": 256666667,
        "weightedAverageShsOutDil": 256666667,
        "link": "https://www.sec.gov/Archives/edgar/data/886158/000095012396003291/0000950123-96-003291-index.html",
        "finalLink": "https://www.sec.gov/Archives/edgar/data/886158/"
    },
    {
        "date": "1996-02-25",
        "symbol": "BBBY",
        "reportedCurrency": "USD",
        "cik": "0000886158",
        "fillingDate": "1996-05-24",
        "acceptedDate": "1996-05-24 00:00:00",
        "calendarYear": "1995",
        "period": "Q4",
        "revenue": 175900000,
        "costOfRevenue": 99100000,
        "grossProfit": 76800000,
        "grossProfitRatio": 0.4366117112,
        "researchAndDevelopmentExpenses": 0,
        "generalAndAdministrativeExpenses": 0,
        "sellingAndMarketingExpenses": 0,
        "sellingGeneralAndAdministrativeExpenses": 52300000,
        "otherExpenses": 0,
        "operatingExpenses": 55100000,
        "costAndExpenses": 154200000,
        "interestIncome": 0,
        "interestExpense": 0,
        "depreciationAndAmortization": 2800000,
        "ebitda": 24500000,
        "ebitdaratio": 0.1392836839,
        "operatingIncome": 21700000,
        "operatingIncomeRatio": 0.1233655486,
        "totalOtherIncomeExpensesNet": 100000,
        "incomeBeforeTax": 21800000,
        "incomeBeforeTaxRatio": 0.1239340534,
        "incomeTaxExpense": 8900000,
        "netIncome": 12900000,
        "netIncomeRatio": 0.0733371234,
        "eps": 0.0496,
        "epsdiluted": 0.0496,
        "weightedAverageShsOut": 260000000,
        "weightedAverageShsOutDil": 260000000,
        "link": "https://www.sec.gov/Archives/edgar/data/886158/000095012396002684/0000950123-96-002684-index.html",
        "finalLink": "https://www.sec.gov/Archives/edgar/data/886158/"
    },
    {
        "date": "1995-11-30",
        "symbol": "BBBY",
        "reportedCurrency": "USD",
        "cik": "0000886158",
        "fillingDate": "1995-11-30",
        "acceptedDate": "1995-11-29 19:00:00",
        "calendarYear": "1995",
        "period": "Q3",
        "revenue": 161800000,
        "costOfRevenue": 92300000,
        "grossProfit": 69500000,
        "grossProfitRatio": 0.4295426452,
        "researchAndDevelopmentExpenses": 0,
        "generalAndAdministrativeExpenses": 0,
        "sellingAndMarketingExpenses": 0,
        "sellingGeneralAndAdministrativeExpenses": 49800000,
        "otherExpenses": 0,
        "operatingExpenses": 52300000,
        "costAndExpenses": 144600000,
        "interestIncome": 0,
        "interestExpense": 0,
        "depreciationAndAmortization": 2500000,
        "ebitda": 19700000,
        "ebitdaratio": 0.1217552534,
        "operatingIncome": 17200000,
        "operatingIncomeRatio": 0.1063040791,
        "totalOtherIncomeExpensesNet": -200000,
        "incomeBeforeTax": 17000000,
        "incomeBeforeTaxRatio": 0.1050679852,
        "incomeTaxExpense": 7000000,
        "netIncome": 10000000,
        "netIncomeRatio": 0.0618046972,
        "eps": 0.04,
        "epsdiluted": 0.04,
        "weightedAverageShsOut": 250000000,
        "weightedAverageShsOutDil": 250000000,
        "link": null,
        "finalLink": null
    },
    {
        "date": "1995-08-31",
        "symbol": "BBBY",
        "reportedCurrency": "USD",
        "cik": "0000886158",
        "fillingDate": "1995-08-31",
        "acceptedDate": "1995-08-30 20:00:00",
        "calendarYear": "1995",
        "period": "Q2",
        "revenue": 150100000,
        "costOfRevenue": 85600000,
        "grossProfit": 64500000,
        "grossProfitRatio": 0.4297135243,
        "researchAndDevelopmentExpenses": 0,
        "generalAndAdministrativeExpenses": 0,
        "sellingAndMarketingExpenses": 0,
        "sellingGeneralAndAdministrativeExpenses": 43300000,
        "otherExpenses": 0,
        "operatingExpenses": 45600000,
        "costAndExpenses": 131200000,
        "interestIncome": 0,
        "interestExpense": 0,
        "depreciationAndAmortization": 2300000,
        "ebitda": 21200000,
        "ebitdaratio": 0.1412391739,
        "operatingIncome": 18900000,
        "operatingIncomeRatio": 0.125916056,
        "totalOtherIncomeExpensesNet": -300000,
        "incomeBeforeTax": 18600000,
        "incomeBeforeTaxRatio": 0.1239173884,
        "incomeTaxExpense": 7600000,
        "netIncome": 11000000,
        "netIncomeRatio": 0.073284477,
        "eps": 0.04,
        "epsdiluted": 0.04,
        "weightedAverageShsOut": 275000000,
        "weightedAverageShsOutDil": 275000000,
        "link": null,
        "finalLink": null
    },
    {
        "date": "1995-05-31",
        "symbol": "BBBY",
        "reportedCurrency": "USD",
        "cik": "0000886158",
        "fillingDate": "1995-05-31",
        "acceptedDate": "1995-05-30 20:00:00",
        "calendarYear": "1995",
        "period": "Q1",
        "revenue": 113500000,
        "costOfRevenue": 64300000,
        "grossProfit": 49200000,
        "grossProfitRatio": 0.4334801762,
        "researchAndDevelopmentExpenses": 0,
        "generalAndAdministrativeExpenses": 0,
        "sellingAndMarketingExpenses": 0,
        "sellingGeneralAndAdministrativeExpenses": 37100000,
        "otherExpenses": 0,
        "operatingExpenses": 39400000,
        "costAndExpenses": 103700000,
        "interestIncome": 0,
        "interestExpense": 0,
        "depreciationAndAmortization": 2300000,
        "ebitda": 12100000,
        "ebitdaratio": 0.1066079295,
        "operatingIncome": 9800000,
        "operatingIncomeRatio": 0.0863436123,
        "totalOtherIncomeExpensesNet": -200000,
        "incomeBeforeTax": 9600000,
        "incomeBeforeTaxRatio": 0.0845814978,
        "incomeTaxExpense": 3900000,
        "netIncome": 5700000,
        "netIncomeRatio": 0.0502202643,
        "eps": 0.02,
        "epsdiluted": 0.02,
        "weightedAverageShsOut": 285000000,
        "weightedAverageShsOutDil": 285000000,
        "link": null,
        "finalLink": null
    },
    {
        "date": "1995-02-28",
        "symbol": "BBBY",
        "reportedCurrency": "USD",
        "cik": "0000886158",
        "fillingDate": "1995-02-28",
        "acceptedDate": "1995-02-27 19:00:00",
        "calendarYear": "1994",
        "period": "Q4",
        "revenue": 127900000,
        "costOfRevenue": 71600000,
        "grossProfit": 56300000,
        "grossProfitRatio": 0.4401876466,
        "researchAndDevelopmentExpenses": 0,
        "generalAndAdministrativeExpenses": 0,
        "sellingAndMarketingExpenses": 0,
        "sellingGeneralAndAdministrativeExpenses": 38300000,
        "otherExpenses": 0,
        "operatingExpenses": 40500000,
        "costAndExpenses": 112100000,
        "interestIncome": 0,
        "interestExpense": 0,
        "depreciationAndAmortization": 2200000,
        "ebitda": 17900000,
        "ebitdaratio": 0.1399530884,
        "operatingIncome": 15800000,
        "operatingIncomeRatio": 0.1235340109,
        "totalOtherIncomeExpensesNet": -200000,
        "incomeBeforeTax": 15600000,
        "incomeBeforeTaxRatio": 0.1219702893,
        "incomeTaxExpense": 6400000,
        "netIncome": 9200000,
        "netIncomeRatio": 0.0719311962,
        "eps": 0.035,
        "epsdiluted": 0.035,
        "weightedAverageShsOut": 263030303,
        "weightedAverageShsOutDil": 263030303,
        "link": null,
        "finalLink": null
    },
    {
        "date": "1994-11-30",
        "symbol": "BBBY",
        "reportedCurrency": "USD",
        "cik": "0000886158",
        "fillingDate": "1994-11-30",
        "acceptedDate": "1994-11-29 19:00:00",
        "calendarYear": "1994",
        "period": "Q3",
        "revenue": 115000000,
        "costOfRevenue": 65500000,
        "grossProfit": 49500000,
        "grossProfitRatio": 0.4304347826,
        "researchAndDevelopmentExpenses": 0,
        "generalAndAdministrativeExpenses": 0,
        "sellingAndMarketingExpenses": 0,
        "sellingGeneralAndAdministrativeExpenses": 34800000,
        "otherExpenses": 0,
        "operatingExpenses": 36500000,
        "costAndExpenses": 102000000,
        "interestIncome": 0,
        "interestExpense": 0,
        "depreciationAndAmortization": 1900000,
        "ebitda": 14800000,
        "ebitdaratio": 0.1286956522,
        "operatingIncome": 13000000,
        "operatingIncomeRatio": 0.1130434783,
        "totalOtherIncomeExpensesNet": -200000,
        "incomeBeforeTax": 12800000,
        "incomeBeforeTaxRatio": 0.1113043478,
        "incomeTaxExpense": 5200000,
        "netIncome": 7600000,
        "netIncomeRatio": 0.0660869565,
        "eps": 0.03,
        "epsdiluted": 0.03,
        "weightedAverageShsOut": 253333333,
        "weightedAverageShsOutDil": 253333333,
        "link": null,
        "finalLink": null
    },
    {
        "date": "1994-08-31",
        "symbol": "BBBY",
        "reportedCurrency": "USD",
        "cik": "0000886158",
        "fillingDate": "1994-08-31",
        "acceptedDate": "1994-08-30 20:00:00",
        "calendarYear": "1994",
        "period": "Q2",
        "revenue": 111500000,
        "costOfRevenue": 63400000,
        "grossProfit": 48100000,
        "grossProfitRatio": 0.4313901345,
        "researchAndDevelopmentExpenses": 0,
        "generalAndAdministrativeExpenses": 0,
        "sellingAndMarketingExpenses": 0,
        "sellingGeneralAndAdministrativeExpenses": 31800000,
        "otherExpenses": 0,
        "operatingExpenses": 33400000,
        "costAndExpenses": 96800000,
        "interestIncome": 0,
        "interestExpense": 0,
        "depreciationAndAmortization": 1600000,
        "ebitda": 16200000,
        "ebitdaratio": 0.1452914798,
        "operatingIncome": 14700000,
        "operatingIncomeRatio": 0.131838565,
        "totalOtherIncomeExpensesNet": 0,
        "incomeBeforeTax": 14700000,
        "incomeBeforeTaxRatio": 0.131838565,
        "incomeTaxExpense": 6000000,
        "netIncome": 8700000,
        "netIncomeRatio": 0.0780269058,
        "eps": 0.04,
        "epsdiluted": 0.04,
        "weightedAverageShsOut": 217500000,
        "weightedAverageShsOutDil": 217500000,
        "link": null,
        "finalLink": null
    },
    {
        "date": "1994-05-31",
        "symbol": "BBBY",
        "reportedCurrency": "USD",
        "cik": "0000886158",
        "fillingDate": "1994-05-31",
        "acceptedDate": "1994-05-30 20:00:00",
        "calendarYear": "1994",
        "period": "Q1",
        "revenue": 85900000,
        "costOfRevenue": 48900000,
        "grossProfit": 37000000,
        "grossProfitRatio": 0.4307334109,
        "researchAndDevelopmentExpenses": 0,
        "generalAndAdministrativeExpenses": 0,
        "sellingAndMarketingExpenses": 0,
        "sellingGeneralAndAdministrativeExpenses": 27600000,
        "otherExpenses": 0,
        "operatingExpenses": 29100000,
        "costAndExpenses": 78000000,
        "interestIncome": 0,
        "interestExpense": 0,
        "depreciationAndAmortization": 1500000,
        "ebitda": 9300000,
        "ebitdaratio": 0.1082654249,
        "operatingIncome": 7900000,
        "operatingIncomeRatio": 0.091967404,
        "totalOtherIncomeExpensesNet": -100000,
        "incomeBeforeTax": 7800000,
        "incomeBeforeTaxRatio": 0.0908032596,
        "incomeTaxExpense": 3200000,
        "netIncome": 4600000,
        "netIncomeRatio": 0.0535506403,
        "eps": 0.02,
        "epsdiluted": 0.02,
        "weightedAverageShsOut": 230000000,
        "weightedAverageShsOutDil": 230000000,
        "link": null,
        "finalLink": null
    },
    {
        "date": "1994-02-28",
        "symbol": "BBBY",
        "reportedCurrency": "USD",
        "cik": "0000886158",
        "fillingDate": "1994-02-28",
        "acceptedDate": "1994-02-27 19:00:00",
        "calendarYear": "1993",
        "period": "Q4",
        "revenue": 87800000,
        "costOfRevenue": 49200000,
        "grossProfit": 38600000,
        "grossProfitRatio": 0.4396355353,
        "researchAndDevelopmentExpenses": 0,
        "generalAndAdministrativeExpenses": 0,
        "sellingAndMarketingExpenses": 0,
        "sellingGeneralAndAdministrativeExpenses": 26000000,
        "otherExpenses": 0,
        "operatingExpenses": 27400000,
        "costAndExpenses": 76600000,
        "interestIncome": 0,
        "interestExpense": 0,
        "depreciationAndAmortization": 1400000,
        "ebitda": 12500000,
        "ebitdaratio": 0.1423690205,
        "operatingIncome": 11200000,
        "operatingIncomeRatio": 0.1275626424,
        "totalOtherIncomeExpensesNet": 100000,
        "incomeBeforeTax": 11300000,
        "incomeBeforeTaxRatio": 0.1287015945,
        "incomeTaxExpense": 4600000,
        "netIncome": 6700000,
        "netIncomeRatio": 0.076309795,
        "eps": 0.0266,
        "epsdiluted": 0.0266,
        "weightedAverageShsOut": 251875000,
        "weightedAverageShsOutDil": 251875000,
        "link": null,
        "finalLink": null
    },
    {
        "date": "1993-11-30",
        "symbol": "BBBY",
        "reportedCurrency": "USD",
        "cik": "0000886158",
        "fillingDate": "1993-11-30",
        "acceptedDate": "1993-11-29 19:00:00",
        "calendarYear": "1993",
        "period": "Q3",
        "revenue": 81100000,
        "costOfRevenue": 46300000,
        "grossProfit": 34800000,
        "grossProfitRatio": 0.4290998767,
        "researchAndDevelopmentExpenses": 0,
        "generalAndAdministrativeExpenses": 0,
        "sellingAndMarketingExpenses": 0,
        "sellingGeneralAndAdministrativeExpenses": 24500000,
        "otherExpenses": 0,
        "operatingExpenses": 25600000,
        "costAndExpenses": 71900000,
        "interestIncome": 0,
        "interestExpense": 0,
        "depreciationAndAmortization": 1100000,
        "ebitda": 10200000,
        "ebitdaratio": 0.1257706535,
        "operatingIncome": 9200000,
        "operatingIncomeRatio": 0.1134401973,
        "totalOtherIncomeExpensesNet": 300000,
        "incomeBeforeTax": 9500000,
        "incomeBeforeTaxRatio": 0.1171393342,
        "incomeTaxExpense": 3900000,
        "netIncome": 5600000,
        "netIncomeRatio": 0.0690505549,
        "eps": 0.02,
        "epsdiluted": 0.02,
        "weightedAverageShsOut": 280000000,
        "weightedAverageShsOutDil": 280000000,
        "link": null,
        "finalLink": null
    },
    {
        "date": "1993-08-31",
        "symbol": "BBBY",
        "reportedCurrency": "USD",
        "cik": "0000886158",
        "fillingDate": "1993-08-31",
        "acceptedDate": "1993-08-30 20:00:00",
        "calendarYear": "1993",
        "period": "Q2",
        "revenue": 79100000,
        "costOfRevenue": 45200000,
        "grossProfit": 33900000,
        "grossProfitRatio": 0.4285714286,
        "researchAndDevelopmentExpenses": 0,
        "generalAndAdministrativeExpenses": 0,
        "sellingAndMarketingExpenses": 0,
        "sellingGeneralAndAdministrativeExpenses": 22500000,
        "otherExpenses": 0,
        "operatingExpenses": 23400000,
        "costAndExpenses": 68600000,
        "interestIncome": 0,
        "interestExpense": 0,
        "depreciationAndAmortization": 900000,
        "ebitda": 11300000,
        "ebitdaratio": 0.1428571429,
        "operatingIncome": 10500000,
        "operatingIncomeRatio": 0.1327433628,
        "totalOtherIncomeExpensesNet": 100000,
        "incomeBeforeTax": 10600000,
        "incomeBeforeTaxRatio": 0.1340075853,
        "incomeTaxExpense": 4400000,
        "netIncome": 6200000,
        "netIncomeRatio": 0.0783817952,
        "eps": 0.03,
        "epsdiluted": 0.03,
        "weightedAverageShsOut": 206666667,
        "weightedAverageShsOutDil": 206666667,
        "link": null,
        "finalLink": null
    },
    {
        "date": "1993-05-31",
        "symbol": "BBBY",
        "reportedCurrency": "USD",
        "cik": "0000886158",
        "fillingDate": "1993-05-31",
        "acceptedDate": "1993-05-30 20:00:00",
        "calendarYear": "1993",
        "period": "Q1",
        "revenue": 57700000,
        "costOfRevenue": 32800000,
        "grossProfit": 24900000,
        "grossProfitRatio": 0.431542461,
        "researchAndDevelopmentExpenses": 0,
        "generalAndAdministrativeExpenses": 0,
        "sellingAndMarketingExpenses": 0,
        "sellingGeneralAndAdministrativeExpenses": 18500000,
        "otherExpenses": 0,
        "operatingExpenses": 19300000,
        "costAndExpenses": 52100000,
        "interestIncome": 0,
        "interestExpense": 0,
        "depreciationAndAmortization": 800000,
        "ebitda": 6300000,
        "ebitdaratio": 0.1091854419,
        "operatingIncome": 5600000,
        "operatingIncomeRatio": 0.0970537262,
        "totalOtherIncomeExpensesNet": 0,
        "incomeBeforeTax": 5600000,
        "incomeBeforeTaxRatio": 0.0970537262,
        "incomeTaxExpense": 2200000,
        "netIncome": 3400000,
        "netIncomeRatio": 0.0589254766,
        "eps": 0.02,
        "epsdiluted": 0.02,
        "weightedAverageShsOut": 270000000,
        "weightedAverageShsOutDil": 270000000,
        "link": null,
        "finalLink": null
    },
    {
        "date": "1993-02-28",
        "symbol": "BBBY",
        "reportedCurrency": "USD",
        "cik": "0000886158",
        "fillingDate": "1993-02-28",
        "acceptedDate": "1993-02-27 19:00:00",
        "calendarYear": "1992",
        "period": "Q4",
        "revenue": 64500000,
        "costOfRevenue": 36600000,
        "grossProfit": 27900000,
        "grossProfitRatio": 0.4325581395,
        "researchAndDevelopmentExpenses": 0,
        "generalAndAdministrativeExpenses": 0,
        "sellingAndMarketingExpenses": 0,
        "sellingGeneralAndAdministrativeExpenses": 18800000,
        "otherExpenses": 0,
        "operatingExpenses": 19600000,
        "costAndExpenses": 56200000,
        "interestIncome": 0,
        "interestExpense": 0,
        "depreciationAndAmortization": 800000,
        "ebitda": 8600000,
        "ebitdaratio": 0.1333333333,
        "operatingIncome": 8300000,
        "operatingIncomeRatio": 0.1286821705,
        "totalOtherIncomeExpensesNet": 500000,
        "incomeBeforeTax": 8800000,
        "incomeBeforeTaxRatio": 0.1364341085,
        "incomeTaxExpense": 3500000,
        "netIncome": 5300000,
        "netIncomeRatio": 0.0821705426,
        "eps": 0.0198,
        "epsdiluted": 0.0198,
        "weightedAverageShsOut": 268333334,
        "weightedAverageShsOutDil": 268333334,
        "link": null,
        "finalLink": null
    },
    {
        "date": "1992-11-30",
        "symbol": "BBBY",
        "reportedCurrency": "USD",
        "cik": "0000886158",
        "fillingDate": "1992-11-30",
        "acceptedDate": "1992-11-29 19:00:00",
        "calendarYear": "1992",
        "period": "Q3",
        "revenue": 56500000,
        "costOfRevenue": 32500000,
        "grossProfit": 24000000,
        "grossProfitRatio": 0.4247787611,
        "researchAndDevelopmentExpenses": 0,
        "generalAndAdministrativeExpenses": 0,
        "sellingAndMarketingExpenses": 0,
        "sellingGeneralAndAdministrativeExpenses": 16500000,
        "otherExpenses": 0,
        "operatingExpenses": 17100000,
        "costAndExpenses": 49600000,
        "interestIncome": 0,
        "interestExpense": 0,
        "depreciationAndAmortization": 600000,
        "ebitda": 7500000,
        "ebitdaratio": 0.1327433628,
        "operatingIncome": 6900000,
        "operatingIncomeRatio": 0.1221238938,
        "totalOtherIncomeExpensesNet": 0,
        "incomeBeforeTax": 6900000,
        "incomeBeforeTaxRatio": 0.1221238938,
        "incomeTaxExpense": 2800000,
        "netIncome": 4100000,
        "netIncomeRatio": 0.0725663717,
        "eps": 0.02,
        "epsdiluted": 0.02,
        "weightedAverageShsOut": 205000000,
        "weightedAverageShsOutDil": 205000000,
        "link": null,
        "finalLink": null
    },
    {
        "date": "1992-08-31",
        "symbol": "BBBY",
        "reportedCurrency": "USD",
        "cik": "0000886158",
        "fillingDate": "1992-08-31",
        "acceptedDate": "1992-08-30 20:00:00",
        "calendarYear": "1992",
        "period": "Q2",
        "revenue": 54000000,
        "costOfRevenue": 30800000,
        "grossProfit": 23200000,
        "grossProfitRatio": 0.4296296296,
        "researchAndDevelopmentExpenses": 0,
        "generalAndAdministrativeExpenses": 0,
        "sellingAndMarketingExpenses": 0,
        "sellingGeneralAndAdministrativeExpenses": 15900000,
        "otherExpenses": 0,
        "operatingExpenses": 16500000,
        "costAndExpenses": 47300000,
        "interestIncome": 0,
        "interestExpense": 0,
        "depreciationAndAmortization": 700000,
        "ebitda": 7300000,
        "ebitdaratio": 0.1351851852,
        "operatingIncome": 6700000,
        "operatingIncomeRatio": 0.1240740741,
        "totalOtherIncomeExpensesNet": 100000,
        "incomeBeforeTax": 6800000,
        "incomeBeforeTaxRatio": 0.1259259259,
        "incomeTaxExpense": 2700000,
        "netIncome": 4100000,
        "netIncomeRatio": 0.0759259259,
        "eps": 0.02,
        "epsdiluted": 0.02,
        "weightedAverageShsOut": 205000000,
        "weightedAverageShsOutDil": 205000000,
        "link": null,
        "finalLink": null
    },
    {
        "date": "1992-05-31",
        "symbol": "BBBY",
        "reportedCurrency": "USD",
        "cik": "0000886158",
        "fillingDate": "1992-05-31",
        "acceptedDate": "1992-05-30 20:00:00",
        "calendarYear": "1992",
        "period": "Q1",
        "revenue": 41700000,
        "costOfRevenue": 23800000,
        "grossProfit": 17900000,
        "grossProfitRatio": 0.4292565947,
        "researchAndDevelopmentExpenses": 0,
        "generalAndAdministrativeExpenses": 0,
        "sellingAndMarketingExpenses": 0,
        "sellingGeneralAndAdministrativeExpenses": 13200000,
        "otherExpenses": 0,
        "operatingExpenses": 13700000,
        "costAndExpenses": 37500000,
        "interestIncome": 0,
        "interestExpense": 0,
        "depreciationAndAmortization": 500000,
        "ebitda": 4600000,
        "ebitdaratio": 0.1103117506,
        "operatingIncome": 4200000,
        "operatingIncomeRatio": 0.1007194245,
        "totalOtherIncomeExpensesNet": -100000,
        "incomeBeforeTax": 4100000,
        "incomeBeforeTaxRatio": 0.0983213429,
        "incomeTaxExpense": 1600000,
        "netIncome": 2500000,
        "netIncomeRatio": 0.0599520384,
        "eps": 0.01,
        "epsdiluted": 0.01,
        "weightedAverageShsOut": 250000000,
        "weightedAverageShsOutDil": 250000000,
        "link": null,
        "finalLink": null
    },
    {
        "date": "1992-02-29",
        "symbol": "BBBY",
        "reportedCurrency": "USD",
        "cik": "0000886158",
        "fillingDate": "1992-02-29",
        "acceptedDate": "1992-02-28 19:00:00",
        "calendarYear": "1991",
        "period": "Q4",
        "revenue": 46800000,
        "costOfRevenue": 0,
        "grossProfit": 46800000,
        "grossProfitRatio": 1,
        "researchAndDevelopmentExpenses": 0,
        "generalAndAdministrativeExpenses": 0,
        "sellingAndMarketingExpenses": 0,
        "sellingGeneralAndAdministrativeExpenses": 148000000,
        "otherExpenses": 0,
        "operatingExpenses": 148000000,
        "costAndExpenses": 148000000,
        "interestIncome": 0,
        "interestExpense": 0,
        "depreciationAndAmortization": 0,
        "ebitda": -101200000,
        "ebitdaratio": -2.1623931624,
        "operatingIncome": -101200000,
        "operatingIncomeRatio": -2.1623931624,
        "totalOtherIncomeExpensesNet": 0,
        "incomeBeforeTax": 0,
        "incomeBeforeTaxRatio": 0,
        "incomeTaxExpense": -3800000,
        "netIncome": 3800000,
        "netIncomeRatio": 0.0811965812,
        "eps": 0.0155,
        "epsdiluted": 0.0155,
        "weightedAverageShsOut": 245000000,
        "weightedAverageShsOutDil": 245000000,
        "link": null,
        "finalLink": null
    },
    {
        "date": "1991-11-30",
        "symbol": "BBBY",
        "reportedCurrency": "USD",
        "cik": "0000886158",
        "fillingDate": "1991-11-30",
        "acceptedDate": "1991-11-29 19:00:00",
        "calendarYear": "1991",
        "period": "Q3",
        "revenue": 45600000,
        "costOfRevenue": 0,
        "grossProfit": 45600000,
        "grossProfitRatio": 1,
        "researchAndDevelopmentExpenses": 0,
        "generalAndAdministrativeExpenses": 0,
        "sellingAndMarketingExpenses": 0,
        "sellingGeneralAndAdministrativeExpenses": 0,
        "otherExpenses": 0,
        "operatingExpenses": 0,
        "costAndExpenses": 0,
        "interestIncome": 0,
        "interestExpense": 0,
        "depreciationAndAmortization": 0,
        "ebitda": 45600000,
        "ebitdaratio": 1,
        "operatingIncome": 45600000,
        "operatingIncomeRatio": 1,
        "totalOtherIncomeExpensesNet": 0,
        "incomeBeforeTax": 0,
        "incomeBeforeTaxRatio": 0,
        "incomeTaxExpense": -3500000,
        "netIncome": 3500000,
        "netIncomeRatio": 0.076754386,
        "eps": 0.02,
        "epsdiluted": 0.02,
        "weightedAverageShsOut": 235000000,
        "weightedAverageShsOutDil": 235000000,
        "link": null,
        "finalLink": null
    },
    {
        "date": "1991-08-31",
        "symbol": "BBBY",
        "reportedCurrency": "USD",
        "cik": "0000886158",
        "fillingDate": "1991-08-31",
        "acceptedDate": "1991-08-30 20:00:00",
        "calendarYear": "1991",
        "period": "Q2",
        "revenue": 42800000,
        "costOfRevenue": 0,
        "grossProfit": 42800000,
        "grossProfitRatio": 1,
        "researchAndDevelopmentExpenses": 0,
        "generalAndAdministrativeExpenses": 0,
        "sellingAndMarketingExpenses": 0,
        "sellingGeneralAndAdministrativeExpenses": 0,
        "otherExpenses": 0,
        "operatingExpenses": 0,
        "costAndExpenses": 0,
        "interestIncome": 0,
        "interestExpense": 0,
        "depreciationAndAmortization": 0,
        "ebitda": 42800000,
        "ebitdaratio": 1,
        "operatingIncome": 42800000,
        "operatingIncomeRatio": 1,
        "totalOtherIncomeExpensesNet": 0,
        "incomeBeforeTax": 0,
        "incomeBeforeTaxRatio": 0,
        "incomeTaxExpense": -3000000,
        "netIncome": 3000000,
        "netIncomeRatio": 0.0700934579,
        "eps": 0.02,
        "epsdiluted": 0.02,
        "weightedAverageShsOut": 263648000,
        "weightedAverageShsOutDil": 263648000,
        "link": null,
        "finalLink": null
    },
    {
        "date": "1991-05-31",
        "symbol": "BBBY",
        "reportedCurrency": "USD",
        "cik": "0000886158",
        "fillingDate": "1991-05-31",
        "acceptedDate": "1991-05-30 20:00:00",
        "calendarYear": "1991",
        "period": "Q1",
        "revenue": 32400000,
        "costOfRevenue": 0,
        "grossProfit": 32400000,
        "grossProfitRatio": 1,
        "researchAndDevelopmentExpenses": 0,
        "generalAndAdministrativeExpenses": 0,
        "sellingAndMarketingExpenses": 0,
        "sellingGeneralAndAdministrativeExpenses": 0,
        "otherExpenses": 0,
        "operatingExpenses": 0,
        "costAndExpenses": 0,
        "interestIncome": 0,
        "interestExpense": 0,
        "depreciationAndAmortization": 0,
        "ebitda": 32400000,
        "ebitdaratio": 1,
        "operatingIncome": 32400000,
        "operatingIncomeRatio": 1,
        "totalOtherIncomeExpensesNet": 0,
        "incomeBeforeTax": 0,
        "incomeBeforeTaxRatio": 0,
        "incomeTaxExpense": -1700000,
        "netIncome": 1700000,
        "netIncomeRatio": 0.0524691358,
        "eps": 0.01,
        "epsdiluted": 0.01,
        "weightedAverageShsOut": 263648000,
        "weightedAverageShsOutDil": 263648000,
        "link": null,
        "finalLink": null
    }
]