[
    {
        "date": "2024-12-31",
        "symbol": "BBL",
        "reportedCurrency": "USD",
        "cik": "0000811809",
        "fillingDate": "2024-12-31",
        "acceptedDate": "2024-12-31 00:00:00",
        "calendarYear": "2025",
        "period": "Q2",
        "revenue": 25176000000,
        "costOfRevenue": 15933000000,
        "grossProfit": 9243000000,
        "grossProfitRatio": 0.367135367,
        "researchAndDevelopmentExpenses": 0,
        "generalAndAdministrativeExpenses": 0,
        "sellingAndMarketingExpenses": 0,
        "sellingGeneralAndAdministrativeExpenses": 0,
        "otherExpenses": 117000000,
        "operatingExpenses": 117000000,
        "costAndExpenses": 16050000000,
        "interestIncome": 0,
        "interestExpense": 0,
        "depreciationAndAmortization": 2648000000,
        "ebitda": 11434000000,
        "ebitdaratio": 0.4541626946,
        "operatingIncome": 9126000000,
        "operatingIncomeRatio": 0.3624880839,
        "totalOtherIncomeExpensesNet": -457000000,
        "incomeBeforeTax": 8669000000,
        "incomeBeforeTaxRatio": 0.3443358754,
        "incomeTaxExpense": 3384000000,
        "netIncome": 4416000000,
        "netIncomeRatio": 0.1754051478,
        "eps": 0.87,
        "epsdiluted": 0.87,
        "weightedAverageShsOut": 5081703000,
        "weightedAverageShsOutDil": 5083000000,
        "link": "",
        "finalLink": ""
    },
    {
        "date": "2024-06-30",
        "symbol": "BBL",
        "reportedCurrency": "USD",
        "cik": "0000811809",
        "fillingDate": "2024-06-30",
        "acceptedDate": "2024-06-29 20:00:00",
        "calendarYear": "2024",
        "period": "Q4",
        "revenue": 28571000000,
        "costOfRevenue": 6468000000,
        "grossProfit": 22103000000,
        "grossProfitRatio": 0.7736166042,
        "researchAndDevelopmentExpenses": 0,
        "generalAndAdministrativeExpenses": 11157000000,
        "sellingAndMarketingExpenses": 2270000000,
        "sellingGeneralAndAdministrativeExpenses": 13427000000,
        "otherExpenses": -4058000000,
        "operatingExpenses": 9369000000,
        "costAndExpenses": 15837000000,
        "interestIncome": 0,
        "interestExpense": 0,
        "depreciationAndAmortization": 1949000000,
        "ebitda": 14141000000,
        "ebitdaratio": 0.4949424241,
        "operatingIncome": 12734000000,
        "operatingIncomeRatio": 0.4456966855,
        "totalOtherIncomeExpensesNet": -668000000,
        "incomeBeforeTax": 12066000000,
        "incomeBeforeTaxRatio": 0.4223163347,
        "incomeTaxExpense": 4171000000,
        "netIncome": 6970000000,
        "netIncomeRatio": 0.2439536593,
        "eps": 1.37,
        "epsdiluted": 1.37,
        "weightedAverageShsOut": 5076000000,
        "weightedAverageShsOutDil": 5076000000,
        "link": "",
        "finalLink": ""
    },
    {
        "date": "2023-12-31",
        "symbol": "BBL",
        "reportedCurrency": "USD",
        "cik": "0000811809",
        "fillingDate": "2023-12-31",
        "acceptedDate": "2023-12-30 19:00:00",
        "calendarYear": "2024",
        "period": "Q2",
        "revenue": 27456000000,
        "costOfRevenue": 16398000000,
        "grossProfit": 11058000000,
        "grossProfitRatio": 0.4027534965,
        "researchAndDevelopmentExpenses": 0,
        "generalAndAdministrativeExpenses": 0,
        "sellingAndMarketingExpenses": 0,
        "sellingGeneralAndAdministrativeExpenses": 0,
        "otherExpenses": 6255000000,
        "operatingExpenses": 6255000000,
        "costAndExpenses": 22653000000,
        "interestIncome": 686000000,
        "interestExpense": 1690000000,
        "depreciationAndAmortization": 2629000000,
        "ebitda": 13208000000,
        "ebitdaratio": 0.4810606061,
        "operatingIncome": 4803000000,
        "operatingIncomeRatio": 0.1749344406,
        "totalOtherIncomeExpensesNet": -821000000,
        "incomeBeforeTax": 3982000000,
        "incomeBeforeTaxRatio": 0.1450320513,
        "incomeTaxExpense": 2276000000,
        "netIncome": 927000000,
        "netIncomeRatio": 0.0337631119,
        "eps": 0.18,
        "epsdiluted": 0.18,
        "weightedAverageShsOut": 5067014000,
        "weightedAverageShsOutDil": 5078000000,
        "link": "",
        "finalLink": ""
    },
    {
        "date": "2023-06-30",
        "symbol": "BBL",
        "reportedCurrency": "USD",
        "cik": "0000811809",
        "fillingDate": "2023-09-05",
        "acceptedDate": "2023-09-05 07:56:11",
        "calendarYear": "2023",
        "period": "Q4",
        "revenue": 28200000000,
        "costOfRevenue": 4412000000,
        "grossProfit": 23788000000,
        "grossProfitRatio": 0.8435460993,
        "researchAndDevelopmentExpenses": 0,
        "generalAndAdministrativeExpenses": 9909000000,
        "sellingAndMarketingExpenses": 2299000000,
        "sellingGeneralAndAdministrativeExpenses": 12208000000,
        "otherExpenses": -519000000,
        "operatingExpenses": 11689000000,
        "costAndExpenses": 16178000000,
        "interestIncome": 633265000,
        "interestExpense": 1178908000,
        "depreciationAndAmortization": 2072000000,
        "ebitda": 13513000000,
        "ebitdaratio": 0.4791843972,
        "operatingIncome": 11572000000,
        "operatingIncomeRatio": 0.4103546099,
        "totalOtherIncomeExpensesNet": -352000000,
        "incomeBeforeTax": 11220000000,
        "incomeBeforeTaxRatio": 0.3978723404,
        "incomeTaxExpense": 4022000000,
        "netIncome": 6464000000,
        "netIncomeRatio": 0.2292198582,
        "eps": 1.27,
        "epsdiluted": 1.27,
        "weightedAverageShsOut": 5073000000,
        "weightedAverageShsOutDil": 5073000000,
        "link": "",
        "finalLink": ""
    },
    {
        "date": "2022-12-31",
        "symbol": "BBL",
        "reportedCurrency": "USD",
        "cik": "0000811809",
        "fillingDate": "2023-02-21",
        "acceptedDate": "2023-02-21 06:25:53",
        "calendarYear": "2023",
        "period": "Q2",
        "revenue": 25984000000,
        "costOfRevenue": 15361000000,
        "grossProfit": 10623000000,
        "grossProfitRatio": 0.4088285099,
        "researchAndDevelopmentExpenses": 0,
        "generalAndAdministrativeExpenses": 0,
        "sellingAndMarketingExpenses": 0,
        "sellingGeneralAndAdministrativeExpenses": 0,
        "otherExpenses": 218000000,
        "operatingExpenses": 218000000,
        "costAndExpenses": 15579000000,
        "interestIncome": 422000000,
        "interestExpense": 1098000000,
        "depreciationAndAmortization": 2456000000,
        "ebitda": 12466000000,
        "ebitdaratio": 0.4797567734,
        "operatingIncome": 10833000000,
        "operatingIncomeRatio": 0.4169104064,
        "totalOtherIncomeExpensesNet": -652000000,
        "incomeBeforeTax": 10181000000,
        "incomeBeforeTaxRatio": 0.3918180419,
        "incomeTaxExpense": 3055000000,
        "netIncome": 6457000000,
        "netIncomeRatio": 0.2484990764,
        "eps": 1.27,
        "epsdiluted": 1.27,
        "weightedAverageShsOut": 5072270227,
        "weightedAverageShsOutDil": 5073000000,
        "link": "",
        "finalLink": ""
    },
    {
        "date": "2022-06-30",
        "symbol": "BBL",
        "reportedCurrency": "USD",
        "cik": "0000811809",
        "fillingDate": "2022-09-06",
        "acceptedDate": "2022-09-06 07:32:57",
        "calendarYear": "2022",
        "period": "Q4",
        "revenue": 34580000000,
        "costOfRevenue": 6337000000,
        "grossProfit": 28243000000,
        "grossProfitRatio": 0.8167437825,
        "researchAndDevelopmentExpenses": 0,
        "generalAndAdministrativeExpenses": 9233000000,
        "sellingAndMarketingExpenses": 2319000000,
        "sellingGeneralAndAdministrativeExpenses": 11552000000,
        "otherExpenses": -2570000000,
        "operatingExpenses": 8982000000,
        "costAndExpenses": 16411000000,
        "interestIncome": 56501000,
        "interestExpense": 335982000,
        "depreciationAndAmortization": 1857000000,
        "ebitda": 10386000000,
        "ebitdaratio": 0.3003470214,
        "operatingIncome": 18029000000,
        "operatingIncomeRatio": 0.5213707345,
        "totalOtherIncomeExpensesNet": 0,
        "incomeBeforeTax": 18644000000,
        "incomeBeforeTaxRatio": 0.5391555813,
        "incomeTaxExpense": 5778000000,
        "netIncome": 11774000000,
        "netIncomeRatio": 0.34048583,
        "eps": 2.32,
        "epsdiluted": 2.32,
        "weightedAverageShsOut": 5070000000,
        "weightedAverageShsOutDil": 5070000000,
        "link": "",
        "finalLink": ""
    },
    {
        "date": "2021-12-31",
        "symbol": "BBL",
        "reportedCurrency": "USD",
        "cik": "0000811809",
        "fillingDate": "2021-12-31",
        "acceptedDate": "2021-12-30 19:00:00",
        "calendarYear": "2022",
        "period": "Q2",
        "revenue": 30527000000,
        "costOfRevenue": 15666000000,
        "grossProfit": 14861000000,
        "grossProfitRatio": 0.4868149507,
        "researchAndDevelopmentExpenses": 0,
        "generalAndAdministrativeExpenses": 0,
        "sellingAndMarketingExpenses": 0,
        "sellingGeneralAndAdministrativeExpenses": 0,
        "otherExpenses": 309000000,
        "operatingExpenses": 309000000,
        "costAndExpenses": 15986000000,
        "interestIncome": 25000000,
        "interestExpense": 293000000,
        "depreciationAndAmortization": 2851000000,
        "ebitda": 8881000000,
        "ebitdaratio": 0.2909227897,
        "operatingIncome": 14861000000,
        "operatingIncomeRatio": 0.4868149507,
        "totalOtherIncomeExpensesNet": -352000000,
        "incomeBeforeTax": 14493000000,
        "incomeBeforeTaxRatio": 0.4747600485,
        "incomeTaxExpense": 4959000000,
        "netIncome": 9443000000,
        "netIncomeRatio": 0.3093327219,
        "eps": 1.86,
        "epsdiluted": 1.86,
        "weightedAverageShsOut": 5072000000,
        "weightedAverageShsOutDil": 5072000000,
        "link": "",
        "finalLink": ""
    },
    {
        "date": "2021-06-30",
        "symbol": "BBL",
        "reportedCurrency": "USD",
        "cik": "0000811809",
        "fillingDate": "2021-09-21",
        "acceptedDate": "2021-09-21 06:06:58",
        "calendarYear": "2021",
        "period": "Q4",
        "revenue": 34015873000,
        "costOfRevenue": 18038721000,
        "grossProfit": 15977153000,
        "grossProfitRatio": 0.4696969853,
        "researchAndDevelopmentExpenses": 0,
        "generalAndAdministrativeExpenses": 9043000000,
        "sellingAndMarketingExpenses": 1900000000,
        "sellingGeneralAndAdministrativeExpenses": 10943000000,
        "otherExpenses": -11308000000,
        "operatingExpenses": -365000000,
        "costAndExpenses": 18038721000,
        "interestIncome": 24174000,
        "interestExpense": 334570000,
        "depreciationAndAmortization": 1898000000,
        "ebitda": 19758000000,
        "ebitdaratio": 0.5808464772,
        "operatingIncome": 15626000000,
        "operatingIncomeRatio": 0.4593737753,
        "totalOtherIncomeExpensesNet": -347000000,
        "incomeBeforeTax": 15383437000,
        "incomeBeforeTaxRatio": 0.4522428985,
        "incomeTaxExpense": 6915729000,
        "netIncome": 7182612000,
        "netIncomeRatio": 0.2111547159,
        "eps": 1.42,
        "epsdiluted": 1.42,
        "weightedAverageShsOut": 5067000000,
        "weightedAverageShsOutDil": 5067000000,
        "link": "",
        "finalLink": ""
    },
    {
        "date": "2020-12-31",
        "symbol": "BBL",
        "reportedCurrency": "USD",
        "cik": "0000811809",
        "fillingDate": "2020-12-31",
        "acceptedDate": "2020-12-30 19:00:00",
        "calendarYear": "2021",
        "period": "Q2",
        "revenue": 25639000000,
        "costOfRevenue": 12845000000,
        "grossProfit": 10386000000,
        "grossProfitRatio": 0.4050860018,
        "researchAndDevelopmentExpenses": 0,
        "generalAndAdministrativeExpenses": 0,
        "sellingAndMarketingExpenses": 0,
        "sellingGeneralAndAdministrativeExpenses": 0,
        "otherExpenses": 2100000000,
        "operatingExpenses": 2100000000,
        "costAndExpenses": 14294000000,
        "interestIncome": 48000000,
        "interestExpense": 394000000,
        "depreciationAndAmortization": 2405000000,
        "ebitda": 6753500000,
        "ebitdaratio": 0.2634073092,
        "operatingIncome": 10386000000,
        "operatingIncomeRatio": 0.4050860018,
        "totalOtherIncomeExpensesNet": -1763000000,
        "incomeBeforeTax": 8623000000,
        "incomeBeforeTaxRatio": 0.3363235696,
        "incomeTaxExpense": 3998000000,
        "netIncome": 3876000000,
        "netIncomeRatio": 0.1511759429,
        "eps": 0.86,
        "epsdiluted": 0.8,
        "weightedAverageShsOut": 5066002000,
        "weightedAverageShsOutDil": 5069000000,
        "link": "",
        "finalLink": ""
    },
    {
        "date": "2020-06-30",
        "symbol": "BBL",
        "reportedCurrency": "USD",
        "cik": "0000811809",
        "fillingDate": "2020-09-22",
        "acceptedDate": "2020-09-22 06:29:37",
        "calendarYear": "2020",
        "period": "Q4",
        "revenue": 21073326000,
        "costOfRevenue": 14499208000,
        "grossProfit": 6574118000,
        "grossProfitRatio": 0.3119639491,
        "researchAndDevelopmentExpenses": 0,
        "generalAndAdministrativeExpenses": 8847000000,
        "sellingAndMarketingExpenses": 1981000000,
        "sellingGeneralAndAdministrativeExpenses": 10828000000,
        "otherExpenses": -7034000000,
        "operatingExpenses": 3794000000,
        "costAndExpenses": 14660000000,
        "interestIncome": 136833000,
        "interestExpense": 568777000,
        "depreciationAndAmortization": 2442000000,
        "ebitda": 6957000000,
        "ebitdaratio": 0.3301329842,
        "operatingIncome": 6574118000,
        "operatingIncomeRatio": 0.3119639491,
        "totalOtherIncomeExpensesNet": -637193000,
        "incomeBeforeTax": 5936925000,
        "incomeBeforeTaxRatio": 0.2817270041,
        "incomeTaxExpense": 2219965000,
        "netIncome": 3153289000,
        "netIncomeRatio": 0.1496341394,
        "eps": 0.62,
        "epsdiluted": 0.62,
        "weightedAverageShsOut": 5062876000,
        "weightedAverageShsOutDil": 5068000000,
        "link": "",
        "finalLink": ""
    },
    {
        "date": "2019-12-31",
        "symbol": "BBL",
        "reportedCurrency": "USD",
        "cik": "0000811809",
        "fillingDate": "2019-12-31",
        "acceptedDate": "2019-12-30 19:00:00",
        "calendarYear": "2020",
        "period": "Q2",
        "revenue": 22294000000,
        "costOfRevenue": 14283000000,
        "grossProfit": 8011000000,
        "grossProfitRatio": 0.35933435,
        "researchAndDevelopmentExpenses": 0,
        "generalAndAdministrativeExpenses": 0,
        "sellingAndMarketingExpenses": 0,
        "sellingGeneralAndAdministrativeExpenses": 0,
        "otherExpenses": 659000000,
        "operatingExpenses": 659000000,
        "costAndExpenses": 14283000000,
        "interestIncome": 217000000,
        "interestExpense": 646000000,
        "depreciationAndAmortization": 3014000000,
        "ebitda": 11788000000,
        "ebitdaratio": 0.5287521306,
        "operatingIncome": 8011000000,
        "operatingIncomeRatio": 0.35933435,
        "totalOtherIncomeExpensesNet": -220807000,
        "incomeBeforeTax": 7790000000,
        "incomeBeforeTaxRatio": 0.349421369,
        "incomeTaxExpense": 2554035000,
        "netIncome": 4868000000,
        "netIncomeRatio": 0.2183547143,
        "eps": 0.93,
        "epsdiluted": 0.93,
        "weightedAverageShsOut": 5070000000,
        "weightedAverageShsOutDil": 5070000000,
        "link": "",
        "finalLink": ""
    },
    {
        "date": "2019-06-30",
        "symbol": "BBL",
        "reportedCurrency": "USD",
        "cik": "0000811809",
        "fillingDate": "2019-06-30",
        "acceptedDate": "2019-06-29 20:00:00",
        "calendarYear": "2019",
        "period": "Q4",
        "revenue": 23376000000,
        "costOfRevenue": 5730725000,
        "grossProfit": 17645275000,
        "grossProfitRatio": 0.754845782,
        "researchAndDevelopmentExpenses": 0,
        "generalAndAdministrativeExpenses": 9559725000,
        "sellingAndMarketingExpenses": 2378000000,
        "sellingGeneralAndAdministrativeExpenses": 11937725000,
        "otherExpenses": -3072450000,
        "operatingExpenses": 8865275000,
        "costAndExpenses": 14596000000,
        "interestIncome": 111000000,
        "interestExpense": 0,
        "depreciationAndAmortization": 2968000000,
        "ebitda": 11785000000,
        "ebitdaratio": 0.5041495551,
        "operatingIncome": 8817000000,
        "operatingIncomeRatio": 0.3771817248,
        "totalOtherIncomeExpensesNet": -531000000,
        "incomeBeforeTax": 8249000000,
        "incomeBeforeTaxRatio": 0.3528832991,
        "incomeTaxExpense": 3171000000,
        "netIncome": 4584000000,
        "netIncomeRatio": 0.1960985626,
        "eps": 0.9,
        "epsdiluted": 0.9,
        "weightedAverageShsOut": 5068000000,
        "weightedAverageShsOutDil": 5068000000,
        "link": "",
        "finalLink": ""
    },
    {
        "date": "2018-12-31",
        "symbol": "BBL",
        "reportedCurrency": "USD",
        "cik": "0000811809",
        "fillingDate": "2018-12-31",
        "acceptedDate": "2018-12-30 19:00:00",
        "calendarYear": "2019",
        "period": "Q2",
        "revenue": 20912000000,
        "costOfRevenue": 13494000000,
        "grossProfit": 7418000000,
        "grossProfitRatio": 0.3547245601,
        "researchAndDevelopmentExpenses": 0,
        "generalAndAdministrativeExpenses": 0,
        "sellingAndMarketingExpenses": 0,
        "sellingGeneralAndAdministrativeExpenses": 0,
        "otherExpenses": 283000000,
        "operatingExpenses": 283000000,
        "costAndExpenses": 13777000000,
        "interestIncome": 132000000,
        "interestExpense": 0,
        "depreciationAndAmortization": 2889000000,
        "ebitda": 5071500000,
        "ebitdaratio": 0.2425162586,
        "operatingIncome": 7333000000,
        "operatingIncomeRatio": 0.3506599082,
        "totalOtherIncomeExpensesNet": -533000000,
        "incomeBeforeTax": 6800000000,
        "incomeBeforeTaxRatio": 0.32517215,
        "incomeTaxExpense": 2358000000,
        "netIncome": 4057000000,
        "netIncomeRatio": 0.194003443,
        "eps": 0.77,
        "epsdiluted": 0.76,
        "weightedAverageShsOut": 5316507000,
        "weightedAverageShsOutDil": 5318000000,
        "link": "",
        "finalLink": ""
    },
    {
        "date": "2018-06-30",
        "symbol": "BBL",
        "reportedCurrency": "USD",
        "cik": "0000811809",
        "fillingDate": "2018-06-30",
        "acceptedDate": "2018-06-29 20:00:00",
        "calendarYear": "2018",
        "period": "Q4",
        "revenue": 22737000000,
        "costOfRevenue": 5456687000,
        "grossProfit": 17280313000,
        "grossProfitRatio": 0.7600084884,
        "researchAndDevelopmentExpenses": 0,
        "generalAndAdministrativeExpenses": 9714687000,
        "sellingAndMarketingExpenses": 2294000000,
        "sellingGeneralAndAdministrativeExpenses": 12008687000,
        "otherExpenses": 7624000000,
        "operatingExpenses": 19632687000,
        "costAndExpenses": 25089374000,
        "interestIncome": -33430000,
        "interestExpense": 0,
        "depreciationAndAmortization": 3087000000,
        "ebitda": 11871000000,
        "ebitdaratio": 0.522100541,
        "operatingIncome": 8831000000,
        "operatingIncomeRatio": 0.3883977658,
        "totalOtherIncomeExpensesNet": -587000000,
        "incomeBeforeTax": 8244000000,
        "incomeBeforeTaxRatio": 0.3625808154,
        "incomeTaxExpense": 2906000000,
        "netIncome": 4779000000,
        "netIncomeRatio": 0.2101860404,
        "eps": 0.9,
        "epsdiluted": 0.9,
        "weightedAverageShsOut": 5334384000,
        "weightedAverageShsOutDil": 5336000000,
        "link": "",
        "finalLink": ""
    },
    {
        "date": "2017-12-31",
        "symbol": "BBL",
        "reportedCurrency": "USD",
        "cik": "0000811809",
        "fillingDate": "2017-12-31",
        "acceptedDate": "2017-12-30 19:00:00",
        "calendarYear": "2018",
        "period": "Q2",
        "revenue": 20649000000,
        "costOfRevenue": 13369000000,
        "grossProfit": 7280000000,
        "grossProfitRatio": 0.352559446,
        "researchAndDevelopmentExpenses": 0,
        "generalAndAdministrativeExpenses": 0,
        "sellingAndMarketingExpenses": 0,
        "sellingGeneralAndAdministrativeExpenses": 0,
        "otherExpenses": 324000000,
        "operatingExpenses": 324000000,
        "costAndExpenses": 13693000000,
        "interestIncome": 98569750,
        "interestExpense": 0,
        "depreciationAndAmortization": 3277000000,
        "ebitda": 10670000000,
        "ebitdaratio": 0.5167320451,
        "operatingIncome": 7042000000,
        "operatingIncomeRatio": 0.3410334641,
        "totalOtherIncomeExpensesNet": -535000000,
        "incomeBeforeTax": 6507000000,
        "incomeBeforeTaxRatio": 0.3151242191,
        "incomeTaxExpense": 4101000000,
        "netIncome": 1847000000,
        "netIncomeRatio": 0.0894474309,
        "eps": 0.35,
        "epsdiluted": 0.35,
        "weightedAverageShsOut": 5338000000,
        "weightedAverageShsOutDil": 5338000000,
        "link": "",
        "finalLink": ""
    },
    {
        "date": "2017-06-30",
        "symbol": "BBL",
        "reportedCurrency": "USD",
        "cik": "0000811809",
        "fillingDate": "2017-06-30",
        "acceptedDate": "2017-06-30 15:00:00",
        "calendarYear": "2017",
        "period": "Q4",
        "revenue": 16641000000,
        "costOfRevenue": -6591000000,
        "grossProfit": 23232000000,
        "grossProfitRatio": 1.3960699477,
        "researchAndDevelopmentExpenses": 0,
        "generalAndAdministrativeExpenses": 0,
        "sellingAndMarketingExpenses": 0,
        "sellingGeneralAndAdministrativeExpenses": 0,
        "otherExpenses": 17471000000,
        "operatingExpenses": 17471000000,
        "costAndExpenses": 10880000000,
        "interestIncome": 464000000,
        "interestExpense": 0,
        "depreciationAndAmortization": 2129000000,
        "ebitda": 7890000000,
        "ebitdaratio": 0.4741301604,
        "operatingIncome": 5761000000,
        "operatingIncomeRatio": 0.3461931374,
        "totalOtherIncomeExpensesNet": -840000000,
        "incomeBeforeTax": 4892000000,
        "incomeBeforeTaxRatio": 0.293972718,
        "incomeTaxExpense": 2415000000,
        "netIncome": 2477000000,
        "netIncomeRatio": 0.1488492278,
        "eps": 0.49,
        "epsdiluted": 0.49,
        "weightedAverageShsOut": 5067014000,
        "weightedAverageShsOutDil": 5078000000,
        "link": "",
        "finalLink": ""
    },
    {
        "date": "2016-12-31",
        "symbol": "BBL",
        "reportedCurrency": "USD",
        "cik": "0000811809",
        "fillingDate": "2016-12-31",
        "acceptedDate": "2016-12-30 19:00:00",
        "calendarYear": "2017",
        "period": "Q2",
        "revenue": 19306000000,
        "costOfRevenue": 13189000000,
        "grossProfit": 6117000000,
        "grossProfitRatio": 0.3168445043,
        "researchAndDevelopmentExpenses": 0,
        "generalAndAdministrativeExpenses": 0,
        "sellingAndMarketingExpenses": 0,
        "sellingGeneralAndAdministrativeExpenses": 0,
        "otherExpenses": 194000000,
        "operatingExpenses": 194000000,
        "costAndExpenses": 13383000000,
        "interestIncome": 443000000,
        "interestExpense": 0,
        "depreciationAndAmortization": 3843000000,
        "ebitda": 9745000000,
        "ebitdaratio": 0.5047653579,
        "operatingIncome": 6057000000,
        "operatingIncomeRatio": 0.3137366622,
        "totalOtherIncomeExpensesNet": -577000000,
        "incomeBeforeTax": 6245000000,
        "incomeBeforeTaxRatio": 0.3234745675,
        "incomeTaxExpense": 2028000000,
        "netIncome": 3204000000,
        "netIncomeRatio": 0.1659587693,
        "eps": 0.6,
        "epsdiluted": 0.6,
        "weightedAverageShsOut": 5336000000,
        "weightedAverageShsOutDil": 5336000000,
        "link": "",
        "finalLink": ""
    },
    {
        "date": "2016-06-30",
        "symbol": "BBL",
        "reportedCurrency": "USD",
        "cik": "0000811809",
        "fillingDate": "2016-06-30",
        "acceptedDate": "2016-06-29 20:00:00",
        "calendarYear": "2016",
        "period": "Q4",
        "revenue": 15392000000,
        "costOfRevenue": 7897000000,
        "grossProfit": 7495000000,
        "grossProfitRatio": 0.4869412682,
        "researchAndDevelopmentExpenses": 0,
        "generalAndAdministrativeExpenses": 9504000000,
        "sellingAndMarketingExpenses": 2226000000,
        "sellingGeneralAndAdministrativeExpenses": 11730000000,
        "otherExpenses": 10966000000,
        "operatingExpenses": 22696000000,
        "costAndExpenses": 30593000000,
        "interestIncome": -129734098,
        "interestExpense": 0,
        "depreciationAndAmortization": 4059000000,
        "ebitda": 5952000000,
        "ebitdaratio": 0.3866943867,
        "operatingIncome": 1893000000,
        "operatingIncomeRatio": 0.1229859667,
        "totalOtherIncomeExpensesNet": -1693000000,
        "incomeBeforeTax": 200000000,
        "incomeBeforeTaxRatio": 0.012993763,
        "incomeTaxExpense": 674000000,
        "netIncome": -716000000,
        "netIncomeRatio": -0.0465176715,
        "eps": -0.13,
        "epsdiluted": -0.13,
        "weightedAverageShsOut": 5303703703,
        "weightedAverageShsOutDil": 5322000000,
        "link": "",
        "finalLink": ""
    },
    {
        "date": "2015-12-31",
        "symbol": "BBL",
        "reportedCurrency": "USD",
        "cik": "0000811809",
        "fillingDate": "2015-12-31",
        "acceptedDate": "2015-12-30 19:00:00",
        "calendarYear": "2016",
        "period": "Q2",
        "revenue": 15963000000,
        "costOfRevenue": 14756000000,
        "grossProfit": 1207000000,
        "grossProfitRatio": 0.0756123536,
        "researchAndDevelopmentExpenses": 0,
        "generalAndAdministrativeExpenses": 0,
        "sellingAndMarketingExpenses": 0,
        "sellingGeneralAndAdministrativeExpenses": 0,
        "otherExpenses": 8348000000,
        "operatingExpenses": 8348000000,
        "costAndExpenses": 23104000000,
        "interestIncome": -204734000,
        "interestExpense": 0,
        "depreciationAndAmortization": 4602000000,
        "ebitda": 5641000000,
        "ebitdaratio": 0.3533796905,
        "operatingIncome": 1039000000,
        "operatingIncomeRatio": 0.065088016,
        "totalOtherIncomeExpensesNet": -8498000000,
        "incomeBeforeTax": -7459000000,
        "incomeBeforeTaxRatio": -0.4672680574,
        "incomeTaxExpense": -1726000000,
        "netIncome": -5669000000,
        "netIncomeRatio": -0.3551337468,
        "eps": -1.06,
        "epsdiluted": -1.07,
        "weightedAverageShsOut": 5322000000,
        "weightedAverageShsOutDil": 5322000000,
        "link": "",
        "finalLink": ""
    },
    {
        "date": "2015-06-30",
        "symbol": "BBL",
        "reportedCurrency": "USD",
        "cik": "0000811809",
        "fillingDate": "2015-09-23",
        "acceptedDate": "2015-09-22 18:38:17",
        "calendarYear": "2015",
        "period": "Q4",
        "revenue": 19973000000,
        "costOfRevenue": 9036045000,
        "grossProfit": 10936955000,
        "grossProfitRatio": 0.5475869924,
        "researchAndDevelopmentExpenses": 0,
        "generalAndAdministrativeExpenses": 12163045000,
        "sellingAndMarketingExpenses": 2644000000,
        "sellingGeneralAndAdministrativeExpenses": 14807045000,
        "otherExpenses": 13754000000,
        "operatingExpenses": 28561045000,
        "costAndExpenses": 37597090000,
        "interestIncome": 0,
        "interestExpense": 44000000,
        "depreciationAndAmortization": 4753000000,
        "ebitda": 8083000000,
        "ebitdaratio": 0.4046963401,
        "operatingIncome": 3330000000,
        "operatingIncomeRatio": 0.1667250789,
        "totalOtherIncomeExpensesNet": -2970000000,
        "incomeBeforeTax": 360000000,
        "incomeBeforeTaxRatio": 0.0180243328,
        "incomeTaxExpense": 362000000,
        "netIncome": -442000000,
        "netIncomeRatio": -0.0221298753,
        "eps": -0.08,
        "epsdiluted": -0.08,
        "weightedAverageShsOut": 5296267449,
        "weightedAverageShsOutDil": 5332000000,
        "link": "",
        "finalLink": ""
    },
    {
        "date": "2014-12-31",
        "symbol": "BBL",
        "reportedCurrency": "USD",
        "cik": "0000811809",
        "fillingDate": "2014-12-31",
        "acceptedDate": "2014-12-31 00:00:00",
        "calendarYear": "2015",
        "period": "Q2",
        "revenue": 25144000000,
        "costOfRevenue": 16779000000,
        "grossProfit": 8365000000,
        "grossProfitRatio": 0.3326837416,
        "researchAndDevelopmentExpenses": 0,
        "generalAndAdministrativeExpenses": 0,
        "sellingAndMarketingExpenses": 0,
        "sellingGeneralAndAdministrativeExpenses": 7000000,
        "otherExpenses": 460000000,
        "operatingExpenses": 467000000,
        "costAndExpenses": 17246000000,
        "interestIncome": 0,
        "interestExpense": 101000000,
        "depreciationAndAmortization": 4405000000,
        "ebitda": 12411000000,
        "ebitdaratio": 0.493596882,
        "operatingIncome": 5340000000,
        "operatingIncomeRatio": 0.2123767101,
        "totalOtherIncomeExpensesNet": -234000000,
        "incomeBeforeTax": 7696000000,
        "incomeBeforeTaxRatio": 0.3060769965,
        "incomeTaxExpense": 3304000000,
        "netIncome": 3864000000,
        "netIncomeRatio": 0.153674833,
        "eps": 0.72,
        "epsdiluted": 0.72,
        "weightedAverageShsOut": 5330971370,
        "weightedAverageShsOutDil": 5334000000,
        "link": "",
        "finalLink": ""
    },
    {
        "date": "2014-06-30",
        "symbol": "BBL",
        "reportedCurrency": "USD",
        "cik": "0000811809",
        "fillingDate": "2014-09-25",
        "acceptedDate": "2014-09-24 20:04:36",
        "calendarYear": "2014",
        "period": "Q4",
        "revenue": 28381000000,
        "costOfRevenue": 7834000000,
        "grossProfit": 20547000000,
        "grossProfitRatio": 0.7239702618,
        "researchAndDevelopmentExpenses": 21500000,
        "generalAndAdministrativeExpenses": 3039000000,
        "sellingAndMarketingExpenses": 1559500000,
        "sellingGeneralAndAdministrativeExpenses": 4598500000,
        "otherExpenses": 4602500000,
        "operatingExpenses": 9222500000,
        "costAndExpenses": 17056500000,
        "interestIncome": 40500000,
        "interestExpense": 412000000,
        "depreciationAndAmortization": 3858000000,
        "ebitda": 15137500000,
        "ebitdaratio": 0.5333673937,
        "operatingIncome": 11324500000,
        "operatingIncomeRatio": 0.399016948,
        "totalOtherIncomeExpensesNet": -457000000,
        "incomeBeforeTax": 10867500000,
        "incomeBeforeTaxRatio": 0.382914626,
        "incomeTaxExpense": 3390000000,
        "netIncome": 6916000000,
        "netIncomeRatio": 0.2436841549,
        "eps": 1.3,
        "epsdiluted": 1.3,
        "weightedAverageShsOut": 5334859000,
        "weightedAverageShsOutDil": 5338000000,
        "link": "",
        "finalLink": ""
    },
    {
        "date": "2013-12-31",
        "symbol": "BBL",
        "reportedCurrency": "USD",
        "cik": "0000811809",
        "fillingDate": "2014-03-25",
        "acceptedDate": "2014-03-24 20:04:36",
        "calendarYear": "2014",
        "period": "Q2",
        "revenue": 28381000000,
        "costOfRevenue": 7834000000,
        "grossProfit": 20547000000,
        "grossProfitRatio": 0.7239702618,
        "researchAndDevelopmentExpenses": 21500000,
        "generalAndAdministrativeExpenses": 3039000000,
        "sellingAndMarketingExpenses": 1559500000,
        "sellingGeneralAndAdministrativeExpenses": 4598500000,
        "otherExpenses": 4602500000,
        "operatingExpenses": 9222500000,
        "costAndExpenses": 17056500000,
        "interestIncome": 40500000,
        "interestExpense": 412000000,
        "depreciationAndAmortization": 3858000000,
        "ebitda": 15137500000,
        "ebitdaratio": 0.5333673937,
        "operatingIncome": 11324500000,
        "operatingIncomeRatio": 0.399016948,
        "totalOtherIncomeExpensesNet": -457000000,
        "incomeBeforeTax": 10867500000,
        "incomeBeforeTaxRatio": 0.382914626,
        "incomeTaxExpense": 3390000000,
        "netIncome": 6916000000,
        "netIncomeRatio": 0.2436841549,
        "eps": 1.3,
        "epsdiluted": 1.3,
        "weightedAverageShsOut": 5334859000,
        "weightedAverageShsOutDil": 5338000000,
        "link": null,
        "finalLink": null
    },
    {
        "date": "2013-06-30",
        "symbol": "BBL",
        "reportedCurrency": "USD",
        "cik": "0000811809",
        "fillingDate": "2013-09-25",
        "acceptedDate": "2013-09-24 19:06:33",
        "calendarYear": "2013",
        "period": "Q4",
        "revenue": 33922000000,
        "costOfRevenue": 8316000000,
        "grossProfit": 25606000000,
        "grossProfitRatio": 0.7548493603,
        "researchAndDevelopmentExpenses": 64000000,
        "generalAndAdministrativeExpenses": 0,
        "sellingAndMarketingExpenses": 0,
        "sellingGeneralAndAdministrativeExpenses": 17386000000,
        "otherExpenses": 11429000000,
        "operatingExpenses": 28879000000,
        "costAndExpenses": 37920000000,
        "interestIncome": 205000000,
        "interestExpense": 0,
        "depreciationAndAmortization": 3839000000,
        "ebitda": 15314000000,
        "ebitdaratio": 0.4514474382,
        "operatingIncome": 11475000000,
        "operatingIncomeRatio": 0.338276045,
        "totalOtherIncomeExpensesNet": 797000000,
        "incomeBeforeTax": 12272000000,
        "incomeBeforeTaxRatio": 0.361771122,
        "incomeTaxExpense": 4697000000,
        "netIncome": 6790000000,
        "netIncomeRatio": 0.2001650846,
        "eps": 1.27,
        "epsdiluted": 1.27,
        "weightedAverageShsOut": 5338747000,
        "weightedAverageShsOutDil": 5342000000,
        "link": "",
        "finalLink": ""
    },
    {
        "date": "2012-12-31",
        "symbol": "BBL",
        "reportedCurrency": "USD",
        "cik": "0000811809",
        "fillingDate": "2012-12-31",
        "acceptedDate": "2012-12-31 00:00:00",
        "calendarYear": "2013",
        "period": "Q2",
        "revenue": 32066000000,
        "costOfRevenue": 22743000000,
        "grossProfit": 9323000000,
        "grossProfitRatio": 0.2907440903,
        "researchAndDevelopmentExpenses": 0,
        "generalAndAdministrativeExpenses": 0,
        "sellingAndMarketingExpenses": 0,
        "sellingGeneralAndAdministrativeExpenses": 10000000,
        "otherExpenses": -1648000000,
        "operatingExpenses": -1656000000,
        "costAndExpenses": 21087000000,
        "interestIncome": -128000000,
        "interestExpense": -213000000,
        "depreciationAndAmortization": -3459000000,
        "ebitda": 12411000000,
        "ebitdaratio": 0.3870454687,
        "operatingIncome": 15870000000,
        "operatingIncomeRatio": 0.4949167342,
        "totalOtherIncomeExpensesNet": -8416000000,
        "incomeBeforeTax": 7454000000,
        "incomeBeforeTaxRatio": 0.2324580553,
        "incomeTaxExpense": 2209000000,
        "netIncome": 5245000000,
        "netIncomeRatio": 0.1635688892,
        "eps": 0.98,
        "epsdiluted": 0.98,
        "weightedAverageShsOut": 5340963855,
        "weightedAverageShsOutDil": 5340963855,
        "link": "",
        "finalLink": ""
    },
    {
        "date": "2012-06-30",
        "symbol": "BBL",
        "reportedCurrency": "USD",
        "cik": "0000811809",
        "fillingDate": "2012-09-18",
        "acceptedDate": "2012-09-17 18:35:52",
        "calendarYear": "2012",
        "period": "Q4",
        "revenue": 15638000000,
        "costOfRevenue": 3373500000,
        "grossProfit": 12264500000,
        "grossProfitRatio": 0.7842754828,
        "researchAndDevelopmentExpenses": 37500000,
        "generalAndAdministrativeExpenses": 0,
        "sellingAndMarketingExpenses": 0,
        "sellingGeneralAndAdministrativeExpenses": 10471500000,
        "otherExpenses": -24818000000,
        "operatingExpenses": -14309000000,
        "costAndExpenses": -10935500000,
        "interestIncome": 0,
        "interestExpense": -16500000,
        "depreciationAndAmortization": -1863500000,
        "ebitda": 5958500000,
        "ebitdaratio": 0.3810269855,
        "operatingIncome": 7822000000,
        "operatingIncomeRatio": 0.5001918404,
        "totalOtherIncomeExpensesNet": -3136000000,
        "incomeBeforeTax": 4686000000,
        "incomeBeforeTaxRatio": 0.2996546873,
        "incomeTaxExpense": 907500000,
        "netIncome": 3778500000,
        "netIncomeRatio": 0.2416229697,
        "eps": 0.71,
        "epsdiluted": 0.71,
        "weightedAverageShsOut": 5350243902,
        "weightedAverageShsOutDil": 5350243902,
        "link": "",
        "finalLink": ""
    },
    {
        "date": "2011-12-31",
        "symbol": "BBL",
        "reportedCurrency": "USD",
        "cik": "0000811809",
        "fillingDate": "2012-03-18",
        "acceptedDate": "2012-03-17 18:35:52",
        "calendarYear": "2012",
        "period": "Q2",
        "revenue": 56588000000,
        "costOfRevenue": 32728500000,
        "grossProfit": 23859500000,
        "grossProfitRatio": 0.421635329,
        "researchAndDevelopmentExpenses": 37500000,
        "generalAndAdministrativeExpenses": 7298000000,
        "sellingAndMarketingExpenses": 15358000000,
        "sellingGeneralAndAdministrativeExpenses": 12184500000,
        "otherExpenses": 30346000000,
        "operatingExpenses": 42568000000,
        "costAndExpenses": -5936500000,
        "interestIncome": 122000000,
        "interestExpense": 952500000,
        "depreciationAndAmortization": -6252500000,
        "ebitda": 25340500000,
        "ebitdaratio": 0.4478069555,
        "operatingIncome": 31521000000,
        "operatingIncomeRatio": 0.5570262246,
        "totalOtherIncomeExpensesNet": 0,
        "incomeBeforeTax": 19246000000,
        "incomeBeforeTaxRatio": 0.3401074433,
        "incomeTaxExpense": 6407500000,
        "netIncome": 11638500000,
        "netIncomeRatio": 0.2056708136,
        "eps": 2.2,
        "epsdiluted": 2.18,
        "weightedAverageShsOut": 5350243902,
        "weightedAverageShsOutDil": 5350243902,
        "link": null,
        "finalLink": null
    },
    {
        "date": "2011-06-30",
        "symbol": "BBL",
        "reportedCurrency": "USD",
        "cik": "0000811809",
        "fillingDate": "2011-09-21",
        "acceptedDate": "2011-09-20 21:13:44",
        "calendarYear": "2011",
        "period": "Q4",
        "revenue": 35869500000,
        "costOfRevenue": 11608500000,
        "grossProfit": 24261000000,
        "grossProfitRatio": 0.6763685025,
        "researchAndDevelopmentExpenses": 37000000,
        "generalAndAdministrativeExpenses": 4318500000,
        "sellingAndMarketingExpenses": 0,
        "sellingGeneralAndAdministrativeExpenses": 4318500000,
        "otherExpenses": 3046500000,
        "operatingExpenses": 7402000000,
        "costAndExpenses": 19010500000,
        "interestIncome": 70500000,
        "interestExpense": 123000000,
        "depreciationAndAmortization": 3313000000,
        "ebitda": 18475500000,
        "ebitdaratio": 0.515075482,
        "operatingIncome": 15908000000,
        "operatingIncomeRatio": 0.4434965639,
        "totalOtherIncomeExpensesNet": -280500000,
        "incomeBeforeTax": 15627500000,
        "incomeBeforeTaxRatio": 0.4356765497,
        "incomeTaxExpense": 3654500000,
        "netIncome": 11824000000,
        "netIncomeRatio": 0.3296393872,
        "eps": 4.29,
        "epsdiluted": 4.27,
        "weightedAverageShsOut": 5511000000,
        "weightedAverageShsOutDil": 5540000000,
        "link": "",
        "finalLink": ""
    },
    {
        "date": "2010-12-31",
        "symbol": "BBL",
        "reportedCurrency": "USD",
        "cik": "0000811809",
        "fillingDate": "2010-12-30",
        "acceptedDate": "2010-12-30 00:00:00",
        "calendarYear": "2011",
        "period": "Q2",
        "revenue": 35869500000,
        "costOfRevenue": 11608500000,
        "grossProfit": 24261000000,
        "grossProfitRatio": 0.6763685025,
        "researchAndDevelopmentExpenses": 37000000,
        "generalAndAdministrativeExpenses": 4318500000,
        "sellingAndMarketingExpenses": 0,
        "sellingGeneralAndAdministrativeExpenses": 4318500000,
        "otherExpenses": 3046500000,
        "operatingExpenses": 7402000000,
        "costAndExpenses": 19010500000,
        "interestIncome": 70500000,
        "interestExpense": 123000000,
        "depreciationAndAmortization": 3313000000,
        "ebitda": 18475500000,
        "ebitdaratio": 0.515075482,
        "operatingIncome": 15908000000,
        "operatingIncomeRatio": 0.4434965639,
        "totalOtherIncomeExpensesNet": -280500000,
        "incomeBeforeTax": 15627500000,
        "incomeBeforeTaxRatio": 0.4356765497,
        "incomeTaxExpense": 3654500000,
        "netIncome": 11824000000,
        "netIncomeRatio": 0.3296393872,
        "eps": 4.29,
        "epsdiluted": 4.27,
        "weightedAverageShsOut": 5511000000,
        "weightedAverageShsOutDil": 5540000000,
        "link": "",
        "finalLink": ""
    },
    {
        "date": "2010-06-30",
        "symbol": "BBL",
        "reportedCurrency": "USD",
        "cik": "0000811809",
        "fillingDate": "2010-09-21",
        "acceptedDate": "2010-09-21 17:09:35",
        "calendarYear": "2010",
        "period": "Q4",
        "revenue": 26399000000,
        "costOfRevenue": 10181000000,
        "grossProfit": 16218000000,
        "grossProfitRatio": 0.6143414523,
        "researchAndDevelopmentExpenses": 32500000,
        "generalAndAdministrativeExpenses": 3352000000,
        "sellingAndMarketingExpenses": 0,
        "sellingGeneralAndAdministrativeExpenses": 3352000000,
        "otherExpenses": 13263000000,
        "operatingExpenses": 16647500000,
        "costAndExpenses": 16647500000,
        "interestIncome": 107500000,
        "interestExpense": 337000000,
        "depreciationAndAmortization": 2223000000,
        "ebitda": 12238500000,
        "ebitdaratio": 0.463597106,
        "operatingIncome": 10015500000,
        "operatingIncomeRatio": 0.3793893708,
        "totalOtherIncomeExpensesNet": -229500000,
        "incomeBeforeTax": 9786000000,
        "incomeBeforeTaxRatio": 0.3706958597,
        "incomeTaxExpense": 3281500000,
        "netIncome": 6361000000,
        "netIncomeRatio": 0.2409560968,
        "eps": 2.29,
        "epsdiluted": 2.28,
        "weightedAverageShsOut": 5565000000,
        "weightedAverageShsOutDil": 5595000000,
        "link": "",
        "finalLink": ""
    },
    {
        "date": "2009-12-31",
        "symbol": "BBL",
        "reportedCurrency": "USD",
        "cik": "0000811809",
        "fillingDate": "2010-02-10",
        "acceptedDate": "2010-02-10 07:04:18",
        "calendarYear": "2010",
        "period": "Q2",
        "revenue": 26399000000,
        "costOfRevenue": 10181000000,
        "grossProfit": 16218000000,
        "grossProfitRatio": 0.6143414523,
        "researchAndDevelopmentExpenses": 32500000,
        "generalAndAdministrativeExpenses": 3352000000,
        "sellingAndMarketingExpenses": 0,
        "sellingGeneralAndAdministrativeExpenses": 3352000000,
        "otherExpenses": 13263000000,
        "operatingExpenses": 16647500000,
        "costAndExpenses": 16647500000,
        "interestIncome": 107500000,
        "interestExpense": 337000000,
        "depreciationAndAmortization": 2223000000,
        "ebitda": 12238500000,
        "ebitdaratio": 0.463597106,
        "operatingIncome": 10015500000,
        "operatingIncomeRatio": 0.3793893708,
        "totalOtherIncomeExpensesNet": -229500000,
        "incomeBeforeTax": 9786000000,
        "incomeBeforeTaxRatio": 0.3706958597,
        "incomeTaxExpense": 3281500000,
        "netIncome": 6361000000,
        "netIncomeRatio": 0.2409560968,
        "eps": 2.29,
        "epsdiluted": 2.28,
        "weightedAverageShsOut": 5565000000,
        "weightedAverageShsOutDil": 5595000000,
        "link": "",
        "finalLink": ""
    },
    {
        "date": "2009-06-30",
        "symbol": "BBL",
        "reportedCurrency": "USD",
        "cik": "0000811809",
        "fillingDate": "2009-09-14",
        "acceptedDate": "2009-09-14 15:49:18",
        "calendarYear": "2009",
        "period": "Q4",
        "revenue": 25105500000,
        "costOfRevenue": 10863000000,
        "grossProfit": 14242500000,
        "grossProfitRatio": 0.5673059688,
        "researchAndDevelopmentExpenses": 78000000,
        "generalAndAdministrativeExpenses": 3230500000,
        "sellingAndMarketingExpenses": 0,
        "sellingGeneralAndAdministrativeExpenses": 3230500000,
        "otherExpenses": 3318500000,
        "operatingExpenses": 6627000000,
        "costAndExpenses": 17490000000,
        "interestIncome": 154500000,
        "interestExpense": 426000000,
        "depreciationAndAmortization": 3625500000,
        "ebitda": 8170000000,
        "ebitdaratio": 0.3254266993,
        "operatingIncome": 6080000000,
        "operatingIncomeRatio": 0.2421780088,
        "totalOtherIncomeExpensesNet": -271500000,
        "incomeBeforeTax": 5808500000,
        "incomeBeforeTaxRatio": 0.2313636454,
        "incomeTaxExpense": 2639500000,
        "netIncome": 2938500000,
        "netIncomeRatio": 0.1170460656,
        "eps": 1.05,
        "epsdiluted": 1.05,
        "weightedAverageShsOut": 5565000000,
        "weightedAverageShsOutDil": 5598000000,
        "link": "",
        "finalLink": ""
    },
    {
        "date": "2008-12-31",
        "symbol": "BBL",
        "reportedCurrency": "USD",
        "cik": "0000811809",
        "fillingDate": "2008-12-30",
        "acceptedDate": "2008-12-30 00:00:00",
        "calendarYear": "2009",
        "period": "Q2",
        "revenue": 25105500000,
        "costOfRevenue": 10863000000,
        "grossProfit": 14242500000,
        "grossProfitRatio": 0.5673059688,
        "researchAndDevelopmentExpenses": 78000000,
        "generalAndAdministrativeExpenses": 3230500000,
        "sellingAndMarketingExpenses": 0,
        "sellingGeneralAndAdministrativeExpenses": 3230500000,
        "otherExpenses": 3318500000,
        "operatingExpenses": 6627000000,
        "costAndExpenses": 17490000000,
        "interestIncome": 154500000,
        "interestExpense": 426000000,
        "depreciationAndAmortization": 3625500000,
        "ebitda": 8170000000,
        "ebitdaratio": 0.3254266993,
        "operatingIncome": 6080000000,
        "operatingIncomeRatio": 0.2421780088,
        "totalOtherIncomeExpensesNet": -271500000,
        "incomeBeforeTax": 5808500000,
        "incomeBeforeTaxRatio": 0.2313636454,
        "incomeTaxExpense": 2639500000,
        "netIncome": 2938500000,
        "netIncomeRatio": 0.1170460656,
        "eps": 1.05,
        "epsdiluted": 1.05,
        "weightedAverageShsOut": 5565000000,
        "weightedAverageShsOutDil": 5598000000,
        "link": "",
        "finalLink": ""
    },
    {
        "date": "2008-06-30",
        "symbol": "BBL",
        "reportedCurrency": "USD",
        "cik": "0000811809",
        "fillingDate": "2008-09-15",
        "acceptedDate": "2008-09-15 15:09:19",
        "calendarYear": "2008",
        "period": "Q4",
        "revenue": 29736500000,
        "costOfRevenue": 11773000000,
        "grossProfit": 17963500000,
        "grossProfitRatio": 0.6040892506,
        "researchAndDevelopmentExpenses": 122000000,
        "generalAndAdministrativeExpenses": 3045500000,
        "sellingAndMarketingExpenses": 0,
        "sellingGeneralAndAdministrativeExpenses": 3045500000,
        "otherExpenses": 2259000000,
        "operatingExpenses": 5426500000,
        "costAndExpenses": 17199500000,
        "interestIncome": 0,
        "interestExpense": 259000000,
        "depreciationAndAmortization": 2198500000,
        "ebitda": 14025000000,
        "ebitdaratio": 0.4716425941,
        "operatingIncome": 12072500000,
        "operatingIncomeRatio": 0.4059825467,
        "totalOtherIncomeExpensesNet": -331000000,
        "incomeBeforeTax": 11741500000,
        "incomeBeforeTaxRatio": 0.3948514452,
        "incomeTaxExpense": 3760500000,
        "netIncome": 7695000000,
        "netIncomeRatio": 0.2587728885,
        "eps": 2.76,
        "epsdiluted": 2.75,
        "weightedAverageShsOut": 5590000000,
        "weightedAverageShsOutDil": 5605000000,
        "link": "",
        "finalLink": ""
    },
    {
        "date": "2007-12-31",
        "symbol": "BBL",
        "reportedCurrency": "USD",
        "cik": "0000811809",
        "fillingDate": "2007-12-30",
        "acceptedDate": "2007-12-30 00:00:00",
        "calendarYear": "2008",
        "period": "Q2",
        "revenue": 29736500000,
        "costOfRevenue": 11773000000,
        "grossProfit": 17963500000,
        "grossProfitRatio": 0.6040892506,
        "researchAndDevelopmentExpenses": 122000000,
        "generalAndAdministrativeExpenses": 3045500000,
        "sellingAndMarketingExpenses": 0,
        "sellingGeneralAndAdministrativeExpenses": 3045500000,
        "otherExpenses": 2259000000,
        "operatingExpenses": 5426500000,
        "costAndExpenses": 17199500000,
        "interestIncome": 84000000,
        "interestExpense": 259000000,
        "depreciationAndAmortization": 2198500000,
        "ebitda": 14025000000,
        "ebitdaratio": 0.4716425941,
        "operatingIncome": 12072500000,
        "operatingIncomeRatio": 0.4059825467,
        "totalOtherIncomeExpensesNet": -331000000,
        "incomeBeforeTax": 11741500000,
        "incomeBeforeTaxRatio": 0.3948514452,
        "incomeTaxExpense": 3760500000,
        "netIncome": 7695000000,
        "netIncomeRatio": 0.2587728885,
        "eps": 2.76,
        "epsdiluted": 2.75,
        "weightedAverageShsOut": 5590000000,
        "weightedAverageShsOutDil": 5605000000,
        "link": "",
        "finalLink": ""
    },
    {
        "date": "2007-06-30",
        "symbol": "BBL",
        "reportedCurrency": "USD",
        "cik": "0000811809",
        "fillingDate": "2007-09-26",
        "acceptedDate": "2007-09-26 08:22:49",
        "calendarYear": "2007",
        "period": "Q4",
        "revenue": 19749000000,
        "costOfRevenue": 8904000000,
        "grossProfit": 10845000000,
        "grossProfitRatio": 0.5491417287,
        "researchAndDevelopmentExpenses": 84500000,
        "generalAndAdministrativeExpenses": 2269000000,
        "sellingAndMarketingExpenses": 0,
        "sellingGeneralAndAdministrativeExpenses": 2269000000,
        "otherExpenses": 1515500000,
        "operatingExpenses": 3869000000,
        "costAndExpenses": 12773000000,
        "interestIncome": 130000000,
        "interestExpense": 325000000,
        "depreciationAndAmortization": 1449500000,
        "ebitda": 11144000000,
        "ebitdaratio": 0.5642817358,
        "operatingIncome": 9200500000,
        "operatingIncomeRatio": 0.4658716897,
        "totalOtherIncomeExpensesNet": -195000000,
        "incomeBeforeTax": 9005500000,
        "incomeBeforeTaxRatio": 0.455997772,
        "incomeTaxExpense": 2257500000,
        "netIncome": 6708000000,
        "netIncomeRatio": 0.3396627677,
        "eps": 2.3,
        "epsdiluted": 2.29,
        "weightedAverageShsOut": 5846000000,
        "weightedAverageShsOutDil": 5866000000,
        "link": "",
        "finalLink": ""
    },
    {
        "date": "2006-12-31",
        "symbol": "BBL",
        "reportedCurrency": "USD",
        "cik": "0000811809",
        "fillingDate": "2007-02-08",
        "acceptedDate": "2007-02-07 19:43:52",
        "calendarYear": "2007",
        "period": "Q2",
        "revenue": 19749000000,
        "costOfRevenue": 8904000000,
        "grossProfit": 10845000000,
        "grossProfitRatio": 0.5491417287,
        "researchAndDevelopmentExpenses": 84500000,
        "generalAndAdministrativeExpenses": 2269000000,
        "sellingAndMarketingExpenses": 0,
        "sellingGeneralAndAdministrativeExpenses": 2269000000,
        "otherExpenses": 1515500000,
        "operatingExpenses": 3869000000,
        "costAndExpenses": 12773000000,
        "interestIncome": 130000000,
        "interestExpense": 325000000,
        "depreciationAndAmortization": 1449500000,
        "ebitda": 11144000000,
        "ebitdaratio": 0.5642817358,
        "operatingIncome": 9200500000,
        "operatingIncomeRatio": 0.4658716897,
        "totalOtherIncomeExpensesNet": -195000000,
        "incomeBeforeTax": 9005500000,
        "incomeBeforeTaxRatio": 0.455997772,
        "incomeTaxExpense": 2257500000,
        "netIncome": 6708000000,
        "netIncomeRatio": 0.3396627677,
        "eps": 2.3,
        "epsdiluted": 2.29,
        "weightedAverageShsOut": 5846000000,
        "weightedAverageShsOutDil": 5866000000,
        "link": "",
        "finalLink": ""
    },
    {
        "date": "2006-06-30",
        "symbol": "BBL",
        "reportedCurrency": "USD",
        "cik": "0000811809",
        "fillingDate": "2006-09-25",
        "acceptedDate": "2006-09-25 07:16:55",
        "calendarYear": "2006",
        "period": "Q4",
        "revenue": 16076500000,
        "costOfRevenue": 7574500000,
        "grossProfit": 8502000000,
        "grossProfitRatio": 0.5288464529,
        "researchAndDevelopmentExpenses": 38000000,
        "generalAndAdministrativeExpenses": 1932500000,
        "sellingAndMarketingExpenses": 0,
        "sellingGeneralAndAdministrativeExpenses": 1932500000,
        "otherExpenses": 1412500000,
        "operatingExpenses": 3383000000,
        "costAndExpenses": 10957500000,
        "interestIncome": 113000000,
        "interestExpense": 365500000,
        "depreciationAndAmortization": 875500000,
        "ebitda": 8211000000,
        "ebitdaratio": 0.5107454981,
        "operatingIncome": 7335500000,
        "operatingIncomeRatio": 0.4562871272,
        "totalOtherIncomeExpensesNet": -252500000,
        "incomeBeforeTax": 7083000000,
        "incomeBeforeTaxRatio": 0.4405809722,
        "incomeTaxExpense": 1816000000,
        "netIncome": 5225000000,
        "netIncomeRatio": 0.3250085529,
        "eps": 1.73,
        "epsdiluted": 1.72,
        "weightedAverageShsOut": 6035000000,
        "weightedAverageShsOutDil": 6066000000,
        "link": "",
        "finalLink": ""
    },
    {
        "date": "2005-12-31",
        "symbol": "BBL",
        "reportedCurrency": "USD",
        "cik": "0000811809",
        "fillingDate": "2005-12-30",
        "acceptedDate": "2005-12-30 00:00:00",
        "calendarYear": "2006",
        "period": "Q2",
        "revenue": 16076500000,
        "costOfRevenue": 7574500000,
        "grossProfit": 8502000000,
        "grossProfitRatio": 0.5288464529,
        "researchAndDevelopmentExpenses": 38000000,
        "generalAndAdministrativeExpenses": 1932500000,
        "sellingAndMarketingExpenses": 0,
        "sellingGeneralAndAdministrativeExpenses": 1932500000,
        "otherExpenses": 1412500000,
        "operatingExpenses": 3383000000,
        "costAndExpenses": 10957500000,
        "interestIncome": 113000000,
        "interestExpense": 365500000,
        "depreciationAndAmortization": 875500000,
        "ebitda": 8211000000,
        "ebitdaratio": 0.5107454981,
        "operatingIncome": 7335500000,
        "operatingIncomeRatio": 0.4562871272,
        "totalOtherIncomeExpensesNet": -252500000,
        "incomeBeforeTax": 7083000000,
        "incomeBeforeTaxRatio": 0.4405809722,
        "incomeTaxExpense": 1816000000,
        "netIncome": 5225000000,
        "netIncomeRatio": 0.3250085529,
        "eps": 1.73,
        "epsdiluted": 1.72,
        "weightedAverageShsOut": 6035000000,
        "weightedAverageShsOutDil": 6066000000,
        "link": "",
        "finalLink": ""
    },
    {
        "date": "2005-06-30",
        "symbol": "BBL",
        "reportedCurrency": "USD",
        "cik": "0000811809",
        "fillingDate": "2005-10-03",
        "acceptedDate": "2005-10-02 20:00:00",
        "calendarYear": "2005",
        "period": "Q4",
        "revenue": 14793500000,
        "costOfRevenue": 9748000000,
        "grossProfit": 5045500000,
        "grossProfitRatio": 0.3410619529,
        "researchAndDevelopmentExpenses": 0,
        "generalAndAdministrativeExpenses": 96000000,
        "sellingAndMarketingExpenses": 0,
        "sellingGeneralAndAdministrativeExpenses": 96000000,
        "otherExpenses": 1041000000,
        "operatingExpenses": 1137000000,
        "costAndExpenses": 10885000000,
        "interestIncome": 53500000,
        "interestExpense": 151000000,
        "depreciationAndAmortization": 1414000000,
        "ebitda": 5644000000,
        "ebitdaratio": 0.3815189103,
        "operatingIncome": 3715000000,
        "operatingIncomeRatio": 0.2511238044,
        "totalOtherIncomeExpensesNet": 255000000,
        "incomeBeforeTax": 3970000000,
        "incomeBeforeTaxRatio": 0.2683611045,
        "incomeTaxExpense": 918000000,
        "netIncome": 3194000000,
        "netIncomeRatio": 0.2159056342,
        "eps": 1.04,
        "epsdiluted": 1.04,
        "weightedAverageShsOut": 6124000000,
        "weightedAverageShsOutDil": 6156000000,
        "link": "",
        "finalLink": ""
    },
    {
        "date": "2004-12-31",
        "symbol": "BBL",
        "reportedCurrency": "USD",
        "cik": "0000811809",
        "fillingDate": "2004-12-30",
        "acceptedDate": "2004-12-30 00:00:00",
        "calendarYear": "2005",
        "period": "Q2",
        "revenue": 14793500000,
        "costOfRevenue": 9748000000,
        "grossProfit": 5045500000,
        "grossProfitRatio": 0.3410619529,
        "researchAndDevelopmentExpenses": 0,
        "generalAndAdministrativeExpenses": 96000000,
        "sellingAndMarketingExpenses": 0,
        "sellingGeneralAndAdministrativeExpenses": 96000000,
        "otherExpenses": 1041000000,
        "operatingExpenses": 1137000000,
        "costAndExpenses": 10885000000,
        "interestIncome": 53500000,
        "interestExpense": 151000000,
        "depreciationAndAmortization": 1414000000,
        "ebitda": 5644000000,
        "ebitdaratio": 0.3815189103,
        "operatingIncome": 3715000000,
        "operatingIncomeRatio": 0.2511238044,
        "totalOtherIncomeExpensesNet": 255000000,
        "incomeBeforeTax": 3970000000,
        "incomeBeforeTaxRatio": 0.2683611045,
        "incomeTaxExpense": 918000000,
        "netIncome": 3194000000,
        "netIncomeRatio": 0.2159056342,
        "eps": 1.04,
        "epsdiluted": 1.04,
        "weightedAverageShsOut": 6124000000,
        "weightedAverageShsOutDil": 6156000000,
        "link": "",
        "finalLink": ""
    },
    {
        "date": "2004-06-30",
        "symbol": "BBL",
        "reportedCurrency": "USD",
        "cik": "0000811809",
        "fillingDate": "2004-10-20",
        "acceptedDate": "2004-10-19 20:00:00",
        "calendarYear": "2004",
        "period": "Q4",
        "revenue": 11443500000,
        "costOfRevenue": 8232500000,
        "grossProfit": 3211000000,
        "grossProfitRatio": 0.2805959715,
        "researchAndDevelopmentExpenses": 0,
        "generalAndAdministrativeExpenses": 24000000,
        "sellingAndMarketingExpenses": 0,
        "sellingGeneralAndAdministrativeExpenses": 24000000,
        "otherExpenses": 930000000,
        "operatingExpenses": 954000000,
        "costAndExpenses": 9186500000,
        "interestIncome": 39000000,
        "interestExpense": 137000000,
        "depreciationAndAmortization": 1481500000,
        "ebitda": 2637000000,
        "ebitdaratio": 0.2304364923,
        "operatingIncome": 1744500000,
        "operatingIncomeRatio": 0.1524446192,
        "totalOtherIncomeExpensesNet": -174500000,
        "incomeBeforeTax": 1570000000,
        "incomeBeforeTaxRatio": 0.137195788,
        "incomeTaxExpense": 252500000,
        "netIncome": 1358000000,
        "netIncomeRatio": 0.1186699873,
        "eps": 0.44,
        "epsdiluted": 0.43,
        "weightedAverageShsOut": 6218000000,
        "weightedAverageShsOutDil": 6246000000,
        "link": "",
        "finalLink": ""
    },
    {
        "date": "2003-12-31",
        "symbol": "BBL",
        "reportedCurrency": "USD",
        "cik": "0000811809",
        "fillingDate": "2003-12-30",
        "acceptedDate": "2003-12-30 00:00:00",
        "calendarYear": "2004",
        "period": "Q2",
        "revenue": 11443500000,
        "costOfRevenue": 8232500000,
        "grossProfit": 3211000000,
        "grossProfitRatio": 0.2805959715,
        "researchAndDevelopmentExpenses": 0,
        "generalAndAdministrativeExpenses": 24000000,
        "sellingAndMarketingExpenses": 0,
        "sellingGeneralAndAdministrativeExpenses": 24000000,
        "otherExpenses": 930000000,
        "operatingExpenses": 954000000,
        "costAndExpenses": 9186500000,
        "interestIncome": 39000000,
        "interestExpense": 137000000,
        "depreciationAndAmortization": 1481500000,
        "ebitda": 2637000000,
        "ebitdaratio": 0.2304364923,
        "operatingIncome": 1744500000,
        "operatingIncomeRatio": 0.1524446192,
        "totalOtherIncomeExpensesNet": -174500000,
        "incomeBeforeTax": 1570000000,
        "incomeBeforeTaxRatio": 0.137195788,
        "incomeTaxExpense": 252500000,
        "netIncome": 1358000000,
        "netIncomeRatio": 0.1186699873,
        "eps": 0.44,
        "epsdiluted": 0.43,
        "weightedAverageShsOut": 6218000000,
        "weightedAverageShsOutDil": 6246000000,
        "link": "",
        "finalLink": ""
    },
    {
        "date": "2003-06-30",
        "symbol": "BBL",
        "reportedCurrency": "USD",
        "cik": "0000811809",
        "fillingDate": "2003-10-23",
        "acceptedDate": "2003-10-22 20:00:00",
        "calendarYear": "2003",
        "period": "Q4",
        "revenue": 7804000000,
        "costOfRevenue": 5482500000,
        "grossProfit": 2321500000,
        "grossProfitRatio": 0.2974756535,
        "researchAndDevelopmentExpenses": 0,
        "generalAndAdministrativeExpenses": 0,
        "sellingAndMarketingExpenses": 0,
        "sellingGeneralAndAdministrativeExpenses": 62500000,
        "otherExpenses": 910000000,
        "operatingExpenses": 972500000,
        "costAndExpenses": 6455000000,
        "interestIncome": 32500000,
        "interestExpense": 151000000,
        "depreciationAndAmortization": 942500000,
        "ebitda": 2291500000,
        "ebitdaratio": 0.293631471,
        "operatingIncome": 1349000000,
        "operatingIncomeRatio": 0.1728600718,
        "totalOtherIncomeExpensesNet": -259500000,
        "incomeBeforeTax": 1111000000,
        "incomeBeforeTaxRatio": 0.1423628908,
        "incomeTaxExpense": 387000000,
        "netIncome": 790500000,
        "netIncomeRatio": 0.1012942081,
        "eps": 0.25,
        "epsdiluted": 0.25,
        "weightedAverageShsOut": 6207000000,
        "weightedAverageShsOutDil": 6222000000,
        "link": "",
        "finalLink": ""
    },
    {
        "date": "2002-12-31",
        "symbol": "BBL",
        "reportedCurrency": "USD",
        "cik": "0000811809",
        "fillingDate": "2002-12-30",
        "acceptedDate": "2002-12-30 00:00:00",
        "calendarYear": "2003",
        "period": "Q2",
        "revenue": 7804000000,
        "costOfRevenue": 5482500000,
        "grossProfit": 2321500000,
        "grossProfitRatio": 0.2974756535,
        "researchAndDevelopmentExpenses": 0,
        "generalAndAdministrativeExpenses": 0,
        "sellingAndMarketingExpenses": 0,
        "sellingGeneralAndAdministrativeExpenses": 62500000,
        "otherExpenses": 910000000,
        "operatingExpenses": 972500000,
        "costAndExpenses": 6455000000,
        "interestIncome": 32500000,
        "interestExpense": 151000000,
        "depreciationAndAmortization": 942500000,
        "ebitda": 2291500000,
        "ebitdaratio": 0.293631471,
        "operatingIncome": 1349000000,
        "operatingIncomeRatio": 0.1728600718,
        "totalOtherIncomeExpensesNet": -259500000,
        "incomeBeforeTax": 1111000000,
        "incomeBeforeTaxRatio": 0.1423628908,
        "incomeTaxExpense": 387000000,
        "netIncome": 790500000,
        "netIncomeRatio": 0.1012942081,
        "eps": 0.25,
        "epsdiluted": 0.25,
        "weightedAverageShsOut": 6207000000,
        "weightedAverageShsOutDil": 6222000000,
        "link": "",
        "finalLink": ""
    },
    {
        "date": "2002-06-30",
        "symbol": "BBL",
        "reportedCurrency": "USD",
        "cik": "0000811809",
        "fillingDate": "2002-12-23",
        "acceptedDate": "2002-12-22 19:00:00",
        "calendarYear": "2002",
        "period": "Q4",
        "revenue": 7349000000,
        "costOfRevenue": 4984000000,
        "grossProfit": 2365000000,
        "grossProfitRatio": 0.3218124915,
        "researchAndDevelopmentExpenses": 0,
        "generalAndAdministrativeExpenses": 87000000,
        "sellingAndMarketingExpenses": 0,
        "sellingGeneralAndAdministrativeExpenses": 87000000,
        "otherExpenses": 941000000,
        "operatingExpenses": 1028000000,
        "costAndExpenses": 6012000000,
        "interestIncome": 71000000,
        "interestExpense": 232500000,
        "depreciationAndAmortization": 941000000,
        "ebitda": 2276500000,
        "ebitdaratio": 0.3097700367,
        "operatingIncome": 1337000000,
        "operatingIncomeRatio": 0.1819295142,
        "totalOtherIncomeExpensesNet": -219500000,
        "incomeBeforeTax": 1104500000,
        "incomeBeforeTaxRatio": 0.1502925568,
        "incomeTaxExpense": 500000000,
        "netIncome": 563500000,
        "netIncomeRatio": 0.0766770989,
        "eps": 0.21,
        "epsdiluted": 0.21,
        "weightedAverageShsOut": 6029000000,
        "weightedAverageShsOutDil": 6042000000,
        "link": "",
        "finalLink": ""
    },
    {
        "date": "2001-12-31",
        "symbol": "BBL",
        "reportedCurrency": "USD",
        "cik": "0000811809",
        "fillingDate": "2001-12-31",
        "acceptedDate": "2001-12-31 00:00:00",
        "calendarYear": "2002",
        "period": "Q2",
        "revenue": 7349000000,
        "costOfRevenue": 4984000000,
        "grossProfit": 2365000000,
        "grossProfitRatio": 0.3218124915,
        "researchAndDevelopmentExpenses": 0,
        "generalAndAdministrativeExpenses": 87000000,
        "sellingAndMarketingExpenses": 0,
        "sellingGeneralAndAdministrativeExpenses": 87000000,
        "otherExpenses": 941000000,
        "operatingExpenses": 1028000000,
        "costAndExpenses": 6012000000,
        "interestIncome": 71000000,
        "interestExpense": 232500000,
        "depreciationAndAmortization": 941000000,
        "ebitda": 2276500000,
        "ebitdaratio": 0.3097700367,
        "operatingIncome": 1337000000,
        "operatingIncomeRatio": 0.1819295142,
        "totalOtherIncomeExpensesNet": -219500000,
        "incomeBeforeTax": 1104500000,
        "incomeBeforeTaxRatio": 0.1502925568,
        "incomeTaxExpense": 500000000,
        "netIncome": 563500000,
        "netIncomeRatio": 0.0766770989,
        "eps": 0.21,
        "epsdiluted": 0.21,
        "weightedAverageShsOut": 6029000000,
        "weightedAverageShsOutDil": 6042000000,
        "link": "",
        "finalLink": ""
    },
    {
        "date": "2001-06-30",
        "symbol": "BBL",
        "reportedCurrency": "USD",
        "cik": "0000811809",
        "fillingDate": "2001-06-30",
        "acceptedDate": "2001-06-30 00:00:00",
        "calendarYear": "2001",
        "period": "Q4",
        "revenue": 5733500000,
        "costOfRevenue": 3645000000,
        "grossProfit": 2088500000,
        "grossProfitRatio": 0.3642626668,
        "researchAndDevelopmentExpenses": 0,
        "generalAndAdministrativeExpenses": 0,
        "sellingAndMarketingExpenses": 0,
        "sellingGeneralAndAdministrativeExpenses": 685500000,
        "otherExpenses": 613000000,
        "operatingExpenses": 1298500000,
        "costAndExpenses": 4943500000,
        "interestIncome": 30500000,
        "interestExpense": 141000000,
        "depreciationAndAmortization": 612500000,
        "ebitda": 941500000,
        "ebitdaratio": 0.1642103427,
        "operatingIncome": 329000000,
        "operatingIncomeRatio": 0.0573820528,
        "totalOtherIncomeExpensesNet": 140500000,
        "incomeBeforeTax": 784000000,
        "incomeBeforeTaxRatio": 0.136740211,
        "incomeTaxExpense": 272000000,
        "netIncome": 385000000,
        "netIncomeRatio": 0.0671492108,
        "eps": 0.24,
        "epsdiluted": 0.24,
        "weightedAverageShsOut": 3675000000,
        "weightedAverageShsOutDil": 3675000000,
        "link": "",
        "finalLink": ""
    },
    {
        "date": "2000-12-31",
        "symbol": "BBL",
        "reportedCurrency": "USD",
        "cik": "0000811809",
        "fillingDate": "2000-12-31",
        "acceptedDate": "2000-12-31 00:00:00",
        "calendarYear": "2001",
        "period": "Q2",
        "revenue": 5733500000,
        "costOfRevenue": 3645000000,
        "grossProfit": 2088500000,
        "grossProfitRatio": 0.3642626668,
        "researchAndDevelopmentExpenses": 0,
        "generalAndAdministrativeExpenses": 0,
        "sellingAndMarketingExpenses": 0,
        "sellingGeneralAndAdministrativeExpenses": 685500000,
        "otherExpenses": 613000000,
        "operatingExpenses": 1298500000,
        "costAndExpenses": 4943500000,
        "interestIncome": 30500000,
        "interestExpense": 141000000,
        "depreciationAndAmortization": 612500000,
        "ebitda": 941500000,
        "ebitdaratio": 0.1642103427,
        "operatingIncome": 329000000,
        "operatingIncomeRatio": 0.0573820528,
        "totalOtherIncomeExpensesNet": 140500000,
        "incomeBeforeTax": 784000000,
        "incomeBeforeTaxRatio": 0.136740211,
        "incomeTaxExpense": 272000000,
        "netIncome": 385000000,
        "netIncomeRatio": 0.0671492108,
        "eps": 0.24,
        "epsdiluted": 0.24,
        "weightedAverageShsOut": 3675000000,
        "weightedAverageShsOutDil": 3675000000,
        "link": "",
        "finalLink": ""
    },
    {
        "date": "2000-06-30",
        "symbol": "BBL",
        "reportedCurrency": "USD",
        "cik": "0000811809",
        "fillingDate": "2000-06-30",
        "acceptedDate": "2000-06-30 00:00:00",
        "calendarYear": "2000",
        "period": "Q4",
        "revenue": 6420500000,
        "costOfRevenue": 5620500000,
        "grossProfit": 800000000,
        "grossProfitRatio": 0.1246008878,
        "researchAndDevelopmentExpenses": 0,
        "generalAndAdministrativeExpenses": 0,
        "sellingAndMarketingExpenses": 0,
        "sellingGeneralAndAdministrativeExpenses": 39500000,
        "otherExpenses": 684000000,
        "operatingExpenses": 723500000,
        "costAndExpenses": 6344000000,
        "interestIncome": 0,
        "interestExpense": 209000000,
        "depreciationAndAmortization": 684000000,
        "ebitda": 110500000,
        "ebitdaratio": 0.0172104976,
        "operatingIncome": -573500000,
        "operatingIncomeRatio": -0.0893232614,
        "totalOtherIncomeExpensesNet": 527000000,
        "incomeBeforeTax": 520500000,
        "incomeBeforeTaxRatio": 0.0810684526,
        "incomeTaxExpense": 35000000,
        "netIncome": 485500000,
        "netIncomeRatio": 0.0756171638,
        "eps": 0.11,
        "epsdiluted": 0.11,
        "weightedAverageShsOut": 3669724770,
        "weightedAverageShsOutDil": 3669724770,
        "link": "",
        "finalLink": ""
    },
    {
        "date": "1999-12-30",
        "symbol": "BBL",
        "reportedCurrency": "USD",
        "cik": "0000811809",
        "fillingDate": "1999-12-30",
        "acceptedDate": "1999-12-30 00:00:00",
        "calendarYear": "2000",
        "period": "Q2",
        "revenue": 6420500000,
        "costOfRevenue": 5620500000,
        "grossProfit": 800000000,
        "grossProfitRatio": 0.1246008878,
        "researchAndDevelopmentExpenses": 0,
        "generalAndAdministrativeExpenses": 0,
        "sellingAndMarketingExpenses": 0,
        "sellingGeneralAndAdministrativeExpenses": 39500000,
        "otherExpenses": 684000000,
        "operatingExpenses": 723500000,
        "costAndExpenses": 6344000000,
        "interestIncome": 0,
        "interestExpense": 209000000,
        "depreciationAndAmortization": 684000000,
        "ebitda": 110500000,
        "ebitdaratio": 0.0172104976,
        "operatingIncome": -573500000,
        "operatingIncomeRatio": -0.0893232614,
        "totalOtherIncomeExpensesNet": 527000000,
        "incomeBeforeTax": 520500000,
        "incomeBeforeTaxRatio": 0.0810684526,
        "incomeTaxExpense": 35000000,
        "netIncome": 485500000,
        "netIncomeRatio": 0.0756171638,
        "eps": 0.11,
        "epsdiluted": 0.11,
        "weightedAverageShsOut": 3669724770,
        "weightedAverageShsOutDil": 3669724770,
        "link": "",
        "finalLink": ""
    },
    {
        "date": "1999-05-31",
        "symbol": "BBL",
        "reportedCurrency": "USD",
        "cik": "0000811809",
        "fillingDate": "1999-05-31",
        "acceptedDate": "1999-05-31 00:00:00",
        "calendarYear": "1999",
        "period": "Q4",
        "revenue": 6276500000,
        "costOfRevenue": 6845500000,
        "grossProfit": -569000000,
        "grossProfitRatio": -0.0906556202,
        "researchAndDevelopmentExpenses": 0,
        "generalAndAdministrativeExpenses": 0,
        "sellingAndMarketingExpenses": 0,
        "sellingGeneralAndAdministrativeExpenses": 46500000,
        "otherExpenses": 724000000,
        "operatingExpenses": 770500000,
        "costAndExpenses": 7616000000,
        "interestIncome": 0,
        "interestExpense": 0,
        "depreciationAndAmortization": -154500000,
        "ebitda": -1494000000,
        "ebitdaratio": -0.2380307496,
        "operatingIncome": -1339500000,
        "operatingIncomeRatio": -0.2134151199,
        "totalOtherIncomeExpensesNet": 638500000,
        "incomeBeforeTax": -701000000,
        "incomeBeforeTaxRatio": -0.1116864495,
        "incomeTaxExpense": 53500000,
        "netIncome": -754500000,
        "netIncomeRatio": -0.1202103083,
        "eps": -0.21,
        "epsdiluted": -0.21,
        "weightedAverageShsOut": 3604356758,
        "weightedAverageShsOutDil": 3604356758,
        "link": "",
        "finalLink": ""
    },
    {
        "date": "1998-11-30",
        "symbol": "BBL",
        "reportedCurrency": "USD",
        "cik": "0000811809",
        "fillingDate": "1998-11-30",
        "acceptedDate": "1998-11-30 00:00:00",
        "calendarYear": "1999",
        "period": "Q2",
        "revenue": 6276500000,
        "costOfRevenue": 6845500000,
        "grossProfit": -569000000,
        "grossProfitRatio": -0.0906556202,
        "researchAndDevelopmentExpenses": 0,
        "generalAndAdministrativeExpenses": 0,
        "sellingAndMarketingExpenses": 0,
        "sellingGeneralAndAdministrativeExpenses": 46500000,
        "otherExpenses": 724000000,
        "operatingExpenses": 770500000,
        "costAndExpenses": 7616000000,
        "interestIncome": 0,
        "interestExpense": 0,
        "depreciationAndAmortization": -154500000,
        "ebitda": -1494000000,
        "ebitdaratio": -0.2380307496,
        "operatingIncome": -1339500000,
        "operatingIncomeRatio": -0.2134151199,
        "totalOtherIncomeExpensesNet": 638500000,
        "incomeBeforeTax": -701000000,
        "incomeBeforeTaxRatio": -0.1116864495,
        "incomeTaxExpense": 53500000,
        "netIncome": -754500000,
        "netIncomeRatio": -0.1202103083,
        "eps": -0.21,
        "epsdiluted": -0.21,
        "weightedAverageShsOut": 3604356758,
        "weightedAverageShsOutDil": 3604356758,
        "link": "",
        "finalLink": ""
    },
    {
        "date": "1998-05-31",
        "symbol": "BBL",
        "reportedCurrency": "USD",
        "cik": "0000811809",
        "fillingDate": "1998-05-31",
        "acceptedDate": "1998-05-31 00:00:00",
        "calendarYear": "1998",
        "period": "Q4",
        "revenue": 6632000000,
        "costOfRevenue": 7072000000,
        "grossProfit": -440000000,
        "grossProfitRatio": -0.066344994,
        "researchAndDevelopmentExpenses": 0,
        "generalAndAdministrativeExpenses": 0,
        "sellingAndMarketingExpenses": 0,
        "sellingGeneralAndAdministrativeExpenses": 50500000,
        "otherExpenses": 690500000,
        "operatingExpenses": 741000000,
        "costAndExpenses": 7813000000,
        "interestIncome": 0,
        "interestExpense": 224000000,
        "depreciationAndAmortization": -397500000,
        "ebitda": -1578500000,
        "ebitdaratio": -0.2380126659,
        "operatingIncome": -1181000000,
        "operatingIncomeRatio": -0.1780759952,
        "totalOtherIncomeExpensesNet": 881500000,
        "incomeBeforeTax": -299500000,
        "incomeBeforeTaxRatio": -0.0451598311,
        "incomeTaxExpense": 162000000,
        "netIncome": -461500000,
        "netIncomeRatio": -0.0695868516,
        "eps": -0.13,
        "epsdiluted": -0.13,
        "weightedAverageShsOut": 3499128062,
        "weightedAverageShsOutDil": 3499128062,
        "link": "",
        "finalLink": ""
    },
    {
        "date": "1997-11-30",
        "symbol": "BBL",
        "reportedCurrency": "USD",
        "cik": "0000811809",
        "fillingDate": "1997-11-30",
        "acceptedDate": "1997-11-30 00:00:00",
        "calendarYear": "1998",
        "period": "Q2",
        "revenue": 6632000000,
        "costOfRevenue": 7072000000,
        "grossProfit": -440000000,
        "grossProfitRatio": -0.066344994,
        "researchAndDevelopmentExpenses": 0,
        "generalAndAdministrativeExpenses": 0,
        "sellingAndMarketingExpenses": 0,
        "sellingGeneralAndAdministrativeExpenses": 50500000,
        "otherExpenses": 690500000,
        "operatingExpenses": 741000000,
        "costAndExpenses": 7813000000,
        "interestIncome": 0,
        "interestExpense": 224000000,
        "depreciationAndAmortization": -397500000,
        "ebitda": -1578500000,
        "ebitdaratio": -0.2380126659,
        "operatingIncome": -1181000000,
        "operatingIncomeRatio": -0.1780759952,
        "totalOtherIncomeExpensesNet": 881500000,
        "incomeBeforeTax": -299500000,
        "incomeBeforeTaxRatio": -0.0451598311,
        "incomeTaxExpense": 162000000,
        "netIncome": -461500000,
        "netIncomeRatio": -0.0695868516,
        "eps": -0.13,
        "epsdiluted": -0.13,
        "weightedAverageShsOut": 3499128062,
        "weightedAverageShsOutDil": 3499128062,
        "link": "",
        "finalLink": ""
    },
    {
        "date": "1997-05-31",
        "symbol": "BBL",
        "reportedCurrency": "USD",
        "cik": "0000811809",
        "fillingDate": "1997-05-31",
        "acceptedDate": "1997-05-31 00:00:00",
        "calendarYear": "1997",
        "period": "Q4",
        "revenue": 7991500000,
        "costOfRevenue": 6906000000,
        "grossProfit": 1085500000,
        "grossProfitRatio": 0.1358318213,
        "researchAndDevelopmentExpenses": 0,
        "generalAndAdministrativeExpenses": 0,
        "sellingAndMarketingExpenses": 0,
        "sellingGeneralAndAdministrativeExpenses": 55500000,
        "otherExpenses": 753000000,
        "operatingExpenses": 808500000,
        "costAndExpenses": 7714500000,
        "interestIncome": 0,
        "interestExpense": 231000000,
        "depreciationAndAmortization": 753000000,
        "ebitda": 506500000,
        "ebitdaratio": 0.0633798411,
        "operatingIncome": -246500000,
        "operatingIncomeRatio": -0.0308452731,
        "totalOtherIncomeExpensesNet": 737000000,
        "incomeBeforeTax": 490500000,
        "incomeBeforeTaxRatio": 0.0613777138,
        "incomeTaxExpense": 334000000,
        "netIncome": 156500000,
        "netIncomeRatio": 0.0195833073,
        "eps": 0.085,
        "epsdiluted": 0.085,
        "weightedAverageShsOut": 3592745638,
        "weightedAverageShsOutDil": 3592745638,
        "link": "",
        "finalLink": ""
    },
    {
        "date": "1996-11-30",
        "symbol": "BBL",
        "reportedCurrency": "USD",
        "cik": "0000811809",
        "fillingDate": "1996-11-30",
        "acceptedDate": "1996-11-30 00:00:00",
        "calendarYear": "1997",
        "period": "Q2",
        "revenue": 7991500000,
        "costOfRevenue": 6906000000,
        "grossProfit": 1085500000,
        "grossProfitRatio": 0.1358318213,
        "researchAndDevelopmentExpenses": 0,
        "generalAndAdministrativeExpenses": 0,
        "sellingAndMarketingExpenses": 0,
        "sellingGeneralAndAdministrativeExpenses": 55500000,
        "otherExpenses": 753000000,
        "operatingExpenses": 808500000,
        "costAndExpenses": 7714500000,
        "interestIncome": 0,
        "interestExpense": 231000000,
        "depreciationAndAmortization": 753000000,
        "ebitda": 506500000,
        "ebitdaratio": 0.0633798411,
        "operatingIncome": -246500000,
        "operatingIncomeRatio": -0.0308452731,
        "totalOtherIncomeExpensesNet": 737000000,
        "incomeBeforeTax": 490500000,
        "incomeBeforeTaxRatio": 0.0613777138,
        "incomeTaxExpense": 334000000,
        "netIncome": 156500000,
        "netIncomeRatio": 0.0195833073,
        "eps": 0.085,
        "epsdiluted": 0.085,
        "weightedAverageShsOut": 3592745638,
        "weightedAverageShsOutDil": 3592745638,
        "link": "",
        "finalLink": ""
    },
    {
        "date": "1996-05-31",
        "symbol": "BBL",
        "reportedCurrency": "USD",
        "cik": "0000811809",
        "fillingDate": "1996-05-31",
        "acceptedDate": "1996-05-31 00:00:00",
        "calendarYear": "1996",
        "period": "Q4",
        "revenue": 7635250000,
        "costOfRevenue": 6198750000,
        "grossProfit": 1436500000,
        "grossProfitRatio": 0.1881405324,
        "researchAndDevelopmentExpenses": 0,
        "generalAndAdministrativeExpenses": 0,
        "sellingAndMarketingExpenses": 0,
        "sellingGeneralAndAdministrativeExpenses": 0,
        "otherExpenses": 717850000,
        "operatingExpenses": 717850000,
        "costAndExpenses": 6916600000,
        "interestIncome": 0,
        "interestExpense": 190450000,
        "depreciationAndAmortization": 717850000,
        "ebitda": 1161000000,
        "ebitdaratio": 0.1520578894,
        "operatingIncome": 443150000,
        "operatingIncomeRatio": 0.0580400118,
        "totalOtherIncomeExpensesNet": 274700000,
        "incomeBeforeTax": 717850000,
        "incomeBeforeTaxRatio": 0.0940178776,
        "incomeTaxExpense": 300250000,
        "netIncome": 417600000,
        "netIncomeRatio": 0.0546936904,
        "eps": 0.25,
        "epsdiluted": 0.25,
        "weightedAverageShsOut": 3318499682,
        "weightedAverageShsOutDil": 3318499682,
        "link": "",
        "finalLink": ""
    },
    {
        "date": "1995-11-30",
        "symbol": "BBL",
        "reportedCurrency": "USD",
        "cik": "0000811809",
        "fillingDate": "1995-11-30",
        "acceptedDate": "1995-11-30 00:00:00",
        "calendarYear": "1996",
        "period": "Q2",
        "revenue": 7635250000,
        "costOfRevenue": 6198750000,
        "grossProfit": 1436500000,
        "grossProfitRatio": 0.1881405324,
        "researchAndDevelopmentExpenses": 0,
        "generalAndAdministrativeExpenses": 0,
        "sellingAndMarketingExpenses": 0,
        "sellingGeneralAndAdministrativeExpenses": 0,
        "otherExpenses": 717850000,
        "operatingExpenses": 717850000,
        "costAndExpenses": 6916600000,
        "interestIncome": 0,
        "interestExpense": 190450000,
        "depreciationAndAmortization": 717850000,
        "ebitda": 1161000000,
        "ebitdaratio": 0.1520578894,
        "operatingIncome": 443150000,
        "operatingIncomeRatio": 0.0580400118,
        "totalOtherIncomeExpensesNet": 274700000,
        "incomeBeforeTax": 717850000,
        "incomeBeforeTaxRatio": 0.0940178776,
        "incomeTaxExpense": 300250000,
        "netIncome": 417600000,
        "netIncomeRatio": 0.0546936904,
        "eps": 0.25,
        "epsdiluted": 0.25,
        "weightedAverageShsOut": 3318499682,
        "weightedAverageShsOutDil": 3318499682,
        "link": "",
        "finalLink": ""
    },
    {
        "date": "1995-05-31",
        "symbol": "BBL",
        "reportedCurrency": "USD",
        "cik": "0000811809",
        "fillingDate": "1995-05-31",
        "acceptedDate": "1995-05-31 00:00:00",
        "calendarYear": "1995",
        "period": "Q4",
        "revenue": 6635000000,
        "costOfRevenue": 4990000000,
        "grossProfit": 1645000000,
        "grossProfitRatio": 0.2479276564,
        "researchAndDevelopmentExpenses": 0,
        "generalAndAdministrativeExpenses": 0,
        "sellingAndMarketingExpenses": 0,
        "sellingGeneralAndAdministrativeExpenses": 0,
        "otherExpenses": 592550000,
        "operatingExpenses": 592550000,
        "costAndExpenses": 5582550000,
        "interestIncome": 0,
        "interestExpense": 146050000,
        "depreciationAndAmortization": 592550000,
        "ebitda": 1376550000,
        "ebitdaratio": 0.2074679729,
        "operatingIncome": 784000000,
        "operatingIncomeRatio": 0.118161266,
        "totalOtherIncomeExpensesNet": 16300000,
        "incomeBeforeTax": 800300000,
        "incomeBeforeTaxRatio": 0.1206179352,
        "incomeTaxExpense": 363900000,
        "netIncome": 436400000,
        "netIncomeRatio": 0.065772419,
        "eps": 0.27,
        "epsdiluted": 0.27,
        "weightedAverageShsOut": 3191691656,
        "weightedAverageShsOutDil": 3191691656,
        "link": "",
        "finalLink": ""
    },
    {
        "date": "1994-11-30",
        "symbol": "BBL",
        "reportedCurrency": "USD",
        "cik": "0000811809",
        "fillingDate": "1994-11-30",
        "acceptedDate": "1994-11-30 00:00:00",
        "calendarYear": "1995",
        "period": "Q2",
        "revenue": 6635000000,
        "costOfRevenue": 4990000000,
        "grossProfit": 1645000000,
        "grossProfitRatio": 0.2479276564,
        "researchAndDevelopmentExpenses": 0,
        "generalAndAdministrativeExpenses": 0,
        "sellingAndMarketingExpenses": 0,
        "sellingGeneralAndAdministrativeExpenses": 0,
        "otherExpenses": 592550000,
        "operatingExpenses": 592550000,
        "costAndExpenses": 5582550000,
        "interestIncome": 0,
        "interestExpense": 146050000,
        "depreciationAndAmortization": 592550000,
        "ebitda": 1376550000,
        "ebitdaratio": 0.2074679729,
        "operatingIncome": 784000000,
        "operatingIncomeRatio": 0.118161266,
        "totalOtherIncomeExpensesNet": 16300000,
        "incomeBeforeTax": 800300000,
        "incomeBeforeTaxRatio": 0.1206179352,
        "incomeTaxExpense": 363900000,
        "netIncome": 436400000,
        "netIncomeRatio": 0.065772419,
        "eps": 0.27,
        "epsdiluted": 0.27,
        "weightedAverageShsOut": 3191691656,
        "weightedAverageShsOutDil": 3191691656,
        "link": "",
        "finalLink": ""
    },
    {
        "date": "1994-05-31",
        "symbol": "BBL",
        "reportedCurrency": "USD",
        "cik": "0000811809",
        "fillingDate": "1994-05-31",
        "acceptedDate": "1994-05-31 00:00:00",
        "calendarYear": "1994",
        "period": "Q4",
        "revenue": 6100650000,
        "costOfRevenue": 4746550000,
        "grossProfit": 1354100000,
        "grossProfitRatio": 0.2219599551,
        "researchAndDevelopmentExpenses": 0,
        "generalAndAdministrativeExpenses": 0,
        "sellingAndMarketingExpenses": 0,
        "sellingGeneralAndAdministrativeExpenses": 0,
        "otherExpenses": 561550000,
        "operatingExpenses": 561550000,
        "costAndExpenses": 5308100000,
        "interestIncome": 0,
        "interestExpense": 170350000,
        "depreciationAndAmortization": 561550000,
        "ebitda": 1154950000,
        "ebitdaratio": 0.1893158926,
        "operatingIncome": 593400000,
        "operatingIncomeRatio": 0.0972683239,
        "totalOtherIncomeExpensesNet": 158050000,
        "incomeBeforeTax": 751450000,
        "incomeBeforeTaxRatio": 0.1231753993,
        "incomeTaxExpense": 278050000,
        "netIncome": 473400000,
        "netIncomeRatio": 0.0775982887,
        "eps": 0.34,
        "epsdiluted": 0.34,
        "weightedAverageShsOut": 2755208940,
        "weightedAverageShsOutDil": 2755208940,
        "link": "",
        "finalLink": ""
    },
    {
        "date": "1993-11-30",
        "symbol": "BBL",
        "reportedCurrency": "USD",
        "cik": "0000811809",
        "fillingDate": "1993-11-30",
        "acceptedDate": "1993-11-30 00:00:00",
        "calendarYear": "1994",
        "period": "Q2",
        "revenue": 6100650000,
        "costOfRevenue": 4746550000,
        "grossProfit": 1354100000,
        "grossProfitRatio": 0.2219599551,
        "researchAndDevelopmentExpenses": 0,
        "generalAndAdministrativeExpenses": 0,
        "sellingAndMarketingExpenses": 0,
        "sellingGeneralAndAdministrativeExpenses": 0,
        "otherExpenses": 561550000,
        "operatingExpenses": 561550000,
        "costAndExpenses": 5308100000,
        "interestIncome": 0,
        "interestExpense": 170350000,
        "depreciationAndAmortization": 561550000,
        "ebitda": 1154950000,
        "ebitdaratio": 0.1893158926,
        "operatingIncome": 593400000,
        "operatingIncomeRatio": 0.0972683239,
        "totalOtherIncomeExpensesNet": 158050000,
        "incomeBeforeTax": 751450000,
        "incomeBeforeTaxRatio": 0.1231753993,
        "incomeTaxExpense": 278050000,
        "netIncome": 473400000,
        "netIncomeRatio": 0.0775982887,
        "eps": 0.34,
        "epsdiluted": 0.34,
        "weightedAverageShsOut": 2755208940,
        "weightedAverageShsOutDil": 2755208940,
        "link": "",
        "finalLink": ""
    },
    {
        "date": "1993-05-31",
        "symbol": "BBL",
        "reportedCurrency": "USD",
        "cik": "0000811809",
        "fillingDate": "1993-05-31",
        "acceptedDate": "1993-05-31 00:00:00",
        "calendarYear": "1993",
        "period": "Q4",
        "revenue": 5469200000,
        "costOfRevenue": 3842800000,
        "grossProfit": 1626400000,
        "grossProfitRatio": 0.2973743875,
        "researchAndDevelopmentExpenses": 0,
        "generalAndAdministrativeExpenses": 0,
        "sellingAndMarketingExpenses": 0,
        "sellingGeneralAndAdministrativeExpenses": 573650000,
        "otherExpenses": 469450000,
        "operatingExpenses": 1043100000,
        "costAndExpenses": 4885900000,
        "interestIncome": 0,
        "interestExpense": 191000000,
        "depreciationAndAmortization": 469450000,
        "ebitda": 796400000,
        "ebitdaratio": 0.1456154465,
        "operatingIncome": 326950000,
        "operatingIncomeRatio": 0.0597802238,
        "totalOtherIncomeExpensesNet": 287650000,
        "incomeBeforeTax": 614600000,
        "incomeBeforeTaxRatio": 0.1123747532,
        "incomeTaxExpense": 204600000,
        "netIncome": 410000000,
        "netIncomeRatio": 0.07496526,
        "eps": 0.31,
        "epsdiluted": 0.31,
        "weightedAverageShsOut": 2647210744,
        "weightedAverageShsOutDil": 2647210744,
        "link": "",
        "finalLink": ""
    },
    {
        "date": "1992-11-30",
        "symbol": "BBL",
        "reportedCurrency": "USD",
        "cik": "0000811809",
        "fillingDate": "1992-11-30",
        "acceptedDate": "1992-11-30 00:00:00",
        "calendarYear": "1993",
        "period": "Q2",
        "revenue": 5469200000,
        "costOfRevenue": 3842800000,
        "grossProfit": 1626400000,
        "grossProfitRatio": 0.2973743875,
        "researchAndDevelopmentExpenses": 0,
        "generalAndAdministrativeExpenses": 0,
        "sellingAndMarketingExpenses": 0,
        "sellingGeneralAndAdministrativeExpenses": 573650000,
        "otherExpenses": 469450000,
        "operatingExpenses": 1043100000,
        "costAndExpenses": 4885900000,
        "interestIncome": 0,
        "interestExpense": 191000000,
        "depreciationAndAmortization": 469450000,
        "ebitda": 796400000,
        "ebitdaratio": 0.1456154465,
        "operatingIncome": 326950000,
        "operatingIncomeRatio": 0.0597802238,
        "totalOtherIncomeExpensesNet": 287650000,
        "incomeBeforeTax": 614600000,
        "incomeBeforeTaxRatio": 0.1123747532,
        "incomeTaxExpense": 204600000,
        "netIncome": 410000000,
        "netIncomeRatio": 0.07496526,
        "eps": 0.31,
        "epsdiluted": 0.31,
        "weightedAverageShsOut": 2647210744,
        "weightedAverageShsOutDil": 2647210744,
        "link": "",
        "finalLink": ""
    },
    {
        "date": "1992-05-31",
        "symbol": "BBL",
        "reportedCurrency": "USD",
        "cik": "0000811809",
        "fillingDate": "1992-05-31",
        "acceptedDate": "1992-05-31 00:00:00",
        "calendarYear": "1992",
        "period": "Q4",
        "revenue": 5466500000,
        "costOfRevenue": 4459500000,
        "grossProfit": 1007000000,
        "grossProfitRatio": 0.1842129333,
        "researchAndDevelopmentExpenses": 0,
        "generalAndAdministrativeExpenses": 0,
        "sellingAndMarketingExpenses": 0,
        "sellingGeneralAndAdministrativeExpenses": 34500000,
        "otherExpenses": 453000000,
        "operatingExpenses": 487500000,
        "costAndExpenses": 4947000000,
        "interestIncome": 0,
        "interestExpense": 211500000,
        "depreciationAndAmortization": 453000000,
        "ebitda": 778000000,
        "ebitdaratio": 0.1423214122,
        "operatingIncome": 325000000,
        "operatingIncomeRatio": 0.0594530321,
        "totalOtherIncomeExpensesNet": 149500000,
        "incomeBeforeTax": 474500000,
        "incomeBeforeTaxRatio": 0.0868014269,
        "incomeTaxExpense": 279500000,
        "netIncome": 195000000,
        "netIncomeRatio": 0.0356718193,
        "eps": 0.15,
        "epsdiluted": 0.15,
        "weightedAverageShsOut": 2518078512,
        "weightedAverageShsOutDil": 2518078512,
        "link": "",
        "finalLink": ""
    },
    {
        "date": "1991-11-30",
        "symbol": "BBL",
        "reportedCurrency": "USD",
        "cik": "0000811809",
        "fillingDate": "1991-11-30",
        "acceptedDate": "1991-11-30 00:00:00",
        "calendarYear": "1992",
        "period": "Q2",
        "revenue": 5466500000,
        "costOfRevenue": 4459500000,
        "grossProfit": 1007000000,
        "grossProfitRatio": 0.1842129333,
        "researchAndDevelopmentExpenses": 0,
        "generalAndAdministrativeExpenses": 0,
        "sellingAndMarketingExpenses": 0,
        "sellingGeneralAndAdministrativeExpenses": 34500000,
        "otherExpenses": 453000000,
        "operatingExpenses": 487500000,
        "costAndExpenses": 4947000000,
        "interestIncome": 0,
        "interestExpense": 211500000,
        "depreciationAndAmortization": 453000000,
        "ebitda": 778000000,
        "ebitdaratio": 0.1423214122,
        "operatingIncome": 325000000,
        "operatingIncomeRatio": 0.0594530321,
        "totalOtherIncomeExpensesNet": 149500000,
        "incomeBeforeTax": 474500000,
        "incomeBeforeTaxRatio": 0.0868014269,
        "incomeTaxExpense": 279500000,
        "netIncome": 195000000,
        "netIncomeRatio": 0.0356718193,
        "eps": 0.15,
        "epsdiluted": 0.15,
        "weightedAverageShsOut": 2518078512,
        "weightedAverageShsOutDil": 2518078512,
        "link": "",
        "finalLink": ""
    },
    {
        "date": "1991-05-31",
        "symbol": "BBL",
        "reportedCurrency": "USD",
        "cik": "0000811809",
        "fillingDate": "1991-05-31",
        "acceptedDate": "1991-05-31 00:00:00",
        "calendarYear": "1991",
        "period": "Q4",
        "revenue": 5938950000,
        "costOfRevenue": 4954000000,
        "grossProfit": 984950000,
        "grossProfitRatio": 0.1658458145,
        "researchAndDevelopmentExpenses": 0,
        "generalAndAdministrativeExpenses": 0,
        "sellingAndMarketingExpenses": 0,
        "sellingGeneralAndAdministrativeExpenses": 0,
        "otherExpenses": 440050000,
        "operatingExpenses": 440050000,
        "costAndExpenses": 5394050000,
        "interestIncome": 0,
        "interestExpense": 274650000,
        "depreciationAndAmortization": 440050000,
        "ebitda": 479400000,
        "ebitdaratio": 0.0807213396,
        "operatingIncome": 39350000,
        "operatingIncomeRatio": 0.0066257503,
        "totalOtherIncomeExpensesNet": 720550000,
        "incomeBeforeTax": 759900000,
        "incomeBeforeTaxRatio": 0.1279519107,
        "incomeTaxExpense": 218400000,
        "netIncome": 541500000,
        "netIncomeRatio": 0.0911777334,
        "eps": 0.35,
        "epsdiluted": 0.35,
        "weightedAverageShsOut": 3086349388,
        "weightedAverageShsOutDil": 3086349388,
        "link": "",
        "finalLink": ""
    },
    {
        "date": "1990-11-30",
        "symbol": "BBL",
        "reportedCurrency": "USD",
        "cik": "0000811809",
        "fillingDate": "1990-11-30",
        "acceptedDate": "1990-11-30 00:00:00",
        "calendarYear": "1991",
        "period": "Q2",
        "revenue": 5938950000,
        "costOfRevenue": 4954000000,
        "grossProfit": 984950000,
        "grossProfitRatio": 0.1658458145,
        "researchAndDevelopmentExpenses": 0,
        "generalAndAdministrativeExpenses": 0,
        "sellingAndMarketingExpenses": 0,
        "sellingGeneralAndAdministrativeExpenses": 0,
        "otherExpenses": 440050000,
        "operatingExpenses": 440050000,
        "costAndExpenses": 5394050000,
        "interestIncome": 0,
        "interestExpense": 274650000,
        "depreciationAndAmortization": 440050000,
        "ebitda": 479400000,
        "ebitdaratio": 0.0807213396,
        "operatingIncome": 39350000,
        "operatingIncomeRatio": 0.0066257503,
        "totalOtherIncomeExpensesNet": 720550000,
        "incomeBeforeTax": 759900000,
        "incomeBeforeTaxRatio": 0.1279519107,
        "incomeTaxExpense": 218400000,
        "netIncome": 541500000,
        "netIncomeRatio": 0.0911777334,
        "eps": 0.35,
        "epsdiluted": 0.35,
        "weightedAverageShsOut": 3086349388,
        "weightedAverageShsOutDil": 3086349388,
        "link": "",
        "finalLink": ""
    },
    {
        "date": "1990-05-31",
        "symbol": "BBL",
        "reportedCurrency": "USD",
        "cik": "0000811809",
        "fillingDate": "1990-05-31",
        "acceptedDate": "1990-05-31 00:00:00",
        "calendarYear": "1990",
        "period": "Q4",
        "revenue": 5151600000,
        "costOfRevenue": 3989400000,
        "grossProfit": 1162200000,
        "grossProfitRatio": 0.2255998137,
        "researchAndDevelopmentExpenses": 0,
        "generalAndAdministrativeExpenses": 0,
        "sellingAndMarketingExpenses": 0,
        "sellingGeneralAndAdministrativeExpenses": 0,
        "otherExpenses": 406350000,
        "operatingExpenses": 406350000,
        "costAndExpenses": 4395750000,
        "interestIncome": 0,
        "interestExpense": 361350000,
        "depreciationAndAmortization": 406350000,
        "ebitda": 894400000,
        "ebitdaratio": 0.173615964,
        "operatingIncome": 488050000,
        "operatingIncomeRatio": 0.0947375573,
        "totalOtherIncomeExpensesNet": 157850000,
        "incomeBeforeTax": 645900000,
        "incomeBeforeTaxRatio": 0.1253785232,
        "incomeTaxExpense": 222650000,
        "netIncome": 423250000,
        "netIncomeRatio": 0.0821589409,
        "eps": 0.28,
        "epsdiluted": 0.28,
        "weightedAverageShsOut": 3015460246,
        "weightedAverageShsOutDil": 3015460246,
        "link": "",
        "finalLink": ""
    },
    {
        "date": "1989-11-30",
        "symbol": "BBL",
        "reportedCurrency": "USD",
        "cik": "0000811809",
        "fillingDate": "1989-11-30",
        "acceptedDate": "1989-11-30 00:00:00",
        "calendarYear": "1990",
        "period": "Q2",
        "revenue": 5151600000,
        "costOfRevenue": 3989400000,
        "grossProfit": 1162200000,
        "grossProfitRatio": 0.2255998137,
        "researchAndDevelopmentExpenses": 0,
        "generalAndAdministrativeExpenses": 0,
        "sellingAndMarketingExpenses": 0,
        "sellingGeneralAndAdministrativeExpenses": 0,
        "otherExpenses": 406350000,
        "operatingExpenses": 406350000,
        "costAndExpenses": 4395750000,
        "interestIncome": 0,
        "interestExpense": 361350000,
        "depreciationAndAmortization": 406350000,
        "ebitda": 894400000,
        "ebitdaratio": 0.173615964,
        "operatingIncome": 488050000,
        "operatingIncomeRatio": 0.0947375573,
        "totalOtherIncomeExpensesNet": 157850000,
        "incomeBeforeTax": 645900000,
        "incomeBeforeTaxRatio": 0.1253785232,
        "incomeTaxExpense": 222650000,
        "netIncome": 423250000,
        "netIncomeRatio": 0.0821589409,
        "eps": 0.28,
        "epsdiluted": 0.28,
        "weightedAverageShsOut": 3015460246,
        "weightedAverageShsOutDil": 3015460246,
        "link": "",
        "finalLink": ""
    },
    {
        "date": "1989-05-31",
        "symbol": "BBL",
        "reportedCurrency": "USD",
        "cik": "0000811809",
        "fillingDate": "1989-05-31",
        "acceptedDate": "1989-05-31 00:00:00",
        "calendarYear": "1989",
        "period": "Q4",
        "revenue": 3942250000,
        "costOfRevenue": 2974150000,
        "grossProfit": 968100000,
        "grossProfitRatio": 0.245570423,
        "researchAndDevelopmentExpenses": 0,
        "generalAndAdministrativeExpenses": 0,
        "sellingAndMarketingExpenses": 0,
        "sellingGeneralAndAdministrativeExpenses": 0,
        "otherExpenses": 329100000,
        "operatingExpenses": 329100000,
        "costAndExpenses": 3303250000,
        "interestIncome": 0,
        "interestExpense": 274500000,
        "depreciationAndAmortization": 329100000,
        "ebitda": 726600000,
        "ebitdaratio": 0.1843109899,
        "operatingIncome": 397500000,
        "operatingIncomeRatio": 0.1008307439,
        "totalOtherIncomeExpensesNet": 219450000,
        "incomeBeforeTax": 616950000,
        "incomeBeforeTaxRatio": 0.1564969243,
        "incomeTaxExpense": 201700000,
        "netIncome": 415250000,
        "netIncomeRatio": 0.1053332488,
        "eps": 0.28,
        "epsdiluted": 0.28,
        "weightedAverageShsOut": 2958463950,
        "weightedAverageShsOutDil": 2958463950,
        "link": "",
        "finalLink": ""
    },
    {
        "date": "1988-11-30",
        "symbol": "BBL",
        "reportedCurrency": "USD",
        "cik": "0000811809",
        "fillingDate": "1988-11-30",
        "acceptedDate": "1988-11-30 00:00:00",
        "calendarYear": "1989",
        "period": "Q2",
        "revenue": 3942250000,
        "costOfRevenue": 2974150000,
        "grossProfit": 968100000,
        "grossProfitRatio": 0.245570423,
        "researchAndDevelopmentExpenses": 0,
        "generalAndAdministrativeExpenses": 0,
        "sellingAndMarketingExpenses": 0,
        "sellingGeneralAndAdministrativeExpenses": 0,
        "otherExpenses": 329100000,
        "operatingExpenses": 329100000,
        "costAndExpenses": 3303250000,
        "interestIncome": 0,
        "interestExpense": 274500000,
        "depreciationAndAmortization": 329100000,
        "ebitda": 726600000,
        "ebitdaratio": 0.1843109899,
        "operatingIncome": 397500000,
        "operatingIncomeRatio": 0.1008307439,
        "totalOtherIncomeExpensesNet": 219450000,
        "incomeBeforeTax": 616950000,
        "incomeBeforeTaxRatio": 0.1564969243,
        "incomeTaxExpense": 201700000,
        "netIncome": 415250000,
        "netIncomeRatio": 0.1053332488,
        "eps": 0.28,
        "epsdiluted": 0.28,
        "weightedAverageShsOut": 2958463950,
        "weightedAverageShsOutDil": 2958463950,
        "link": "",
        "finalLink": ""
    },
    {
        "date": "1988-05-31",
        "symbol": "BBL",
        "reportedCurrency": "USD",
        "cik": "0000811809",
        "fillingDate": "1988-05-31",
        "acceptedDate": "1988-05-31 00:00:00",
        "calendarYear": "1988",
        "period": "Q4",
        "revenue": 3954100000,
        "costOfRevenue": 3320650000,
        "grossProfit": 633450000,
        "grossProfitRatio": 0.1602008042,
        "researchAndDevelopmentExpenses": 0,
        "generalAndAdministrativeExpenses": 0,
        "sellingAndMarketingExpenses": 0,
        "sellingGeneralAndAdministrativeExpenses": 29800000,
        "otherExpenses": 331550000,
        "operatingExpenses": 361350000,
        "costAndExpenses": 3682000000,
        "interestIncome": 0,
        "interestExpense": 217250000,
        "depreciationAndAmortization": 331550000,
        "ebitda": 2050000,
        "ebitdaratio": 0.0005184492,
        "operatingIncome": -329500000,
        "operatingIncomeRatio": -0.0833312258,
        "totalOtherIncomeExpensesNet": 968800000,
        "incomeBeforeTax": 639300000,
        "incomeBeforeTaxRatio": 0.1616802812,
        "incomeTaxExpense": 262300000,
        "netIncome": 377000000,
        "netIncomeRatio": 0.0953440732,
        "eps": 0.23,
        "epsdiluted": 0.23,
        "weightedAverageShsOut": 3212064412,
        "weightedAverageShsOutDil": 3212064412,
        "link": "",
        "finalLink": ""
    },
    {
        "date": "1987-11-30",
        "symbol": "BBL",
        "reportedCurrency": "USD",
        "cik": "0000811809",
        "fillingDate": "1987-11-30",
        "acceptedDate": "1987-11-30 00:00:00",
        "calendarYear": "1988",
        "period": "Q2",
        "revenue": 3954100000,
        "costOfRevenue": 3320650000,
        "grossProfit": 633450000,
        "grossProfitRatio": 0.1602008042,
        "researchAndDevelopmentExpenses": 0,
        "generalAndAdministrativeExpenses": 0,
        "sellingAndMarketingExpenses": 0,
        "sellingGeneralAndAdministrativeExpenses": 29800000,
        "otherExpenses": 331550000,
        "operatingExpenses": 361350000,
        "costAndExpenses": 3682000000,
        "interestIncome": 0,
        "interestExpense": 217250000,
        "depreciationAndAmortization": 331550000,
        "ebitda": 2050000,
        "ebitdaratio": 0.0005184492,
        "operatingIncome": -329500000,
        "operatingIncomeRatio": -0.0833312258,
        "totalOtherIncomeExpensesNet": 968800000,
        "incomeBeforeTax": 639300000,
        "incomeBeforeTaxRatio": 0.1616802812,
        "incomeTaxExpense": 262300000,
        "netIncome": 377000000,
        "netIncomeRatio": 0.0953440732,
        "eps": 0.23,
        "epsdiluted": 0.23,
        "weightedAverageShsOut": 3212064412,
        "weightedAverageShsOutDil": 3212064412,
        "link": "",
        "finalLink": ""
    },
    {
        "date": "1987-05-31",
        "symbol": "BBL",
        "reportedCurrency": "USD",
        "cik": "0000811809",
        "fillingDate": "1987-05-31",
        "acceptedDate": "1987-05-30 20:00:00",
        "calendarYear": "1987",
        "period": "Q4",
        "revenue": 3120600000,
        "costOfRevenue": 2388350000,
        "grossProfit": 732250000,
        "grossProfitRatio": 0.2346503877,
        "researchAndDevelopmentExpenses": 0,
        "generalAndAdministrativeExpenses": 0,
        "sellingAndMarketingExpenses": 0,
        "sellingGeneralAndAdministrativeExpenses": 22800000,
        "otherExpenses": 246100000,
        "operatingExpenses": 268900000,
        "costAndExpenses": 2657250000,
        "interestIncome": 0,
        "interestExpense": 0,
        "depreciationAndAmortization": 246100000,
        "ebitda": 492200000,
        "ebitdaratio": 0.1577260783,
        "operatingIncome": 246100000,
        "operatingIncomeRatio": 0.0788630392,
        "totalOtherIncomeExpensesNet": 266750000,
        "incomeBeforeTax": 512850000,
        "incomeBeforeTaxRatio": 0.1643433955,
        "incomeTaxExpense": 220800000,
        "netIncome": 292050000,
        "netIncomeRatio": 0.0935877716,
        "eps": 0.16,
        "epsdiluted": 0.16,
        "weightedAverageShsOut": 3657024794,
        "weightedAverageShsOutDil": 3657024794,
        "link": "",
        "finalLink": ""
    },
    {
        "date": "1986-11-30",
        "symbol": "BBL",
        "reportedCurrency": "USD",
        "cik": "0000811809",
        "fillingDate": "1986-11-30",
        "acceptedDate": "1986-11-30 00:00:00",
        "calendarYear": "1987",
        "period": "Q2",
        "revenue": 3120600000,
        "costOfRevenue": 2388350000,
        "grossProfit": 732250000,
        "grossProfitRatio": 0.2346503877,
        "researchAndDevelopmentExpenses": 0,
        "generalAndAdministrativeExpenses": 0,
        "sellingAndMarketingExpenses": 0,
        "sellingGeneralAndAdministrativeExpenses": 22800000,
        "otherExpenses": 246100000,
        "operatingExpenses": 268900000,
        "costAndExpenses": 2657250000,
        "interestIncome": 0,
        "interestExpense": 0,
        "depreciationAndAmortization": 246100000,
        "ebitda": 492200000,
        "ebitdaratio": 0.1577260783,
        "operatingIncome": 246100000,
        "operatingIncomeRatio": 0.0788630392,
        "totalOtherIncomeExpensesNet": 266750000,
        "incomeBeforeTax": 512850000,
        "incomeBeforeTaxRatio": 0.1643433955,
        "incomeTaxExpense": 220800000,
        "netIncome": 292050000,
        "netIncomeRatio": 0.0935877716,
        "eps": 0.16,
        "epsdiluted": 0.16,
        "weightedAverageShsOut": 3657024794,
        "weightedAverageShsOutDil": 3657024794,
        "link": "",
        "finalLink": ""
    }
]