[
    {
        "date": "2025-08-02",
        "symbol": "BBWI",
        "reportedCurrency": "USD",
        "cik": "0000701985",
        "fillingDate": "2025-08-28",
        "acceptedDate": "2025-08-28 16:25:08",
        "calendarYear": "2025",
        "period": "Q2",
        "revenue": 1549000000,
        "costOfRevenue": 909000000,
        "grossProfit": 640000000,
        "grossProfitRatio": 0.413169787,
        "researchAndDevelopmentExpenses": 0,
        "generalAndAdministrativeExpenses": 148000000,
        "sellingAndMarketingExpenses": 335000000,
        "sellingGeneralAndAdministrativeExpenses": 483000000,
        "otherExpenses": 0,
        "operatingExpenses": 483000000,
        "costAndExpenses": 1392000000,
        "interestIncome": 0,
        "interestExpense": 68000000,
        "depreciationAndAmortization": 64000000,
        "ebitda": 227000000,
        "ebitdaratio": 0.1465461588,
        "operatingIncome": 157000000,
        "operatingIncomeRatio": 0.1013557134,
        "totalOtherIncomeExpensesNet": -62000000,
        "incomeBeforeTax": 95000000,
        "incomeBeforeTaxRatio": 0.0613298903,
        "incomeTaxExpense": 31000000,
        "netIncome": 64000000,
        "netIncomeRatio": 0.0413169787,
        "eps": 0.3,
        "epsdiluted": 0.3,
        "weightedAverageShsOut": 211611794,
        "weightedAverageShsOutDil": 211611794,
        "link": "https://www.sec.gov/Archives/edgar/data/701985/000070198525000030/0000701985-25-000030-index.htm",
        "finalLink": "https://www.sec.gov/Archives/edgar/data/701985/000070198525000030/bbwi-20250802.htm"
    },
    {
        "date": "2025-05-03",
        "symbol": "BBWI",
        "reportedCurrency": "USD",
        "cik": "0000701985",
        "fillingDate": "2025-05-29",
        "acceptedDate": "2025-05-29 16:23:36",
        "calendarYear": "2025",
        "period": "Q1",
        "revenue": 1424000000,
        "costOfRevenue": 778000000,
        "grossProfit": 646000000,
        "grossProfitRatio": 0.4536516854,
        "researchAndDevelopmentExpenses": 0,
        "generalAndAdministrativeExpenses": 132000000,
        "sellingAndMarketingExpenses": 305000000,
        "sellingGeneralAndAdministrativeExpenses": 437000000,
        "otherExpenses": 0,
        "operatingExpenses": 437000000,
        "costAndExpenses": 1215000000,
        "interestIncome": 0,
        "interestExpense": 71000000,
        "depreciationAndAmortization": 64000000,
        "ebitda": 281000000,
        "ebitdaratio": 0.1973314607,
        "operatingIncome": 209000000,
        "operatingIncomeRatio": 0.1467696629,
        "totalOtherIncomeExpensesNet": -63000000,
        "incomeBeforeTax": 146000000,
        "incomeBeforeTaxRatio": 0.1025280899,
        "incomeTaxExpense": 41000000,
        "netIncome": 105000000,
        "netIncomeRatio": 0.0737359551,
        "eps": 0.49,
        "epsdiluted": 0.49,
        "weightedAverageShsOut": 214000000,
        "weightedAverageShsOutDil": 215000000,
        "link": "https://www.sec.gov/Archives/edgar/data/701985/000070198525000021/0000701985-25-000021-index.htm",
        "finalLink": "https://www.sec.gov/Archives/edgar/data/701985/000070198525000021/bbwi-20250503.htm"
    },
    {
        "date": "2025-01-31",
        "symbol": "BBWI",
        "reportedCurrency": "USD",
        "cik": "0000701985",
        "fillingDate": "2025-03-14",
        "acceptedDate": "2025-03-14 16:19:39",
        "calendarYear": "2024",
        "period": "Q4",
        "revenue": 2787000000,
        "costOfRevenue": 1486000000,
        "grossProfit": 1301000000,
        "grossProfitRatio": 0.4668101902,
        "researchAndDevelopmentExpenses": 0,
        "generalAndAdministrativeExpenses": 0,
        "sellingAndMarketingExpenses": 0,
        "sellingGeneralAndAdministrativeExpenses": 623000000,
        "otherExpenses": 0,
        "operatingExpenses": 623000000,
        "costAndExpenses": 2109000000,
        "interestIncome": 0,
        "interestExpense": 76000000,
        "depreciationAndAmortization": 71000000,
        "ebitda": 759000000,
        "ebitdaratio": 0.272335845,
        "operatingIncome": 678000000,
        "operatingIncomeRatio": 0.2432723358,
        "totalOtherIncomeExpensesNet": -67000000,
        "incomeBeforeTax": 611000000,
        "incomeBeforeTaxRatio": 0.2192321493,
        "incomeTaxExpense": 158000000,
        "netIncome": 453000000,
        "netIncomeRatio": 0.162540366,
        "eps": 2.1,
        "epsdiluted": 2.09,
        "weightedAverageShsOut": 216000000,
        "weightedAverageShsOutDil": 217000000,
        "link": "https://www.sec.gov/Archives/edgar/data/701985/000070198525000011/0000701985-25-000011-index.htm",
        "finalLink": "https://www.sec.gov/Archives/edgar/data/701985/000070198525000011/bbwi-20250201.htm"
    },
    {
        "date": "2024-11-02",
        "symbol": "BBWI",
        "reportedCurrency": "USD",
        "cik": "0000701985",
        "fillingDate": "2024-11-26",
        "acceptedDate": "2024-11-26 17:13:53",
        "calendarYear": "2024",
        "period": "Q3",
        "revenue": 1610000000,
        "costOfRevenue": 910000000,
        "grossProfit": 700000000,
        "grossProfitRatio": 0.4347826087,
        "researchAndDevelopmentExpenses": 0,
        "generalAndAdministrativeExpenses": 482000000,
        "sellingAndMarketingExpenses": 0,
        "sellingGeneralAndAdministrativeExpenses": 482000000,
        "otherExpenses": 0,
        "operatingExpenses": 482000000,
        "costAndExpenses": 1392000000,
        "interestIncome": 0,
        "interestExpense": 77000000,
        "depreciationAndAmortization": 69000000,
        "ebitda": 291000000,
        "ebitdaratio": 0.1807453416,
        "operatingIncome": 218000000,
        "operatingIncomeRatio": 0.1354037267,
        "totalOtherIncomeExpensesNet": -73000000,
        "incomeBeforeTax": 145000000,
        "incomeBeforeTaxRatio": 0.0900621118,
        "incomeTaxExpense": 39000000,
        "netIncome": 106000000,
        "netIncomeRatio": 0.0658385093,
        "eps": 0.49,
        "epsdiluted": 0.48,
        "weightedAverageShsOut": 218000000,
        "weightedAverageShsOutDil": 219000000,
        "link": "https://www.sec.gov/Archives/edgar/data/701985/000070198524000033/0000701985-24-000033-index.htm",
        "finalLink": "https://www.sec.gov/Archives/edgar/data/701985/000070198524000033/bbwi-20241102.htm"
    },
    {
        "date": "2024-08-03",
        "symbol": "BBWI",
        "reportedCurrency": "USD",
        "cik": "0000701985",
        "fillingDate": "2024-08-28",
        "acceptedDate": "2024-08-28 17:26:00",
        "calendarYear": "2024",
        "period": "Q2",
        "revenue": 1526000000,
        "costOfRevenue": 900000000,
        "grossProfit": 626000000,
        "grossProfitRatio": 0.4102228047,
        "researchAndDevelopmentExpenses": 0,
        "generalAndAdministrativeExpenses": 443000000,
        "sellingAndMarketingExpenses": 0,
        "sellingGeneralAndAdministrativeExpenses": 443000000,
        "otherExpenses": 0,
        "operatingExpenses": 443000000,
        "costAndExpenses": 1343000000,
        "interestIncome": 0,
        "interestExpense": 77000000,
        "depreciationAndAmortization": 71000000,
        "ebitda": 301000000,
        "ebitdaratio": 0.1972477064,
        "operatingIncome": 183000000,
        "operatingIncomeRatio": 0.119921363,
        "totalOtherIncomeExpensesNet": -30000000,
        "incomeBeforeTax": 153000000,
        "incomeBeforeTaxRatio": 0.1002621232,
        "incomeTaxExpense": 1000000,
        "netIncome": 152000000,
        "netIncomeRatio": 0.0996068152,
        "eps": 0.68,
        "epsdiluted": 0.68,
        "weightedAverageShsOut": 222000000,
        "weightedAverageShsOutDil": 223000000,
        "link": "https://www.sec.gov/Archives/edgar/data/701985/000070198524000027/0000701985-24-000027-index.htm",
        "finalLink": "https://www.sec.gov/Archives/edgar/data/701985/000070198524000027/bbwi-20240803.htm"
    },
    {
        "date": "2024-05-04",
        "symbol": "BBWI",
        "reportedCurrency": "USD",
        "cik": "0000701985",
        "fillingDate": "2024-06-04",
        "acceptedDate": "2024-06-04 16:55:29",
        "calendarYear": "2024",
        "period": "Q1",
        "revenue": 1384000000,
        "costOfRevenue": 778000000,
        "grossProfit": 606000000,
        "grossProfitRatio": 0.4378612717,
        "researchAndDevelopmentExpenses": 0,
        "generalAndAdministrativeExpenses": 127000000,
        "sellingAndMarketingExpenses": 292000000,
        "sellingGeneralAndAdministrativeExpenses": 419000000,
        "otherExpenses": 0,
        "operatingExpenses": 419000000,
        "costAndExpenses": 1197000000,
        "interestIncome": 0,
        "interestExpense": 82000000,
        "depreciationAndAmortization": 71000000,
        "ebitda": 271000000,
        "ebitdaratio": 0.1958092486,
        "operatingIncome": 187000000,
        "operatingIncomeRatio": 0.1351156069,
        "totalOtherIncomeExpensesNet": -69000000,
        "incomeBeforeTax": 118000000,
        "incomeBeforeTaxRatio": 0.0852601156,
        "incomeTaxExpense": 31000000,
        "netIncome": 87000000,
        "netIncomeRatio": 0.0628612717,
        "eps": 0.39,
        "epsdiluted": 0.39,
        "weightedAverageShsOut": 225000000,
        "weightedAverageShsOutDil": 226000000,
        "link": "https://www.sec.gov/Archives/edgar/data/701985/000070198524000018/0000701985-24-000018-index.htm",
        "finalLink": "https://www.sec.gov/Archives/edgar/data/701985/000070198524000018/bbwi-20240504.htm"
    },
    {
        "date": "2024-01-31",
        "symbol": "BBWI",
        "reportedCurrency": "USD",
        "cik": "0000701985",
        "fillingDate": "2024-03-22",
        "acceptedDate": "2024-03-22 16:40:07",
        "calendarYear": "2023",
        "period": "Q4",
        "revenue": 2912000000,
        "costOfRevenue": 1576000000,
        "grossProfit": 1336000000,
        "grossProfitRatio": 0.4587912088,
        "researchAndDevelopmentExpenses": 0,
        "generalAndAdministrativeExpenses": 63000000,
        "sellingAndMarketingExpenses": 578000000,
        "sellingGeneralAndAdministrativeExpenses": 641000000,
        "otherExpenses": 0,
        "operatingExpenses": 641000000,
        "costAndExpenses": 2217000000,
        "interestIncome": 0,
        "interestExpense": 86000000,
        "depreciationAndAmortization": 70000000,
        "ebitda": 779000000,
        "ebitdaratio": 0.2675137363,
        "operatingIncome": 695000000,
        "operatingIncomeRatio": 0.2386675824,
        "totalOtherIncomeExpensesNet": -73000000,
        "incomeBeforeTax": 622000000,
        "incomeBeforeTaxRatio": 0.2135989011,
        "incomeTaxExpense": 43000000,
        "netIncome": 579000000,
        "netIncomeRatio": 0.1988324176,
        "eps": 2.57,
        "epsdiluted": 2.55,
        "weightedAverageShsOut": 225000000,
        "weightedAverageShsOutDil": 227000000,
        "link": "https://www.sec.gov/Archives/edgar/data/701985/000070198524000010/0000701985-24-000010-index.htm",
        "finalLink": "https://www.sec.gov/Archives/edgar/data/701985/000070198524000010/bbwi-20240203.htm"
    },
    {
        "date": "2023-10-28",
        "symbol": "BBWI",
        "reportedCurrency": "USD",
        "cik": "0000701985",
        "fillingDate": "2023-12-01",
        "acceptedDate": "2023-12-01 17:12:47",
        "calendarYear": "2023",
        "period": "Q3",
        "revenue": 1562000000,
        "costOfRevenue": 880000000,
        "grossProfit": 682000000,
        "grossProfitRatio": 0.4366197183,
        "researchAndDevelopmentExpenses": 0,
        "generalAndAdministrativeExpenses": 178000000,
        "sellingAndMarketingExpenses": 283000000,
        "sellingGeneralAndAdministrativeExpenses": 461000000,
        "otherExpenses": 0,
        "operatingExpenses": 461000000,
        "costAndExpenses": 1341000000,
        "interestIncome": 0,
        "interestExpense": 84000000,
        "depreciationAndAmortization": 70000000,
        "ebitda": 313000000,
        "ebitdaratio": 0.2003841229,
        "operatingIncome": 221000000,
        "operatingIncomeRatio": 0.1414852753,
        "totalOtherIncomeExpensesNet": -62000000,
        "incomeBeforeTax": 159000000,
        "incomeBeforeTaxRatio": 0.1017925736,
        "incomeTaxExpense": 40000000,
        "netIncome": 119000000,
        "netIncomeRatio": 0.076184379,
        "eps": 0.52,
        "epsdiluted": 0.52,
        "weightedAverageShsOut": 227000000,
        "weightedAverageShsOutDil": 228000000,
        "link": "https://www.sec.gov/Archives/edgar/data/701985/000070198523000035/0000701985-23-000035-index.htm",
        "finalLink": "https://www.sec.gov/Archives/edgar/data/701985/000070198523000035/bbwi-20231028.htm"
    },
    {
        "date": "2023-07-29",
        "symbol": "BBWI",
        "reportedCurrency": "USD",
        "cik": "0000701985",
        "fillingDate": "2023-09-01",
        "acceptedDate": "2023-09-01 16:58:39",
        "calendarYear": "2023",
        "period": "Q2",
        "revenue": 1559000000,
        "costOfRevenue": 937000000,
        "grossProfit": 622000000,
        "grossProfitRatio": 0.3989737011,
        "researchAndDevelopmentExpenses": 0,
        "generalAndAdministrativeExpenses": 181000000,
        "sellingAndMarketingExpenses": 253000000,
        "sellingGeneralAndAdministrativeExpenses": 434000000,
        "otherExpenses": 0,
        "operatingExpenses": 434000000,
        "costAndExpenses": 1371000000,
        "interestIncome": 0,
        "interestExpense": 86000000,
        "depreciationAndAmortization": 66000000,
        "ebitda": 279000000,
        "ebitdaratio": 0.1789608724,
        "operatingIncome": 188000000,
        "operatingIncomeRatio": 0.1205901219,
        "totalOtherIncomeExpensesNet": -61000000,
        "incomeBeforeTax": 127000000,
        "incomeBeforeTaxRatio": 0.0814624759,
        "incomeTaxExpense": 28000000,
        "netIncome": 99000000,
        "netIncomeRatio": 0.063502245,
        "eps": 0.43,
        "epsdiluted": 0.43,
        "weightedAverageShsOut": 228000000,
        "weightedAverageShsOutDil": 229000000,
        "link": "https://www.sec.gov/Archives/edgar/data/701985/000070198523000030/0000701985-23-000030-index.htm",
        "finalLink": "https://www.sec.gov/Archives/edgar/data/701985/000070198523000030/bbwi-20230729.htm"
    },
    {
        "date": "2023-04-29",
        "symbol": "BBWI",
        "reportedCurrency": "USD",
        "cik": "0000701985",
        "fillingDate": "2023-06-02",
        "acceptedDate": "2023-06-02 16:42:10",
        "calendarYear": "2023",
        "period": "Q1",
        "revenue": 1396000000,
        "costOfRevenue": 800000000,
        "grossProfit": 596000000,
        "grossProfitRatio": 0.4269340974,
        "researchAndDevelopmentExpenses": 0,
        "generalAndAdministrativeExpenses": 172000000,
        "sellingAndMarketingExpenses": 243000000,
        "sellingGeneralAndAdministrativeExpenses": 415000000,
        "otherExpenses": 0,
        "operatingExpenses": 415000000,
        "costAndExpenses": 1215000000,
        "interestIncome": 0,
        "interestExpense": 89000000,
        "depreciationAndAmortization": 63000000,
        "ebitda": 264000000,
        "ebitdaratio": 0.1891117479,
        "operatingIncome": 181000000,
        "operatingIncomeRatio": 0.1296561605,
        "totalOtherIncomeExpensesNet": -69000000,
        "incomeBeforeTax": 112000000,
        "incomeBeforeTaxRatio": 0.0802292264,
        "incomeTaxExpense": 31000000,
        "netIncome": 81000000,
        "netIncomeRatio": 0.0580229226,
        "eps": 0.36,
        "epsdiluted": 0.35,
        "weightedAverageShsOut": 229000000,
        "weightedAverageShsOutDil": 230000000,
        "link": "https://www.sec.gov/Archives/edgar/data/701985/000070198523000018/0000701985-23-000018-index.htm",
        "finalLink": "https://www.sec.gov/Archives/edgar/data/701985/000070198523000018/bbwi-20230429.htm"
    },
    {
        "date": "2023-01-31",
        "symbol": "BBWI",
        "reportedCurrency": "USD",
        "cik": "0000701985",
        "fillingDate": "2023-03-17",
        "acceptedDate": "2023-03-17 17:17:26",
        "calendarYear": "2022",
        "period": "Q4",
        "revenue": 2888000000,
        "costOfRevenue": 1639000000,
        "grossProfit": 1249000000,
        "grossProfitRatio": 0.4324792244,
        "researchAndDevelopmentExpenses": 0,
        "generalAndAdministrativeExpenses": 597000000,
        "sellingAndMarketingExpenses": 0,
        "sellingGeneralAndAdministrativeExpenses": 597000000,
        "otherExpenses": 0,
        "operatingExpenses": 597000000,
        "costAndExpenses": 2236000000,
        "interestIncome": 0,
        "interestExpense": 86000000,
        "depreciationAndAmortization": 59000000,
        "ebitda": 722000000,
        "ebitdaratio": 0.25,
        "operatingIncome": 652000000,
        "operatingIncomeRatio": 0.2257617729,
        "totalOtherIncomeExpensesNet": -76000000,
        "incomeBeforeTax": 576000000,
        "incomeBeforeTaxRatio": 0.1994459834,
        "incomeTaxExpense": 148000000,
        "netIncome": 434000000,
        "netIncomeRatio": 0.1502770083,
        "eps": 1.9,
        "epsdiluted": 1.89,
        "weightedAverageShsOut": 228421052,
        "weightedAverageShsOutDil": 230000000,
        "link": "https://www.sec.gov/Archives/edgar/data/701985/000070198523000008/0000701985-23-000008-index.htm",
        "finalLink": "https://www.sec.gov/Archives/edgar/data/701985/000070198523000008/bbwi-20230128.htm"
    },
    {
        "date": "2022-10-29",
        "symbol": "BBWI",
        "reportedCurrency": "USD",
        "cik": "0000701985",
        "fillingDate": "2022-11-30",
        "acceptedDate": "2022-11-30 17:02:34",
        "calendarYear": "2022",
        "period": "Q3",
        "revenue": 1604000000,
        "costOfRevenue": 926000000,
        "grossProfit": 678000000,
        "grossProfitRatio": 0.4226932668,
        "researchAndDevelopmentExpenses": 0,
        "generalAndAdministrativeExpenses": 176000000,
        "sellingAndMarketingExpenses": 300000000,
        "sellingGeneralAndAdministrativeExpenses": 476000000,
        "otherExpenses": 0,
        "operatingExpenses": 476000000,
        "costAndExpenses": 1402000000,
        "interestIncome": 0,
        "interestExpense": 86000000,
        "depreciationAndAmortization": 56000000,
        "ebitda": 261000000,
        "ebitdaratio": 0.1627182045,
        "operatingIncome": 202000000,
        "operatingIncomeRatio": 0.1259351621,
        "totalOtherIncomeExpensesNet": -83000000,
        "incomeBeforeTax": 119000000,
        "incomeBeforeTaxRatio": 0.0741895262,
        "incomeTaxExpense": 28000000,
        "netIncome": 91000000,
        "netIncomeRatio": 0.0567331671,
        "eps": 0.4,
        "epsdiluted": 0.4,
        "weightedAverageShsOut": 228000000,
        "weightedAverageShsOutDil": 229144000,
        "link": "https://www.sec.gov/Archives/edgar/data/701985/000070198522000040/0000701985-22-000040-index.htm",
        "finalLink": "https://www.sec.gov/Archives/edgar/data/701985/000070198522000040/bbwi-20221029.htm"
    },
    {
        "date": "2022-07-30",
        "symbol": "BBWI",
        "reportedCurrency": "USD",
        "cik": "0000701985",
        "fillingDate": "2022-09-02",
        "acceptedDate": "2022-09-02 16:24:01",
        "calendarYear": "2022",
        "period": "Q2",
        "revenue": 1618000000,
        "costOfRevenue": 958000000,
        "grossProfit": 660000000,
        "grossProfitRatio": 0.4079110012,
        "researchAndDevelopmentExpenses": 0,
        "generalAndAdministrativeExpenses": 418000000,
        "sellingAndMarketingExpenses": 0,
        "sellingGeneralAndAdministrativeExpenses": 418000000,
        "otherExpenses": 0,
        "operatingExpenses": 418000000,
        "costAndExpenses": 1376000000,
        "interestIncome": 0,
        "interestExpense": 86000000,
        "depreciationAndAmortization": 53000000,
        "ebitda": 297000000,
        "ebitdaratio": 0.1835599506,
        "operatingIncome": 242000000,
        "operatingIncomeRatio": 0.1495673671,
        "totalOtherIncomeExpensesNet": -84000000,
        "incomeBeforeTax": 158000000,
        "incomeBeforeTaxRatio": 0.0976514215,
        "incomeTaxExpense": 38000000,
        "netIncome": 120000000,
        "netIncomeRatio": 0.0741656366,
        "eps": 0.52,
        "epsdiluted": 0.52,
        "weightedAverageShsOut": 230000000,
        "weightedAverageShsOutDil": 231000000,
        "link": "https://www.sec.gov/Archives/edgar/data/701985/000070198522000032/0000701985-22-000032-index.htm",
        "finalLink": "https://www.sec.gov/Archives/edgar/data/701985/000070198522000032/bbwi-20220730.htm"
    },
    {
        "date": "2022-04-30",
        "symbol": "BBWI",
        "reportedCurrency": "USD",
        "cik": "0000701985",
        "fillingDate": "2022-06-02",
        "acceptedDate": "2022-06-02 16:34:28",
        "calendarYear": "2022",
        "period": "Q1",
        "revenue": 1450000000,
        "costOfRevenue": 781000000,
        "grossProfit": 669000000,
        "grossProfitRatio": 0.4613793103,
        "researchAndDevelopmentExpenses": 0,
        "generalAndAdministrativeExpenses": 389000000,
        "sellingAndMarketingExpenses": 0,
        "sellingGeneralAndAdministrativeExpenses": 389000000,
        "otherExpenses": 0,
        "operatingExpenses": 389000000,
        "costAndExpenses": 1170000000,
        "interestIncome": 0,
        "interestExpense": 89000000,
        "depreciationAndAmortization": 53000000,
        "ebitda": 334000000,
        "ebitdaratio": 0.2303448276,
        "operatingIncome": 280000000,
        "operatingIncomeRatio": 0.1931034483,
        "totalOtherIncomeExpensesNet": -88000000,
        "incomeBeforeTax": 192000000,
        "incomeBeforeTaxRatio": 0.1324137931,
        "incomeTaxExpense": 37000000,
        "netIncome": 155000000,
        "netIncomeRatio": 0.1068965517,
        "eps": 0.65,
        "epsdiluted": 0.64,
        "weightedAverageShsOut": 240000000,
        "weightedAverageShsOutDil": 243000000,
        "link": "https://www.sec.gov/Archives/edgar/data/701985/000070198522000017/0000701985-22-000017-index.htm",
        "finalLink": "https://www.sec.gov/Archives/edgar/data/701985/000070198522000017/bbwi-20220430.htm"
    },
    {
        "date": "2022-01-31",
        "symbol": "BBWI",
        "reportedCurrency": "USD",
        "cik": "0000701985",
        "fillingDate": "2022-03-18",
        "acceptedDate": "2022-03-18 16:37:26",
        "calendarYear": "2021",
        "period": "Q4",
        "revenue": 3028000000,
        "costOfRevenue": 1582000000,
        "grossProfit": 1446000000,
        "grossProfitRatio": 0.4775429326,
        "researchAndDevelopmentExpenses": 0,
        "generalAndAdministrativeExpenses": 401000000,
        "sellingAndMarketingExpenses": 166000000,
        "sellingGeneralAndAdministrativeExpenses": 567000000,
        "otherExpenses": 0,
        "operatingExpenses": 567000000,
        "costAndExpenses": 2149000000,
        "interestIncome": 0,
        "interestExpense": 87000000,
        "depreciationAndAmortization": 53000000,
        "ebitda": 930000000,
        "ebitdaratio": 0.3071334214,
        "operatingIncome": 879000000,
        "operatingIncomeRatio": 0.2902906209,
        "totalOtherIncomeExpensesNet": -89000000,
        "incomeBeforeTax": 790000000,
        "incomeBeforeTaxRatio": 0.2608982827,
        "incomeTaxExpense": 198000000,
        "netIncome": 594000000,
        "netIncomeRatio": 0.1961690885,
        "eps": 2.28,
        "epsdiluted": 2.28,
        "weightedAverageShsOut": 260611000,
        "weightedAverageShsOutDil": 260906140,
        "link": "https://www.sec.gov/Archives/edgar/data/701985/000070198522000009/0000701985-22-000009-index.htm",
        "finalLink": "https://www.sec.gov/Archives/edgar/data/701985/000070198522000009/bbwi-20220129.htm"
    },
    {
        "date": "2021-10-30",
        "symbol": "BBWI",
        "reportedCurrency": "USD",
        "cik": "0000701985",
        "fillingDate": "2021-12-03",
        "acceptedDate": "2021-12-03 17:05:57",
        "calendarYear": "2021",
        "period": "Q3",
        "revenue": 1681000000,
        "costOfRevenue": 842000000,
        "grossProfit": 839000000,
        "grossProfitRatio": 0.499107674,
        "researchAndDevelopmentExpenses": 0,
        "generalAndAdministrativeExpenses": 430000000,
        "sellingAndMarketingExpenses": 0,
        "sellingGeneralAndAdministrativeExpenses": 430000000,
        "otherExpenses": 0,
        "operatingExpenses": 430000000,
        "costAndExpenses": 1272000000,
        "interestIncome": 0,
        "interestExpense": 91000000,
        "depreciationAndAmortization": 52000000,
        "ebitda": 370000000,
        "ebitdaratio": 0.2201070791,
        "operatingIncome": 409000000,
        "operatingIncomeRatio": 0.243307555,
        "totalOtherIncomeExpensesNet": -182000000,
        "incomeBeforeTax": 227000000,
        "incomeBeforeTaxRatio": 0.1350386675,
        "incomeTaxExpense": 50000000,
        "netIncome": 88000000,
        "netIncomeRatio": 0.0523497918,
        "eps": 0.33,
        "epsdiluted": 0.33,
        "weightedAverageShsOut": 263000000,
        "weightedAverageShsOutDil": 267000000,
        "link": "https://www.sec.gov/Archives/edgar/data/701985/000070198521000038/0000701985-21-000038-index.htm",
        "finalLink": "https://www.sec.gov/Archives/edgar/data/701985/000070198521000038/bbwi-20211030.htm"
    },
    {
        "date": "2021-07-31",
        "symbol": "BBWI",
        "reportedCurrency": "USD",
        "cik": "0000701985",
        "fillingDate": "2021-09-02",
        "acceptedDate": "2021-09-02 16:39:42",
        "calendarYear": "2021",
        "period": "Q2",
        "revenue": 1704000000,
        "costOfRevenue": 876000000,
        "grossProfit": 828000000,
        "grossProfitRatio": 0.485915493,
        "researchAndDevelopmentExpenses": 0,
        "generalAndAdministrativeExpenses": 444000000,
        "sellingAndMarketingExpenses": 0,
        "sellingGeneralAndAdministrativeExpenses": 444000000,
        "otherExpenses": 0,
        "operatingExpenses": 444000000,
        "costAndExpenses": 1320000000,
        "interestIncome": 0,
        "interestExpense": 97000000,
        "depreciationAndAmortization": 129000000,
        "ebitda": 513000000,
        "ebitdaratio": 0.301056338,
        "operatingIncome": 384000000,
        "operatingIncomeRatio": 0.2253521127,
        "totalOtherIncomeExpensesNet": -97000000,
        "incomeBeforeTax": 287000000,
        "incomeBeforeTaxRatio": 0.16842723,
        "incomeTaxExpense": 72000000,
        "netIncome": 374000000,
        "netIncomeRatio": 0.2194835681,
        "eps": 1.36,
        "epsdiluted": 1.34,
        "weightedAverageShsOut": 275000000,
        "weightedAverageShsOutDil": 280000000,
        "link": "https://www.sec.gov/Archives/edgar/data/701985/000070198521000030/0000701985-21-000030-index.htm",
        "finalLink": "https://www.sec.gov/Archives/edgar/data/701985/000070198521000030/bbwi-20210731.htm"
    },
    {
        "date": "2021-05-01",
        "symbol": "BBWI",
        "reportedCurrency": "USD",
        "cik": "0000701985",
        "fillingDate": "2021-06-03",
        "acceptedDate": "2021-06-03 16:24:40",
        "calendarYear": "2021",
        "period": "Q1",
        "revenue": 1470000000,
        "costOfRevenue": 728000000,
        "grossProfit": 742000000,
        "grossProfitRatio": 0.5047619048,
        "researchAndDevelopmentExpenses": 0,
        "generalAndAdministrativeExpenses": 405000000,
        "sellingAndMarketingExpenses": 0,
        "sellingGeneralAndAdministrativeExpenses": 405000000,
        "otherExpenses": 0,
        "operatingExpenses": 405000000,
        "costAndExpenses": 1133000000,
        "interestIncome": 0,
        "interestExpense": 114000000,
        "depreciationAndAmortization": 129000000,
        "ebitda": 362000000,
        "ebitdaratio": 0.2462585034,
        "operatingIncome": 337000000,
        "operatingIncomeRatio": 0.2292517007,
        "totalOtherIncomeExpensesNet": -218000000,
        "incomeBeforeTax": 119000000,
        "incomeBeforeTaxRatio": 0.080952381,
        "incomeTaxExpense": 28000000,
        "netIncome": 277000000,
        "netIncomeRatio": 0.1884353741,
        "eps": 0.99,
        "epsdiluted": 0.97,
        "weightedAverageShsOut": 279000000,
        "weightedAverageShsOutDil": 284000000,
        "link": "https://www.sec.gov/Archives/edgar/data/701985/000070198521000020/0000701985-21-000020-index.htm",
        "finalLink": "https://www.sec.gov/Archives/edgar/data/701985/000070198521000020/lb-20210501.htm"
    },
    {
        "date": "2021-01-31",
        "symbol": "BBWI",
        "reportedCurrency": "USD",
        "cik": "0000701985",
        "fillingDate": "2021-03-19",
        "acceptedDate": "2021-03-19 17:01:57",
        "calendarYear": "2020",
        "period": "Q4",
        "revenue": 4818000000,
        "costOfRevenue": 2511000000,
        "grossProfit": 2307000000,
        "grossProfitRatio": 0.4788293898,
        "researchAndDevelopmentExpenses": 0,
        "generalAndAdministrativeExpenses": 1034000000,
        "sellingAndMarketingExpenses": 0,
        "sellingGeneralAndAdministrativeExpenses": 1034000000,
        "otherExpenses": 0,
        "operatingExpenses": 1034000000,
        "costAndExpenses": 3545000000,
        "interestIncome": 0,
        "interestExpense": 116000000,
        "depreciationAndAmortization": 128000000,
        "ebitda": 1399000000,
        "ebitdaratio": 0.2903694479,
        "operatingIncome": 1273000000,
        "operatingIncomeRatio": 0.2642175176,
        "totalOtherIncomeExpensesNet": -118000000,
        "incomeBeforeTax": 1155000000,
        "incomeBeforeTaxRatio": 0.2397260274,
        "incomeTaxExpense": 295000000,
        "netIncome": 860000000,
        "netIncomeRatio": 0.1784973018,
        "eps": 3.03,
        "epsdiluted": 3.03,
        "weightedAverageShsOut": 283802000,
        "weightedAverageShsOutDil": 283937624,
        "link": "https://www.sec.gov/Archives/edgar/data/701985/000070198521000011/0000701985-21-000011-index.htm",
        "finalLink": "https://www.sec.gov/Archives/edgar/data/701985/000070198521000011/lb-20210130.htm"
    },
    {
        "date": "2020-10-31",
        "symbol": "BBWI",
        "reportedCurrency": "USD",
        "cik": "0000701985",
        "fillingDate": "2020-12-04",
        "acceptedDate": "2020-12-04 16:45:32",
        "calendarYear": "2020",
        "period": "Q3",
        "revenue": 1702000000,
        "costOfRevenue": 839000000,
        "grossProfit": 863000000,
        "grossProfitRatio": 0.5070505288,
        "researchAndDevelopmentExpenses": 0,
        "generalAndAdministrativeExpenses": 427000000,
        "sellingAndMarketingExpenses": 0,
        "sellingGeneralAndAdministrativeExpenses": 427000000,
        "otherExpenses": 0,
        "operatingExpenses": 427000000,
        "costAndExpenses": 1266000000,
        "interestIncome": 0,
        "interestExpense": 119000000,
        "depreciationAndAmortization": 127000000,
        "ebitda": 511000000,
        "ebitdaratio": 0.3002350176,
        "operatingIncome": 436000000,
        "operatingIncomeRatio": 0.2561692127,
        "totalOtherIncomeExpensesNet": -171000000,
        "incomeBeforeTax": 265000000,
        "incomeBeforeTaxRatio": 0.1556991774,
        "incomeTaxExpense": 69000000,
        "netIncome": 331000000,
        "netIncomeRatio": 0.1944770858,
        "eps": 1.19,
        "epsdiluted": 1.17,
        "weightedAverageShsOut": 279000000,
        "weightedAverageShsOutDil": 283000000,
        "link": "https://www.sec.gov/Archives/edgar/data/701985/000070198520000050/0000701985-20-000050-index.htm",
        "finalLink": "https://www.sec.gov/Archives/edgar/data/701985/000070198520000050/lb-20201031.htm"
    },
    {
        "date": "2020-08-01",
        "symbol": "BBWI",
        "reportedCurrency": "USD",
        "cik": "0000701985",
        "fillingDate": "2020-09-03",
        "acceptedDate": "2020-09-03 17:03:05",
        "calendarYear": "2020",
        "period": "Q2",
        "revenue": 2319000000,
        "costOfRevenue": 1608000000,
        "grossProfit": 711000000,
        "grossProfitRatio": 0.3065976714,
        "researchAndDevelopmentExpenses": 0,
        "generalAndAdministrativeExpenses": 667000000,
        "sellingAndMarketingExpenses": 0,
        "sellingGeneralAndAdministrativeExpenses": 667000000,
        "otherExpenses": 0,
        "operatingExpenses": 667000000,
        "costAndExpenses": 2275000000,
        "interestIncome": 0,
        "interestExpense": 104000000,
        "depreciationAndAmortization": 127000000,
        "ebitda": 171000000,
        "ebitdaratio": 0.0737386805,
        "operatingIncome": 44000000,
        "operatingIncomeRatio": 0.0189736956,
        "totalOtherIncomeExpensesNet": -104000000,
        "incomeBeforeTax": -60000000,
        "incomeBeforeTaxRatio": -0.0258732212,
        "incomeTaxExpense": -11000000,
        "netIncome": -49000000,
        "netIncomeRatio": -0.0211297973,
        "eps": -0.18,
        "epsdiluted": -0.18,
        "weightedAverageShsOut": 277136884,
        "weightedAverageShsOutDil": 278000000,
        "link": "https://www.sec.gov/Archives/edgar/data/701985/000070198520000036/0000701985-20-000036-index.htm",
        "finalLink": "https://www.sec.gov/Archives/edgar/data/701985/000070198520000036/ltd-20208110q.htm"
    },
    {
        "date": "2020-05-02",
        "symbol": "BBWI",
        "reportedCurrency": "USD",
        "cik": "0000701985",
        "fillingDate": "2020-06-03",
        "acceptedDate": "2020-06-03 17:15:34",
        "calendarYear": "2020",
        "period": "Q1",
        "revenue": 1654000000,
        "costOfRevenue": 1366000000,
        "grossProfit": 288000000,
        "grossProfitRatio": 0.1741233374,
        "researchAndDevelopmentExpenses": 0,
        "generalAndAdministrativeExpenses": 606000000,
        "sellingAndMarketingExpenses": 0,
        "sellingGeneralAndAdministrativeExpenses": 606000000,
        "otherExpenses": 0,
        "operatingExpenses": 606000000,
        "costAndExpenses": 1972000000,
        "interestIncome": 0,
        "interestExpense": 97000000,
        "depreciationAndAmortization": 139000000,
        "ebitda": -176000000,
        "ebitdaratio": -0.1064087062,
        "operatingIncome": -318000000,
        "operatingIncomeRatio": -0.192261185,
        "totalOtherIncomeExpensesNet": -94000000,
        "incomeBeforeTax": -412000000,
        "incomeBeforeTaxRatio": -0.2490931076,
        "incomeTaxExpense": -115000000,
        "netIncome": -297000000,
        "netIncomeRatio": -0.1795646917,
        "eps": -1.07,
        "epsdiluted": -1.07,
        "weightedAverageShsOut": 277000000,
        "weightedAverageShsOutDil": 277000000,
        "link": "https://www.sec.gov/Archives/edgar/data/701985/000070198520000020/0000701985-20-000020-index.htm",
        "finalLink": "https://www.sec.gov/Archives/edgar/data/701985/000070198520000020/ltd-20205210q.htm"
    },
    {
        "date": "2020-01-31",
        "symbol": "BBWI",
        "reportedCurrency": "USD",
        "cik": "0000701985",
        "fillingDate": "2020-03-30",
        "acceptedDate": "2020-03-27 18:50:38",
        "calendarYear": "2019",
        "period": "Q4",
        "revenue": 4707000000,
        "costOfRevenue": 2914000000,
        "grossProfit": 1793000000,
        "grossProfitRatio": 0.380922031,
        "researchAndDevelopmentExpenses": 0,
        "generalAndAdministrativeExpenses": 992000000,
        "sellingAndMarketingExpenses": 0,
        "sellingGeneralAndAdministrativeExpenses": 992000000,
        "otherExpenses": 720000000,
        "operatingExpenses": 1712000000,
        "costAndExpenses": 4626000000,
        "interestIncome": 0,
        "interestExpense": 92000000,
        "depreciationAndAmortization": 145000000,
        "ebitda": 231000000,
        "ebitdaratio": 0.0490758445,
        "operatingIncome": 81000000,
        "operatingIncomeRatio": 0.017208413,
        "totalOtherIncomeExpensesNet": -87000000,
        "incomeBeforeTax": -6000000,
        "incomeBeforeTaxRatio": -0.0012746973,
        "incomeTaxExpense": 186000000,
        "netIncome": -192000000,
        "netIncomeRatio": -0.0407903123,
        "eps": -0.7,
        "epsdiluted": -0.68,
        "weightedAverageShsOut": 276000000,
        "weightedAverageShsOutDil": 284000000,
        "link": "https://www.sec.gov/Archives/edgar/data/701985/000070198520000010/0000701985-20-000010-index.htm",
        "finalLink": "https://www.sec.gov/Archives/edgar/data/701985/000070198520000010/lb21202010k.htm"
    },
    {
        "date": "2019-11-02",
        "symbol": "BBWI",
        "reportedCurrency": "USD",
        "cik": "0000701985",
        "fillingDate": "2019-12-06",
        "acceptedDate": "2019-12-06 16:26:54",
        "calendarYear": "2019",
        "period": "Q3",
        "revenue": 2677000000,
        "costOfRevenue": 1936000000,
        "grossProfit": 741000000,
        "grossProfitRatio": 0.2768023907,
        "researchAndDevelopmentExpenses": 0,
        "generalAndAdministrativeExpenses": 892000000,
        "sellingAndMarketingExpenses": 0,
        "sellingGeneralAndAdministrativeExpenses": 892000000,
        "otherExpenses": 0,
        "operatingExpenses": 892000000,
        "costAndExpenses": 2828000000,
        "interestIncome": 0,
        "interestExpense": 92000000,
        "depreciationAndAmortization": 148000000,
        "ebitda": -37000000,
        "ebitdaratio": -0.0138214419,
        "operatingIncome": -151000000,
        "operatingIncomeRatio": -0.0564064251,
        "totalOtherIncomeExpensesNet": -126000000,
        "incomeBeforeTax": -277000000,
        "incomeBeforeTaxRatio": -0.1034740381,
        "incomeTaxExpense": -25000000,
        "netIncome": -252000000,
        "netIncomeRatio": -0.094135226,
        "eps": -0.91,
        "epsdiluted": -0.91,
        "weightedAverageShsOut": 276000144,
        "weightedAverageShsOutDil": 276398000,
        "link": "https://www.sec.gov/Archives/edgar/data/701985/000070198519000049/0000701985-19-000049-index.htm",
        "finalLink": "https://www.sec.gov/Archives/edgar/data/701985/000070198519000049/ltd-201911210q.htm"
    },
    {
        "date": "2019-08-03",
        "symbol": "BBWI",
        "reportedCurrency": "USD",
        "cik": "0000701985",
        "fillingDate": "2019-09-06",
        "acceptedDate": "2019-09-06 16:38:44",
        "calendarYear": "2019",
        "period": "Q2",
        "revenue": 2902000000,
        "costOfRevenue": 1919000000,
        "grossProfit": 983000000,
        "grossProfitRatio": 0.338731909,
        "researchAndDevelopmentExpenses": 0,
        "generalAndAdministrativeExpenses": 808000000,
        "sellingAndMarketingExpenses": 0,
        "sellingGeneralAndAdministrativeExpenses": 808000000,
        "otherExpenses": 0,
        "operatingExpenses": 808000000,
        "costAndExpenses": 2727000000,
        "interestIncome": 0,
        "interestExpense": 95000000,
        "depreciationAndAmortization": 150000000,
        "ebitda": 287000000,
        "ebitdaratio": 0.0988973122,
        "operatingIncome": 175000000,
        "operatingIncomeRatio": 0.0603032391,
        "totalOtherIncomeExpensesNet": -133000000,
        "incomeBeforeTax": 42000000,
        "incomeBeforeTaxRatio": 0.0144727774,
        "incomeTaxExpense": 4000000,
        "netIncome": 38000000,
        "netIncomeRatio": 0.0130944176,
        "eps": 0.14,
        "epsdiluted": 0.14,
        "weightedAverageShsOut": 276000000,
        "weightedAverageShsOutDil": 278487000,
        "link": "https://www.sec.gov/Archives/edgar/data/701985/000070198519000039/0000701985-19-000039-index.htm",
        "finalLink": "https://www.sec.gov/Archives/edgar/data/701985/000070198519000039/ltd-20198310q.htm"
    },
    {
        "date": "2019-05-04",
        "symbol": "BBWI",
        "reportedCurrency": "USD",
        "cik": "0000701985",
        "fillingDate": "2019-06-04",
        "acceptedDate": "2019-06-04 17:14:56",
        "calendarYear": "2019",
        "period": "Q1",
        "revenue": 2629000000,
        "costOfRevenue": 1695000000,
        "grossProfit": 934000000,
        "grossProfitRatio": 0.3552681628,
        "researchAndDevelopmentExpenses": 0,
        "generalAndAdministrativeExpenses": 781000000,
        "sellingAndMarketingExpenses": 0,
        "sellingGeneralAndAdministrativeExpenses": 781000000,
        "otherExpenses": 0,
        "operatingExpenses": 781000000,
        "costAndExpenses": 2476000000,
        "interestIncome": 0,
        "interestExpense": 99000000,
        "depreciationAndAmortization": 145000000,
        "ebitda": 304000000,
        "ebitdaratio": 0.1156333207,
        "operatingIncome": 153000000,
        "operatingIncomeRatio": 0.0581970331,
        "totalOtherIncomeExpensesNet": -93000000,
        "incomeBeforeTax": 60000000,
        "incomeBeforeTaxRatio": 0.0228223659,
        "incomeTaxExpense": 20000000,
        "netIncome": 40000000,
        "netIncomeRatio": 0.0152149106,
        "eps": 0.14,
        "epsdiluted": 0.14,
        "weightedAverageShsOut": 276000000,
        "weightedAverageShsOutDil": 278165000,
        "link": "https://www.sec.gov/Archives/edgar/data/701985/000070198519000028/0000701985-19-000028-index.htm",
        "finalLink": "https://www.sec.gov/Archives/edgar/data/701985/000070198519000028/ltd-201954_10q.htm"
    },
    {
        "date": "2019-01-31",
        "symbol": "BBWI",
        "reportedCurrency": "USD",
        "cik": "0000701985",
        "fillingDate": "2019-03-22",
        "acceptedDate": "2019-03-22 16:33:35",
        "calendarYear": "2018",
        "period": "Q4",
        "revenue": 4852000000,
        "costOfRevenue": 2884000000,
        "grossProfit": 1968000000,
        "grossProfitRatio": 0.4056059357,
        "researchAndDevelopmentExpenses": 0,
        "generalAndAdministrativeExpenses": 1069000000,
        "sellingAndMarketingExpenses": 0,
        "sellingGeneralAndAdministrativeExpenses": 1069000000,
        "otherExpenses": 99000000,
        "operatingExpenses": 1168000000,
        "costAndExpenses": 4052000000,
        "interestIncome": 0,
        "interestExpense": 93000000,
        "depreciationAndAmortization": 146000000,
        "ebitda": 950000000,
        "ebitdaratio": 0.1957955482,
        "operatingIncome": 800000000,
        "operatingIncomeRatio": 0.1648804617,
        "totalOtherIncomeExpensesNet": -89000000,
        "incomeBeforeTax": 711000000,
        "incomeBeforeTaxRatio": 0.1465375103,
        "incomeTaxExpense": 171000000,
        "netIncome": 540000000,
        "netIncomeRatio": 0.1112943116,
        "eps": 1.96,
        "epsdiluted": 1.94,
        "weightedAverageShsOut": 276477000,
        "weightedAverageShsOutDil": 276477000,
        "link": "https://www.sec.gov/Archives/edgar/data/701985/000070198519000015/0000701985-19-000015-index.htm",
        "finalLink": "https://www.sec.gov/Archives/edgar/data/701985/000070198519000015/lb22201910k.htm"
    },
    {
        "date": "2018-11-03",
        "symbol": "BBWI",
        "reportedCurrency": "USD",
        "cik": "0000701985",
        "fillingDate": "2018-12-04",
        "acceptedDate": "2018-12-04 17:18:55",
        "calendarYear": "2018",
        "period": "Q3",
        "revenue": 2775000000,
        "costOfRevenue": 1847000000,
        "grossProfit": 928000000,
        "grossProfitRatio": 0.3344144144,
        "researchAndDevelopmentExpenses": 0,
        "generalAndAdministrativeExpenses": 874000000,
        "sellingAndMarketingExpenses": 0,
        "sellingGeneralAndAdministrativeExpenses": 874000000,
        "otherExpenses": 0,
        "operatingExpenses": 874000000,
        "costAndExpenses": 2721000000,
        "interestIncome": 0,
        "interestExpense": 96000000,
        "depreciationAndAmortization": 148000000,
        "ebitda": 203000000,
        "ebitdaratio": 0.0731531532,
        "operatingIncome": 54000000,
        "operatingIncomeRatio": 0.0194594595,
        "totalOtherIncomeExpensesNet": -95000000,
        "incomeBeforeTax": -41000000,
        "incomeBeforeTaxRatio": -0.0147747748,
        "incomeTaxExpense": 2000000,
        "netIncome": -43000000,
        "netIncomeRatio": -0.0154954955,
        "eps": -0.16,
        "epsdiluted": -0.16,
        "weightedAverageShsOut": 275000000,
        "weightedAverageShsOutDil": 275103000,
        "link": "https://www.sec.gov/Archives/edgar/data/701985/000070198518000061/0000701985-18-000061-index.htm",
        "finalLink": "https://www.sec.gov/Archives/edgar/data/701985/000070198518000061/ltd-2018113_10q.htm"
    },
    {
        "date": "2018-08-04",
        "symbol": "BBWI",
        "reportedCurrency": "USD",
        "cik": "0000701985",
        "fillingDate": "2018-09-07",
        "acceptedDate": "2018-09-07 09:14:06",
        "calendarYear": "2018",
        "period": "Q2",
        "revenue": 2984000000,
        "costOfRevenue": 1925000000,
        "grossProfit": 1059000000,
        "grossProfitRatio": 0.3548927614,
        "researchAndDevelopmentExpenses": 0,
        "generalAndAdministrativeExpenses": 831000000,
        "sellingAndMarketingExpenses": 0,
        "sellingGeneralAndAdministrativeExpenses": 831000000,
        "otherExpenses": 0,
        "operatingExpenses": 831000000,
        "costAndExpenses": 2756000000,
        "interestIncome": 0,
        "interestExpense": 98000000,
        "depreciationAndAmortization": 148000000,
        "ebitda": 375000000,
        "ebitdaratio": 0.1256702413,
        "operatingIncome": 228000000,
        "operatingIncomeRatio": 0.0764075067,
        "totalOtherIncomeExpensesNet": -99000000,
        "incomeBeforeTax": 129000000,
        "incomeBeforeTaxRatio": 0.043230563,
        "incomeTaxExpense": 30000000,
        "netIncome": 99000000,
        "netIncomeRatio": 0.0331769437,
        "eps": 0.36,
        "epsdiluted": 0.35,
        "weightedAverageShsOut": 275000000,
        "weightedAverageShsOutDil": 278723000,
        "link": "https://www.sec.gov/Archives/edgar/data/701985/000070198518000045/0000701985-18-000045-index.htm",
        "finalLink": "https://www.sec.gov/Archives/edgar/data/701985/000070198518000045/ltd-201884_10q.htm"
    },
    {
        "date": "2018-05-05",
        "symbol": "BBWI",
        "reportedCurrency": "USD",
        "cik": "0000701985",
        "fillingDate": "2018-06-07",
        "acceptedDate": "2018-06-07 16:34:53",
        "calendarYear": "2018",
        "period": "Q1",
        "revenue": 2626000000,
        "costOfRevenue": 1682000000,
        "grossProfit": 944000000,
        "grossProfitRatio": 0.3594821021,
        "researchAndDevelopmentExpenses": 0,
        "generalAndAdministrativeExpenses": 789000000,
        "sellingAndMarketingExpenses": 0,
        "sellingGeneralAndAdministrativeExpenses": 789000000,
        "otherExpenses": 0,
        "operatingExpenses": 789000000,
        "costAndExpenses": 2471000000,
        "interestIncome": 0,
        "interestExpense": 98000000,
        "depreciationAndAmortization": 148000000,
        "ebitda": 305000000,
        "ebitdaratio": 0.11614623,
        "operatingIncome": 155000000,
        "operatingIncomeRatio": 0.0590251333,
        "totalOtherIncomeExpensesNet": -96000000,
        "incomeBeforeTax": 59000000,
        "incomeBeforeTaxRatio": 0.0224676314,
        "incomeTaxExpense": 11000000,
        "netIncome": 48000000,
        "netIncomeRatio": 0.018278751,
        "eps": 0.17,
        "epsdiluted": 0.17,
        "weightedAverageShsOut": 278000000,
        "weightedAverageShsOutDil": 281587000,
        "link": "https://www.sec.gov/Archives/edgar/data/701985/000070198518000033/0000701985-18-000033-index.htm",
        "finalLink": "https://www.sec.gov/Archives/edgar/data/701985/000070198518000033/ltd-201855_10q.htm"
    },
    {
        "date": "2018-01-31",
        "symbol": "BBWI",
        "reportedCurrency": "USD",
        "cik": "0000701985",
        "fillingDate": "2018-03-23",
        "acceptedDate": "2018-03-23 16:50:42",
        "calendarYear": "2017",
        "period": "Q4",
        "revenue": 4823000000,
        "costOfRevenue": 2783000000,
        "grossProfit": 2040000000,
        "grossProfitRatio": 0.4229732532,
        "researchAndDevelopmentExpenses": 0,
        "generalAndAdministrativeExpenses": 1054000000,
        "sellingAndMarketingExpenses": 0,
        "sellingGeneralAndAdministrativeExpenses": 1054000000,
        "otherExpenses": 0,
        "operatingExpenses": 1054000000,
        "costAndExpenses": 3837000000,
        "interestIncome": 0,
        "interestExpense": 106000000,
        "depreciationAndAmortization": 145000000,
        "ebitda": 1093000000,
        "ebitdaratio": 0.2266224342,
        "operatingIncome": 986000000,
        "operatingIncomeRatio": 0.2044370724,
        "totalOtherIncomeExpensesNet": -144000000,
        "incomeBeforeTax": 842000000,
        "incomeBeforeTaxRatio": 0.1745801368,
        "incomeTaxExpense": 178000000,
        "netIncome": 664000000,
        "netIncomeRatio": 0.1376736471,
        "eps": 2.33,
        "epsdiluted": 2.33,
        "weightedAverageShsOut": 284546000,
        "weightedAverageShsOutDil": 285009442,
        "link": "https://www.sec.gov/Archives/edgar/data/701985/000070198518000018/0000701985-18-000018-index.htm",
        "finalLink": "https://www.sec.gov/Archives/edgar/data/701985/000070198518000018/lb23201810k.htm"
    },
    {
        "date": "2017-10-28",
        "symbol": "BBWI",
        "reportedCurrency": "USD",
        "cik": "0000701985",
        "fillingDate": "2017-12-01",
        "acceptedDate": "2017-12-01 16:51:13",
        "calendarYear": "2017",
        "period": "Q3",
        "revenue": 2618000000,
        "costOfRevenue": 1629000000,
        "grossProfit": 989000000,
        "grossProfitRatio": 0.3777692895,
        "researchAndDevelopmentExpenses": 0,
        "generalAndAdministrativeExpenses": 757000000,
        "sellingAndMarketingExpenses": 0,
        "sellingGeneralAndAdministrativeExpenses": 757000000,
        "otherExpenses": 0,
        "operatingExpenses": 757000000,
        "costAndExpenses": 2386000000,
        "interestIncome": 0,
        "interestExpense": 99000000,
        "depreciationAndAmortization": 144000000,
        "ebitda": 378000000,
        "ebitdaratio": 0.1443850267,
        "operatingIncome": 232000000,
        "operatingIncomeRatio": 0.0886172651,
        "totalOtherIncomeExpensesNet": -97000000,
        "incomeBeforeTax": 135000000,
        "incomeBeforeTaxRatio": 0.051566081,
        "incomeTaxExpense": 49000000,
        "netIncome": 86000000,
        "netIncomeRatio": 0.0328495034,
        "eps": 0.3,
        "epsdiluted": 0.3,
        "weightedAverageShsOut": 282000000,
        "weightedAverageShsOutDil": 285437000,
        "link": "https://www.sec.gov/Archives/edgar/data/701985/000070198517000067/0000701985-17-000067-index.htm",
        "finalLink": "https://www.sec.gov/Archives/edgar/data/701985/000070198517000067/ltd-20171028_10q.htm"
    },
    {
        "date": "2017-07-29",
        "symbol": "BBWI",
        "reportedCurrency": "USD",
        "cik": "0000701985",
        "fillingDate": "2017-09-01",
        "acceptedDate": "2017-09-01 16:34:56",
        "calendarYear": "2017",
        "period": "Q2",
        "revenue": 2755000000,
        "costOfRevenue": 1727000000,
        "grossProfit": 1028000000,
        "grossProfitRatio": 0.3731397459,
        "researchAndDevelopmentExpenses": 0,
        "generalAndAdministrativeExpenses": 727000000,
        "sellingAndMarketingExpenses": 0,
        "sellingGeneralAndAdministrativeExpenses": 727000000,
        "otherExpenses": 0,
        "operatingExpenses": 727000000,
        "costAndExpenses": 2454000000,
        "interestIncome": 0,
        "interestExpense": 101000000,
        "depreciationAndAmortization": 140000000,
        "ebitda": 458000000,
        "ebitdaratio": 0.1662431942,
        "operatingIncome": 301000000,
        "operatingIncomeRatio": 0.1092558984,
        "totalOtherIncomeExpensesNet": -84000000,
        "incomeBeforeTax": 217000000,
        "incomeBeforeTaxRatio": 0.0787658802,
        "incomeTaxExpense": 78000000,
        "netIncome": 139000000,
        "netIncomeRatio": 0.0504537205,
        "eps": 0.49,
        "epsdiluted": 0.48,
        "weightedAverageShsOut": 286000000,
        "weightedAverageShsOutDil": 288936000,
        "link": "https://www.sec.gov/Archives/edgar/data/701985/000070198517000052/0000701985-17-000052-index.htm",
        "finalLink": "https://www.sec.gov/Archives/edgar/data/701985/000070198517000052/ltd-2017729_10q.htm"
    },
    {
        "date": "2017-04-29",
        "symbol": "BBWI",
        "reportedCurrency": "USD",
        "cik": "0000701985",
        "fillingDate": "2017-06-02",
        "acceptedDate": "2017-06-02 16:42:05",
        "calendarYear": "2017",
        "period": "Q1",
        "revenue": 2437000000,
        "costOfRevenue": 1534000000,
        "grossProfit": 903000000,
        "grossProfitRatio": 0.3705375462,
        "researchAndDevelopmentExpenses": 0,
        "generalAndAdministrativeExpenses": 694000000,
        "sellingAndMarketingExpenses": 0,
        "sellingGeneralAndAdministrativeExpenses": 694000000,
        "otherExpenses": 0,
        "operatingExpenses": 694000000,
        "costAndExpenses": 2228000000,
        "interestIncome": 0,
        "interestExpense": 101000000,
        "depreciationAndAmortization": 142000000,
        "ebitda": 361000000,
        "ebitdaratio": 0.1481329503,
        "operatingIncome": 209000000,
        "operatingIncomeRatio": 0.0857611818,
        "totalOtherIncomeExpensesNet": -91000000,
        "incomeBeforeTax": 118000000,
        "incomeBeforeTaxRatio": 0.0484201888,
        "incomeTaxExpense": 24000000,
        "netIncome": 94000000,
        "netIncomeRatio": 0.0385720148,
        "eps": 0.33,
        "epsdiluted": 0.33,
        "weightedAverageShsOut": 286000000,
        "weightedAverageShsOutDil": 289327000,
        "link": "https://www.sec.gov/Archives/edgar/data/701985/000070198517000034/0000701985-17-000034-index.htm",
        "finalLink": "https://www.sec.gov/Archives/edgar/data/701985/000070198517000034/ltd-2017429_10q.htm"
    },
    {
        "date": "2017-01-31",
        "symbol": "BBWI",
        "reportedCurrency": "USD",
        "cik": "0000701985",
        "fillingDate": "2017-03-17",
        "acceptedDate": "2017-03-17 17:04:06",
        "calendarYear": "2016",
        "period": "Q4",
        "revenue": 4489000000,
        "costOfRevenue": 2545000000,
        "grossProfit": 1944000000,
        "grossProfitRatio": 0.4330585877,
        "researchAndDevelopmentExpenses": 0,
        "generalAndAdministrativeExpenses": 956000000,
        "sellingAndMarketingExpenses": 0,
        "sellingGeneralAndAdministrativeExpenses": 956000000,
        "otherExpenses": 0,
        "operatingExpenses": 956000000,
        "costAndExpenses": 3501000000,
        "interestIncome": 0,
        "interestExpense": 99000000,
        "depreciationAndAmortization": 140000000,
        "ebitda": 1128000000,
        "ebitdaratio": 0.2512809089,
        "operatingIncome": 988000000,
        "operatingIncomeRatio": 0.220093562,
        "totalOtherIncomeExpensesNet": -95000000,
        "incomeBeforeTax": 893000000,
        "incomeBeforeTaxRatio": 0.1989307195,
        "incomeTaxExpense": 261000000,
        "netIncome": 632000000,
        "netIncomeRatio": 0.1407885943,
        "eps": 2.21,
        "epsdiluted": 2.18,
        "weightedAverageShsOut": 286000000,
        "weightedAverageShsOutDil": 290231000,
        "link": "https://www.sec.gov/Archives/edgar/data/701985/000070198517000022/0000701985-17-000022-index.htm",
        "finalLink": "https://www.sec.gov/Archives/edgar/data/701985/000070198517000022/lb128201710k.htm"
    },
    {
        "date": "2016-10-29",
        "symbol": "BBWI",
        "reportedCurrency": "USD",
        "cik": "0000701985",
        "fillingDate": "2016-12-02",
        "acceptedDate": "2016-12-02 16:30:17",
        "calendarYear": "2016",
        "period": "Q3",
        "revenue": 2581000000,
        "costOfRevenue": 1556000000,
        "grossProfit": 1025000000,
        "grossProfitRatio": 0.3971328942,
        "researchAndDevelopmentExpenses": 0,
        "generalAndAdministrativeExpenses": 741000000,
        "sellingAndMarketingExpenses": 0,
        "sellingGeneralAndAdministrativeExpenses": 741000000,
        "otherExpenses": 0,
        "operatingExpenses": 741000000,
        "costAndExpenses": 2297000000,
        "interestIncome": 0,
        "interestExpense": 97000000,
        "depreciationAndAmortization": 133000000,
        "ebitda": 420000000,
        "ebitdaratio": 0.162727625,
        "operatingIncome": 284000000,
        "operatingIncomeRatio": 0.1100348702,
        "totalOtherIncomeExpensesNet": -94000000,
        "incomeBeforeTax": 190000000,
        "incomeBeforeTaxRatio": 0.073614878,
        "incomeTaxExpense": 68000000,
        "netIncome": 122000000,
        "netIncomeRatio": 0.0472685006,
        "eps": 0.43,
        "epsdiluted": 0.42,
        "weightedAverageShsOut": 286000000,
        "weightedAverageShsOutDil": 290265000,
        "link": "https://www.sec.gov/Archives/edgar/data/701985/000070198516000101/0000701985-16-000101-index.htm",
        "finalLink": "https://www.sec.gov/Archives/edgar/data/701985/000070198516000101/ltd-20161029_10q.htm"
    },
    {
        "date": "2016-07-30",
        "symbol": "BBWI",
        "reportedCurrency": "USD",
        "cik": "0000701985",
        "fillingDate": "2016-09-02",
        "acceptedDate": "2016-09-02 16:24:10",
        "calendarYear": "2016",
        "period": "Q2",
        "revenue": 2890000000,
        "costOfRevenue": 1777000000,
        "grossProfit": 1113000000,
        "grossProfitRatio": 0.3851211073,
        "researchAndDevelopmentExpenses": 0,
        "generalAndAdministrativeExpenses": 705000000,
        "sellingAndMarketingExpenses": 0,
        "sellingGeneralAndAdministrativeExpenses": 705000000,
        "otherExpenses": 0,
        "operatingExpenses": 705000000,
        "costAndExpenses": 2482000000,
        "interestIncome": 0,
        "interestExpense": 101000000,
        "depreciationAndAmortization": 124000000,
        "ebitda": 605000000,
        "ebitdaratio": 0.2093425606,
        "operatingIncome": 408000000,
        "operatingIncomeRatio": 0.1411764706,
        "totalOtherIncomeExpensesNet": -28000000,
        "incomeBeforeTax": 380000000,
        "incomeBeforeTaxRatio": 0.1314878893,
        "incomeTaxExpense": 128000000,
        "netIncome": 252000000,
        "netIncomeRatio": 0.0871972318,
        "eps": 0.88,
        "epsdiluted": 0.87,
        "weightedAverageShsOut": 286000000,
        "weightedAverageShsOutDil": 290986000,
        "link": "https://www.sec.gov/Archives/edgar/data/701985/000070198516000083/0000701985-16-000083-index.htm",
        "finalLink": "https://www.sec.gov/Archives/edgar/data/701985/000070198516000083/ltd-2016730_10q.htm"
    },
    {
        "date": "2016-04-30",
        "symbol": "BBWI",
        "reportedCurrency": "USD",
        "cik": "0000701985",
        "fillingDate": "2016-06-03",
        "acceptedDate": "2016-06-03 16:25:54",
        "calendarYear": "2016",
        "period": "Q1",
        "revenue": 2614000000,
        "costOfRevenue": 1571000000,
        "grossProfit": 1043000000,
        "grossProfitRatio": 0.3990053558,
        "researchAndDevelopmentExpenses": 0,
        "generalAndAdministrativeExpenses": 720000000,
        "sellingAndMarketingExpenses": 0,
        "sellingGeneralAndAdministrativeExpenses": 720000000,
        "otherExpenses": 0,
        "operatingExpenses": 720000000,
        "costAndExpenses": 2291000000,
        "interestIncome": 0,
        "interestExpense": 97000000,
        "depreciationAndAmortization": 121000000,
        "ebitda": 451000000,
        "ebitdaratio": 0.1725325172,
        "operatingIncome": 323000000,
        "operatingIncomeRatio": 0.123565417,
        "totalOtherIncomeExpensesNet": -90000000,
        "incomeBeforeTax": 233000000,
        "incomeBeforeTaxRatio": 0.0891354246,
        "incomeTaxExpense": 81000000,
        "netIncome": 152000000,
        "netIncomeRatio": 0.0581484315,
        "eps": 0.53,
        "epsdiluted": 0.52,
        "weightedAverageShsOut": 288000000,
        "weightedAverageShsOutDil": 292778000,
        "link": "https://www.sec.gov/Archives/edgar/data/701985/000070198516000069/0000701985-16-000069-index.htm",
        "finalLink": "https://www.sec.gov/Archives/edgar/data/701985/000070198516000069/ltd-2016430_10q.htm"
    },
    {
        "date": "2016-01-31",
        "symbol": "BBWI",
        "reportedCurrency": "USD",
        "cik": "0000701985",
        "fillingDate": "2016-03-18",
        "acceptedDate": "2016-03-18 17:08:02",
        "calendarYear": "2015",
        "period": "Q4",
        "revenue": 4395000000,
        "costOfRevenue": 2392000000,
        "grossProfit": 2003000000,
        "grossProfitRatio": 0.455745165,
        "researchAndDevelopmentExpenses": 0,
        "generalAndAdministrativeExpenses": 925000000,
        "sellingAndMarketingExpenses": 0,
        "sellingGeneralAndAdministrativeExpenses": 925000000,
        "otherExpenses": 0,
        "operatingExpenses": 925000000,
        "costAndExpenses": 3317000000,
        "interestIncome": 0,
        "interestExpense": 97000000,
        "depreciationAndAmortization": 122000000,
        "ebitda": 1200000000,
        "ebitdaratio": 0.2730375427,
        "operatingIncome": 1078000000,
        "operatingIncomeRatio": 0.2452787258,
        "totalOtherIncomeExpensesNet": -96000000,
        "incomeBeforeTax": 982000000,
        "incomeBeforeTaxRatio": 0.2234357224,
        "incomeTaxExpense": 346000000,
        "netIncome": 636000000,
        "netIncomeRatio": 0.1447098976,
        "eps": 2.19,
        "epsdiluted": 2.15,
        "weightedAverageShsOut": 290000000,
        "weightedAverageShsOutDil": 295174000,
        "link": "https://www.sec.gov/Archives/edgar/data/701985/000070198516000051/0000701985-16-000051-index.htm",
        "finalLink": "https://www.sec.gov/Archives/edgar/data/701985/000070198516000051/lb130201610k.htm"
    },
    {
        "date": "2015-10-31",
        "symbol": "BBWI",
        "reportedCurrency": "USD",
        "cik": "0000701985",
        "fillingDate": "2015-12-04",
        "acceptedDate": "2015-12-04 16:22:48",
        "calendarYear": "2015",
        "period": "Q3",
        "revenue": 2482000000,
        "costOfRevenue": 1451000000,
        "grossProfit": 1031000000,
        "grossProfitRatio": 0.4153908139,
        "researchAndDevelopmentExpenses": 0,
        "generalAndAdministrativeExpenses": 692000000,
        "sellingAndMarketingExpenses": 0,
        "sellingGeneralAndAdministrativeExpenses": 692000000,
        "otherExpenses": 0,
        "operatingExpenses": 692000000,
        "costAndExpenses": 2143000000,
        "interestIncome": 0,
        "interestExpense": 79000000,
        "depreciationAndAmortization": 111000000,
        "ebitda": 450000000,
        "ebitdaratio": 0.1813053989,
        "operatingIncome": 339000000,
        "operatingIncomeRatio": 0.1365834005,
        "totalOtherIncomeExpensesNet": -79000000,
        "incomeBeforeTax": 260000000,
        "incomeBeforeTaxRatio": 0.1047542305,
        "incomeTaxExpense": 96000000,
        "netIncome": 164000000,
        "netIncomeRatio": 0.0660757454,
        "eps": 0.56,
        "epsdiluted": 0.55,
        "weightedAverageShsOut": 291000000,
        "weightedAverageShsOutDil": 295923000,
        "link": "https://www.sec.gov/Archives/edgar/data/701985/000070198515000045/0000701985-15-000045-index.htm",
        "finalLink": "https://www.sec.gov/Archives/edgar/data/701985/000070198515000045/ltd-20151031_10q.htm"
    },
    {
        "date": "2015-08-01",
        "symbol": "BBWI",
        "reportedCurrency": "USD",
        "cik": "0000701985",
        "fillingDate": "2015-09-04",
        "acceptedDate": "2015-09-04 16:16:10",
        "calendarYear": "2015",
        "period": "Q2",
        "revenue": 2765000000,
        "costOfRevenue": 1651000000,
        "grossProfit": 1114000000,
        "grossProfitRatio": 0.4028933092,
        "researchAndDevelopmentExpenses": 0,
        "generalAndAdministrativeExpenses": 711000000,
        "sellingAndMarketingExpenses": 0,
        "sellingGeneralAndAdministrativeExpenses": 711000000,
        "otherExpenses": 0,
        "operatingExpenses": 711000000,
        "costAndExpenses": 2362000000,
        "interestIncome": 0,
        "interestExpense": 78000000,
        "depreciationAndAmortization": 113000000,
        "ebitda": 514000000,
        "ebitdaratio": 0.1858951175,
        "operatingIncome": 403000000,
        "operatingIncomeRatio": 0.1457504521,
        "totalOtherIncomeExpensesNet": -80000000,
        "incomeBeforeTax": 323000000,
        "incomeBeforeTaxRatio": 0.1168173599,
        "incomeTaxExpense": 121000000,
        "netIncome": 202000000,
        "netIncomeRatio": 0.0730560579,
        "eps": 0.69,
        "epsdiluted": 0.68,
        "weightedAverageShsOut": 291000000,
        "weightedAverageShsOutDil": 296913000,
        "link": "https://www.sec.gov/Archives/edgar/data/701985/000070198515000030/0000701985-15-000030-index.htm",
        "finalLink": "https://www.sec.gov/Archives/edgar/data/701985/000070198515000030/ltd-201581_10q.htm"
    },
    {
        "date": "2015-05-02",
        "symbol": "BBWI",
        "reportedCurrency": "USD",
        "cik": "0000701985",
        "fillingDate": "2015-06-05",
        "acceptedDate": "2015-06-05 16:19:54",
        "calendarYear": "2015",
        "period": "Q1",
        "revenue": 2512000000,
        "costOfRevenue": 1456000000,
        "grossProfit": 1056000000,
        "grossProfitRatio": 0.4203821656,
        "researchAndDevelopmentExpenses": 0,
        "generalAndAdministrativeExpenses": 684000000,
        "sellingAndMarketingExpenses": 0,
        "sellingGeneralAndAdministrativeExpenses": 684000000,
        "otherExpenses": 0,
        "operatingExpenses": 684000000,
        "costAndExpenses": 2140000000,
        "interestIncome": 0,
        "interestExpense": 80000000,
        "depreciationAndAmortization": 111000000,
        "ebitda": 560000000,
        "ebitdaratio": 0.2229299363,
        "operatingIncome": 372000000,
        "operatingIncomeRatio": 0.148089172,
        "totalOtherIncomeExpensesNet": -3000000,
        "incomeBeforeTax": 369000000,
        "incomeBeforeTaxRatio": 0.1468949045,
        "incomeTaxExpense": 119000000,
        "netIncome": 250000000,
        "netIncomeRatio": 0.099522293,
        "eps": 0.86,
        "epsdiluted": 0.84,
        "weightedAverageShsOut": 292000000,
        "weightedAverageShsOutDil": 299143000,
        "link": "https://www.sec.gov/Archives/edgar/data/701985/000070198515000014/0000701985-15-000014-index.htm",
        "finalLink": "https://www.sec.gov/Archives/edgar/data/701985/000070198515000014/ltd-201552_10q.htm"
    },
    {
        "date": "2015-01-31",
        "symbol": "BBWI",
        "reportedCurrency": "USD",
        "cik": "0000701985",
        "fillingDate": "2015-03-20",
        "acceptedDate": "2015-03-20 16:13:26",
        "calendarYear": "2014",
        "period": "Q4",
        "revenue": 4069000000,
        "costOfRevenue": 2234000000,
        "grossProfit": 1835000000,
        "grossProfitRatio": 0.4509707545,
        "researchAndDevelopmentExpenses": 0,
        "generalAndAdministrativeExpenses": 878000000,
        "sellingAndMarketingExpenses": 0,
        "sellingGeneralAndAdministrativeExpenses": 878000000,
        "otherExpenses": 0,
        "operatingExpenses": 878000000,
        "costAndExpenses": 3112000000,
        "interestIncome": 0,
        "interestExpense": 78000000,
        "depreciationAndAmortization": 111000000,
        "ebitda": 1068000000,
        "ebitdaratio": 0.2624723519,
        "operatingIncome": 957000000,
        "operatingIncomeRatio": 0.2351929221,
        "totalOtherIncomeExpensesNet": -77000000,
        "incomeBeforeTax": 880000000,
        "incomeBeforeTaxRatio": 0.2162693536,
        "incomeTaxExpense": 315000000,
        "netIncome": 565000000,
        "netIncomeRatio": 0.1388547555,
        "eps": 1.93,
        "epsdiluted": 1.89,
        "weightedAverageShsOut": 292000000,
        "weightedAverageShsOutDil": 299040000,
        "link": "https://www.sec.gov/Archives/edgar/data/701985/000070198515000006/0000701985-15-000006-index.htm",
        "finalLink": "https://www.sec.gov/Archives/edgar/data/701985/000070198515000006/lb131201510k.htm"
    },
    {
        "date": "2014-11-01",
        "symbol": "BBWI",
        "reportedCurrency": "USD",
        "cik": "0000701985",
        "fillingDate": "2014-12-05",
        "acceptedDate": "2014-12-05 16:50:25",
        "calendarYear": "2014",
        "period": "Q3",
        "revenue": 2319000000,
        "costOfRevenue": 1372000000,
        "grossProfit": 947000000,
        "grossProfitRatio": 0.4083656749,
        "researchAndDevelopmentExpenses": 0,
        "generalAndAdministrativeExpenses": 663000000,
        "sellingAndMarketingExpenses": 0,
        "sellingGeneralAndAdministrativeExpenses": 663000000,
        "otherExpenses": 0,
        "operatingExpenses": 663000000,
        "costAndExpenses": 2035000000,
        "interestIncome": 0,
        "interestExpense": 80000000,
        "depreciationAndAmortization": 108000000,
        "ebitda": 392000000,
        "ebitdaratio": 0.1690383786,
        "operatingIncome": 284000000,
        "operatingIncomeRatio": 0.1224665804,
        "totalOtherIncomeExpensesNet": -79000000,
        "incomeBeforeTax": 205000000,
        "incomeBeforeTaxRatio": 0.0884001725,
        "incomeTaxExpense": 73000000,
        "netIncome": 132000000,
        "netIncomeRatio": 0.0569210867,
        "eps": 0.45,
        "epsdiluted": 0.44,
        "weightedAverageShsOut": 293000000,
        "weightedAverageShsOutDil": 298134000,
        "link": "https://www.sec.gov/Archives/edgar/data/701985/000070198514000045/0000701985-14-000045-index.htm",
        "finalLink": "https://www.sec.gov/Archives/edgar/data/701985/000070198514000045/ltd-2014111_10q.htm"
    },
    {
        "date": "2014-08-02",
        "symbol": "BBWI",
        "reportedCurrency": "USD",
        "cik": "0000701985",
        "fillingDate": "2014-09-05",
        "acceptedDate": "2014-09-05 16:50:03",
        "calendarYear": "2014",
        "period": "Q2",
        "revenue": 2675000000,
        "costOfRevenue": 1631000000,
        "grossProfit": 1044000000,
        "grossProfitRatio": 0.3902803738,
        "researchAndDevelopmentExpenses": 0,
        "generalAndAdministrativeExpenses": 668000000,
        "sellingAndMarketingExpenses": 0,
        "sellingGeneralAndAdministrativeExpenses": 668000000,
        "otherExpenses": 0,
        "operatingExpenses": 668000000,
        "costAndExpenses": 2299000000,
        "interestIncome": 0,
        "interestExpense": 82000000,
        "depreciationAndAmortization": 109000000,
        "ebitda": 485000000,
        "ebitdaratio": 0.1813084112,
        "operatingIncome": 376000000,
        "operatingIncomeRatio": 0.1405607477,
        "totalOtherIncomeExpensesNet": -80000000,
        "incomeBeforeTax": 296000000,
        "incomeBeforeTaxRatio": 0.1106542056,
        "incomeTaxExpense": 108000000,
        "netIncome": 188000000,
        "netIncomeRatio": 0.0702803738,
        "eps": 0.63,
        "epsdiluted": 0.63,
        "weightedAverageShsOut": 297342000,
        "weightedAverageShsOutDil": 298979365,
        "link": "https://www.sec.gov/Archives/edgar/data/701985/000070198514000038/0000701985-14-000038-index.htm",
        "finalLink": "https://www.sec.gov/Archives/edgar/data/701985/000070198514000038/ltd-201482_10q.htm"
    },
    {
        "date": "2014-05-03",
        "symbol": "BBWI",
        "reportedCurrency": "USD",
        "cik": "0000701985",
        "fillingDate": "2014-06-06",
        "acceptedDate": "2014-06-06 16:20:56",
        "calendarYear": "2014",
        "period": "Q1",
        "revenue": 2391000000,
        "costOfRevenue": 1409000000,
        "grossProfit": 982000000,
        "grossProfitRatio": 0.4107068172,
        "researchAndDevelopmentExpenses": 0,
        "generalAndAdministrativeExpenses": 646000000,
        "sellingAndMarketingExpenses": 0,
        "sellingGeneralAndAdministrativeExpenses": 646000000,
        "otherExpenses": 0,
        "operatingExpenses": 646000000,
        "costAndExpenses": 2055000000,
        "interestIncome": 0,
        "interestExpense": 84000000,
        "depreciationAndAmortization": 110000000,
        "ebitda": 449000000,
        "ebitdaratio": 0.1877875366,
        "operatingIncome": 336000000,
        "operatingIncomeRatio": 0.1405269762,
        "totalOtherIncomeExpensesNet": -81000000,
        "incomeBeforeTax": 255000000,
        "incomeBeforeTaxRatio": 0.1066499373,
        "incomeTaxExpense": 98000000,
        "netIncome": 157000000,
        "netIncomeRatio": 0.0656629026,
        "eps": 0.53,
        "epsdiluted": 0.53,
        "weightedAverageShsOut": 296226415,
        "weightedAverageShsOutDil": 297300000,
        "link": "https://www.sec.gov/Archives/edgar/data/701985/000070198514000023/0000701985-14-000023-index.htm",
        "finalLink": "https://www.sec.gov/Archives/edgar/data/701985/000070198514000023/ltd-201453_10q.htm"
    },
    {
        "date": "2014-01-31",
        "symbol": "BBWI",
        "reportedCurrency": "USD",
        "cik": "0000701985",
        "fillingDate": "2014-03-21",
        "acceptedDate": "2014-03-21 16:56:40",
        "calendarYear": "2013",
        "period": "Q4",
        "revenue": 3818000000,
        "costOfRevenue": 2176000000,
        "grossProfit": 1642000000,
        "grossProfitRatio": 0.4300680985,
        "researchAndDevelopmentExpenses": 0,
        "generalAndAdministrativeExpenses": 779000000,
        "sellingAndMarketingExpenses": 0,
        "sellingGeneralAndAdministrativeExpenses": 779000000,
        "otherExpenses": 0,
        "operatingExpenses": 779000000,
        "costAndExpenses": 2955000000,
        "interestIncome": 0,
        "interestExpense": 82000000,
        "depreciationAndAmortization": 108000000,
        "ebitda": 977000000,
        "ebitdaratio": 0.2558931378,
        "operatingIncome": 863000000,
        "operatingIncomeRatio": 0.2260345731,
        "totalOtherIncomeExpensesNet": -76000000,
        "incomeBeforeTax": 787000000,
        "incomeBeforeTaxRatio": 0.2061288633,
        "incomeTaxExpense": 297000000,
        "netIncome": 490000000,
        "netIncomeRatio": 0.1283394447,
        "eps": 1.65,
        "epsdiluted": 1.65,
        "weightedAverageShsOut": 297018000,
        "weightedAverageShsOutDil": 297018000,
        "link": "https://www.sec.gov/Archives/edgar/data/701985/000070198514000013/0000701985-14-000013-index.htm",
        "finalLink": "https://www.sec.gov/Archives/edgar/data/701985/000070198514000013/lb21201410k.htm"
    },
    {
        "date": "2013-11-02",
        "symbol": "BBWI",
        "reportedCurrency": "USD",
        "cik": "0000701985",
        "fillingDate": "2013-12-06",
        "acceptedDate": "2013-12-06 16:00:54",
        "calendarYear": "2013",
        "period": "Q3",
        "revenue": 2171000000,
        "costOfRevenue": 1314000000,
        "grossProfit": 857000000,
        "grossProfitRatio": 0.3947489636,
        "researchAndDevelopmentExpenses": 0,
        "generalAndAdministrativeExpenses": 646000000,
        "sellingAndMarketingExpenses": 0,
        "sellingGeneralAndAdministrativeExpenses": 646000000,
        "otherExpenses": 0,
        "operatingExpenses": 646000000,
        "costAndExpenses": 1960000000,
        "interestIncome": 0,
        "interestExpense": 76000000,
        "depreciationAndAmortization": 97000000,
        "ebitda": 315000000,
        "ebitdaratio": 0.1450944265,
        "operatingIncome": 211000000,
        "operatingIncomeRatio": 0.0971902349,
        "totalOtherIncomeExpensesNet": -69000000,
        "incomeBeforeTax": 142000000,
        "incomeBeforeTaxRatio": 0.0654076462,
        "incomeTaxExpense": 50000000,
        "netIncome": 92000000,
        "netIncomeRatio": 0.0423767849,
        "eps": 0.31,
        "epsdiluted": 0.31,
        "weightedAverageShsOut": 296544000,
        "weightedAverageShsOutDil": 296722581,
        "link": "https://www.sec.gov/Archives/edgar/data/701985/000070198513000043/0000701985-13-000043-index.htm",
        "finalLink": "https://www.sec.gov/Archives/edgar/data/701985/000070198513000043/ltd-2013112_10q.htm"
    },
    {
        "date": "2013-08-03",
        "symbol": "BBWI",
        "reportedCurrency": "USD",
        "cik": "0000701985",
        "fillingDate": "2013-09-06",
        "acceptedDate": "2013-09-06 16:05:30",
        "calendarYear": "2013",
        "period": "Q2",
        "revenue": 2516000000,
        "costOfRevenue": 1527000000,
        "grossProfit": 989000000,
        "grossProfitRatio": 0.3930842607,
        "researchAndDevelopmentExpenses": 0,
        "generalAndAdministrativeExpenses": 631000000,
        "sellingAndMarketingExpenses": 0,
        "sellingGeneralAndAdministrativeExpenses": 631000000,
        "otherExpenses": 0,
        "operatingExpenses": 631000000,
        "costAndExpenses": 2158000000,
        "interestIncome": 0,
        "interestExpense": 77000000,
        "depreciationAndAmortization": 102000000,
        "ebitda": 461000000,
        "ebitdaratio": 0.183227345,
        "operatingIncome": 358000000,
        "operatingIncomeRatio": 0.1422893482,
        "totalOtherIncomeExpensesNet": -76000000,
        "incomeBeforeTax": 282000000,
        "incomeBeforeTaxRatio": 0.1120826709,
        "incomeTaxExpense": 104000000,
        "netIncome": 178000000,
        "netIncomeRatio": 0.0707472178,
        "eps": 0.61,
        "epsdiluted": 0.61,
        "weightedAverageShsOut": 291803278,
        "weightedAverageShsOutDil": 295473000,
        "link": "https://www.sec.gov/Archives/edgar/data/701985/000070198513000032/0000701985-13-000032-index.htm",
        "finalLink": "https://www.sec.gov/Archives/edgar/data/701985/000070198513000032/ltd-201383_10q.htm"
    },
    {
        "date": "2013-05-04",
        "symbol": "BBWI",
        "reportedCurrency": "USD",
        "cik": "0000701985",
        "fillingDate": "2013-06-07",
        "acceptedDate": "2013-06-07 16:08:36",
        "calendarYear": "2013",
        "period": "Q1",
        "revenue": 2268000000,
        "costOfRevenue": 1327000000,
        "grossProfit": 941000000,
        "grossProfitRatio": 0.4149029982,
        "researchAndDevelopmentExpenses": 0,
        "generalAndAdministrativeExpenses": 630000000,
        "sellingAndMarketingExpenses": 0,
        "sellingGeneralAndAdministrativeExpenses": 630000000,
        "otherExpenses": 0,
        "operatingExpenses": 630000000,
        "costAndExpenses": 1957000000,
        "interestIncome": 0,
        "interestExpense": 79000000,
        "depreciationAndAmortization": 100000000,
        "ebitda": 414000000,
        "ebitdaratio": 0.1825396825,
        "operatingIncome": 311000000,
        "operatingIncomeRatio": 0.1371252205,
        "totalOtherIncomeExpensesNet": -76000000,
        "incomeBeforeTax": 235000000,
        "incomeBeforeTaxRatio": 0.1036155203,
        "incomeTaxExpense": 92000000,
        "netIncome": 143000000,
        "netIncomeRatio": 0.0630511464,
        "eps": 0.48,
        "epsdiluted": 0.48,
        "weightedAverageShsOut": 295185000,
        "weightedAverageShsOutDil": 296881250,
        "link": "https://www.sec.gov/Archives/edgar/data/701985/000070198513000023/0000701985-13-000023-index.htm",
        "finalLink": "https://www.sec.gov/Archives/edgar/data/701985/000070198513000023/ltd-201354_10q.htm"
    },
    {
        "date": "2013-01-31",
        "symbol": "BBWI",
        "reportedCurrency": "USD",
        "cik": "0000701985",
        "fillingDate": "2013-03-22",
        "acceptedDate": "2013-03-22 08:31:24",
        "calendarYear": "2012",
        "period": "Q4",
        "revenue": 3856000000,
        "costOfRevenue": 2139000000,
        "grossProfit": 1717000000,
        "grossProfitRatio": 0.445280083,
        "researchAndDevelopmentExpenses": 0,
        "generalAndAdministrativeExpenses": 835327000,
        "sellingAndMarketingExpenses": 0,
        "sellingGeneralAndAdministrativeExpenses": 836000000,
        "otherExpenses": 93000000,
        "operatingExpenses": 929000000,
        "costAndExpenses": 3068000000,
        "interestIncome": 0,
        "interestExpense": 82000000,
        "depreciationAndAmortization": 102000000,
        "ebitda": 895000000,
        "ebitdaratio": 0.2321058091,
        "operatingIncome": 788000000,
        "operatingIncomeRatio": 0.2043568465,
        "totalOtherIncomeExpensesNet": -77000000,
        "incomeBeforeTax": 711000000,
        "incomeBeforeTaxRatio": 0.1843879668,
        "incomeTaxExpense": 300000000,
        "netIncome": 411000000,
        "netIncomeRatio": 0.1065871369,
        "eps": 1.39,
        "epsdiluted": 1.39,
        "weightedAverageShsOut": 295423000,
        "weightedAverageShsOutDil": 295968345,
        "link": "https://www.sec.gov/Archives/edgar/data/701985/000070198513000012/0000701985-13-000012-index.htm",
        "finalLink": "https://www.sec.gov/Archives/edgar/data/701985/000070198513000012/ltd22201310k.htm"
    },
    {
        "date": "2012-10-27",
        "symbol": "BBWI",
        "reportedCurrency": "USD",
        "cik": "0000701985",
        "fillingDate": "2012-11-30",
        "acceptedDate": "2012-11-30 16:05:35",
        "calendarYear": "2012",
        "period": "Q3",
        "revenue": 2050000000,
        "costOfRevenue": 1225000000,
        "grossProfit": 825000000,
        "grossProfitRatio": 0.4024390244,
        "researchAndDevelopmentExpenses": 0,
        "generalAndAdministrativeExpenses": 638000000,
        "sellingAndMarketingExpenses": 0,
        "sellingGeneralAndAdministrativeExpenses": 638000000,
        "otherExpenses": 0,
        "operatingExpenses": 638000000,
        "costAndExpenses": 1863000000,
        "interestIncome": 0,
        "interestExpense": 77000000,
        "depreciationAndAmortization": 96000000,
        "ebitda": 301000000,
        "ebitdaratio": 0.1468292683,
        "operatingIncome": 187000000,
        "operatingIncomeRatio": 0.0912195122,
        "totalOtherIncomeExpensesNet": -59000000,
        "incomeBeforeTax": 128000000,
        "incomeBeforeTaxRatio": 0.0624390244,
        "incomeTaxExpense": 54000000,
        "netIncome": 74000000,
        "netIncomeRatio": 0.036097561,
        "eps": 0.25,
        "epsdiluted": 0.25,
        "weightedAverageShsOut": 288000000,
        "weightedAverageShsOutDil": 294386000,
        "link": "https://www.sec.gov/Archives/edgar/data/701985/000070198512000042/0000701985-12-000042-index.htm",
        "finalLink": "https://www.sec.gov/Archives/edgar/data/701985/000070198512000042/ltd-20121027_10q.htm"
    },
    {
        "date": "2012-07-28",
        "symbol": "BBWI",
        "reportedCurrency": "USD",
        "cik": "0000701985",
        "fillingDate": "2012-08-31",
        "acceptedDate": "2012-08-30 17:41:15",
        "calendarYear": "2012",
        "period": "Q2",
        "revenue": 2399000000,
        "costOfRevenue": 1457000000,
        "grossProfit": 942000000,
        "grossProfitRatio": 0.3926636098,
        "researchAndDevelopmentExpenses": 0,
        "generalAndAdministrativeExpenses": 637000000,
        "sellingAndMarketingExpenses": 0,
        "sellingGeneralAndAdministrativeExpenses": 637000000,
        "otherExpenses": 0,
        "operatingExpenses": 637000000,
        "costAndExpenses": 2094000000,
        "interestIncome": 0,
        "interestExpense": 79000000,
        "depreciationAndAmortization": 96000000,
        "ebitda": 404000000,
        "ebitdaratio": 0.1684035015,
        "operatingIncome": 305000000,
        "operatingIncomeRatio": 0.1271363068,
        "totalOtherIncomeExpensesNet": -76000000,
        "incomeBeforeTax": 229000000,
        "incomeBeforeTaxRatio": 0.0954564402,
        "incomeTaxExpense": 86000000,
        "netIncome": 143000000,
        "netIncomeRatio": 0.0596081701,
        "eps": 0.5,
        "epsdiluted": 0.49,
        "weightedAverageShsOut": 288000000,
        "weightedAverageShsOutDil": 296030000,
        "link": "https://www.sec.gov/Archives/edgar/data/701985/000070198512000035/0000701985-12-000035-index.htm",
        "finalLink": "https://www.sec.gov/Archives/edgar/data/701985/000070198512000035/ltd-2012728_10q.htm"
    },
    {
        "date": "2012-04-28",
        "symbol": "BBWI",
        "reportedCurrency": "USD",
        "cik": "0000701985",
        "fillingDate": "2012-06-01",
        "acceptedDate": "2012-06-01 16:05:48",
        "calendarYear": "2012",
        "period": "Q1",
        "revenue": 2154000000,
        "costOfRevenue": 1252000000,
        "grossProfit": 902000000,
        "grossProfitRatio": 0.4187558032,
        "researchAndDevelopmentExpenses": 0,
        "generalAndAdministrativeExpenses": 609000000,
        "sellingAndMarketingExpenses": 0,
        "sellingGeneralAndAdministrativeExpenses": 609000000,
        "otherExpenses": 0,
        "operatingExpenses": 609000000,
        "costAndExpenses": 1861000000,
        "interestIncome": 0,
        "interestExpense": 78000000,
        "depreciationAndAmortization": 95000000,
        "ebitda": 386000000,
        "ebitdaratio": 0.1792014856,
        "operatingIncome": 293000000,
        "operatingIncomeRatio": 0.1360259981,
        "totalOtherIncomeExpensesNet": -80000000,
        "incomeBeforeTax": 213000000,
        "incomeBeforeTaxRatio": 0.0988857939,
        "incomeTaxExpense": 88000000,
        "netIncome": 125000000,
        "netIncomeRatio": 0.0580315692,
        "eps": 0.43,
        "epsdiluted": 0.41,
        "weightedAverageShsOut": 292000000,
        "weightedAverageShsOutDil": 301238000,
        "link": "https://www.sec.gov/Archives/edgar/data/701985/000070198512000027/0000701985-12-000027-index.htm",
        "finalLink": "https://www.sec.gov/Archives/edgar/data/701985/000070198512000027/ltd-2012428_10q.htm"
    },
    {
        "date": "2012-01-31",
        "symbol": "BBWI",
        "reportedCurrency": "USD",
        "cik": "0000701985",
        "fillingDate": "2012-03-23",
        "acceptedDate": "2012-03-23 16:22:49",
        "calendarYear": "2011",
        "period": "Q4",
        "revenue": 3515000000,
        "costOfRevenue": 1988000000,
        "grossProfit": 1527000000,
        "grossProfitRatio": 0.4344238976,
        "researchAndDevelopmentExpenses": 0,
        "generalAndAdministrativeExpenses": 0,
        "sellingAndMarketingExpenses": 0,
        "sellingGeneralAndAdministrativeExpenses": 765000000,
        "otherExpenses": 121000000,
        "operatingExpenses": 886000000,
        "costAndExpenses": 2874000000,
        "interestIncome": 0,
        "interestExpense": 63000000,
        "depreciationAndAmortization": 101000000,
        "ebitda": 744000000,
        "ebitdaratio": 0.2116642959,
        "operatingIncome": 641000000,
        "operatingIncomeRatio": 0.1823613087,
        "totalOtherIncomeExpensesNet": -61000000,
        "incomeBeforeTax": 580000000,
        "incomeBeforeTaxRatio": 0.1650071124,
        "incomeTaxExpense": 221000000,
        "netIncome": 359000000,
        "netIncomeRatio": 0.1021337127,
        "eps": 1.2,
        "epsdiluted": 1.15,
        "weightedAverageShsOut": 295000000,
        "weightedAverageShsOutDil": 305000000,
        "link": "https://www.sec.gov/Archives/edgar/data/701985/000070198512000021/0000701985-12-000021-index.htm",
        "finalLink": "https://www.sec.gov/Archives/edgar/data/701985/000070198512000021/ltd128201210k.htm"
    },
    {
        "date": "2011-10-29",
        "symbol": "BBWI",
        "reportedCurrency": "USD",
        "cik": "0000701985",
        "fillingDate": "2011-12-02",
        "acceptedDate": "2011-12-02 16:31:10",
        "calendarYear": "2011",
        "period": "Q3",
        "revenue": 2174000000,
        "costOfRevenue": 1389000000,
        "grossProfit": 785000000,
        "grossProfitRatio": 0.3610855566,
        "researchAndDevelopmentExpenses": 0,
        "generalAndAdministrativeExpenses": 599000000,
        "sellingAndMarketingExpenses": 0,
        "sellingGeneralAndAdministrativeExpenses": 599000000,
        "otherExpenses": 0,
        "operatingExpenses": 599000000,
        "costAndExpenses": 1988000000,
        "interestIncome": 0,
        "interestExpense": 64000000,
        "depreciationAndAmortization": 94000000,
        "ebitda": 280000000,
        "ebitdaratio": 0.1287948482,
        "operatingIncome": 186000000,
        "operatingIncomeRatio": 0.0855565777,
        "totalOtherIncomeExpensesNet": -64000000,
        "incomeBeforeTax": 122000000,
        "incomeBeforeTaxRatio": 0.0561177553,
        "incomeTaxExpense": 28000000,
        "netIncome": 94000000,
        "netIncomeRatio": 0.0432382705,
        "eps": 0.32,
        "epsdiluted": 0.31,
        "weightedAverageShsOut": 297000000,
        "weightedAverageShsOutDil": 307928000,
        "link": "https://www.sec.gov/Archives/edgar/data/701985/000144530511003514/0001445305-11-003514-index.htm",
        "finalLink": "https://www.sec.gov/Archives/edgar/data/701985/000144530511003514/ltd-20111029_10q.htm"
    },
    {
        "date": "2011-07-30",
        "symbol": "BBWI",
        "reportedCurrency": "USD",
        "cik": "0000701985",
        "fillingDate": "2011-08-31",
        "acceptedDate": "2011-08-31 16:00:44",
        "calendarYear": "2011",
        "period": "Q2",
        "revenue": 2458000000,
        "costOfRevenue": 1556000000,
        "grossProfit": 902000000,
        "grossProfitRatio": 0.3669650122,
        "researchAndDevelopmentExpenses": 0,
        "generalAndAdministrativeExpenses": 708000000,
        "sellingAndMarketingExpenses": 0,
        "sellingGeneralAndAdministrativeExpenses": 708000000,
        "otherExpenses": 0,
        "operatingExpenses": 708000000,
        "costAndExpenses": 2264000000,
        "interestIncome": 0,
        "interestExpense": 64000000,
        "depreciationAndAmortization": 98000000,
        "ebitda": 438000000,
        "ebitdaratio": 0.1781936534,
        "operatingIncome": 194000000,
        "operatingIncomeRatio": 0.0789259561,
        "totalOtherIncomeExpensesNet": 82000000,
        "incomeBeforeTax": 276000000,
        "incomeBeforeTaxRatio": 0.1122864117,
        "incomeTaxExpense": 45000000,
        "netIncome": 231000000,
        "netIncomeRatio": 0.0939788446,
        "eps": 0.77,
        "epsdiluted": 0.73,
        "weightedAverageShsOut": 301000000,
        "weightedAverageShsOutDil": 314800000,
        "link": "https://www.sec.gov/Archives/edgar/data/701985/000119312511237936/0001193125-11-237936-index.htm",
        "finalLink": "https://www.sec.gov/Archives/edgar/data/701985/000119312511237936/d10q.htm"
    },
    {
        "date": "2011-04-30",
        "symbol": "BBWI",
        "reportedCurrency": "USD",
        "cik": "0000701985",
        "fillingDate": "2011-06-03",
        "acceptedDate": "2011-06-03 16:09:02",
        "calendarYear": "2011",
        "period": "Q1",
        "revenue": 2217000000,
        "costOfRevenue": 1375000000,
        "grossProfit": 842000000,
        "grossProfitRatio": 0.3797925124,
        "researchAndDevelopmentExpenses": 0,
        "generalAndAdministrativeExpenses": 625000000,
        "sellingAndMarketingExpenses": 0,
        "sellingGeneralAndAdministrativeExpenses": 625000000,
        "otherExpenses": 0,
        "operatingExpenses": 625000000,
        "costAndExpenses": 2000000000,
        "interestIncome": 443000,
        "interestExpense": 55000000,
        "depreciationAndAmortization": 98000000,
        "ebitda": 402000000,
        "ebitdaratio": 0.1813261164,
        "operatingIncome": 217000000,
        "operatingIncomeRatio": 0.097880018,
        "totalOtherIncomeExpensesNet": 32000000,
        "incomeBeforeTax": 249000000,
        "incomeBeforeTaxRatio": 0.1123139378,
        "incomeTaxExpense": 84000000,
        "netIncome": 165000000,
        "netIncomeRatio": 0.0744248985,
        "eps": 0.54,
        "epsdiluted": 0.5,
        "weightedAverageShsOut": 308000000,
        "weightedAverageShsOutDil": 328472000,
        "link": "https://www.sec.gov/Archives/edgar/data/701985/000119312511158436/0001193125-11-158436-index.htm",
        "finalLink": "https://www.sec.gov/Archives/edgar/data/701985/000119312511158436/d10q.htm"
    },
    {
        "date": "2011-01-31",
        "symbol": "BBWI",
        "reportedCurrency": "USD",
        "cik": "0000701985",
        "fillingDate": "2011-03-18",
        "acceptedDate": "2011-03-18 16:09:12",
        "calendarYear": "2010",
        "period": "Q4",
        "revenue": 3456000000,
        "costOfRevenue": 2011000000,
        "grossProfit": 1445000000,
        "grossProfitRatio": 0.4181134259,
        "researchAndDevelopmentExpenses": 0,
        "generalAndAdministrativeExpenses": 0,
        "sellingAndMarketingExpenses": 0,
        "sellingGeneralAndAdministrativeExpenses": 725000000,
        "otherExpenses": 0,
        "operatingExpenses": 725000000,
        "costAndExpenses": 2736000000,
        "interestIncome": 0,
        "interestExpense": 48000000,
        "depreciationAndAmortization": 103000000,
        "ebitda": 870000000,
        "ebitdaratio": 0.2517361111,
        "operatingIncome": 714000000,
        "operatingIncomeRatio": 0.2065972222,
        "totalOtherIncomeExpensesNet": 5000000,
        "incomeBeforeTax": 719000000,
        "incomeBeforeTaxRatio": 0.2080439815,
        "incomeTaxExpense": 266000000,
        "netIncome": 453000000,
        "netIncomeRatio": 0.1310763889,
        "eps": 1.4,
        "epsdiluted": 1.36,
        "weightedAverageShsOut": 320000000,
        "weightedAverageShsOutDil": 333000000,
        "link": "https://www.sec.gov/Archives/edgar/data/701985/000119312511071220/0001193125-11-071220-index.htm",
        "finalLink": "https://www.sec.gov/Archives/edgar/data/701985/000119312511071220/d10k.htm"
    },
    {
        "date": "2010-10-30",
        "symbol": "BBWI",
        "reportedCurrency": "USD",
        "cik": "0000701985",
        "fillingDate": "2010-12-03",
        "acceptedDate": "2010-12-03 16:07:26",
        "calendarYear": "2010",
        "period": "Q3",
        "revenue": 1983000000,
        "costOfRevenue": 1269000000,
        "grossProfit": 714000000,
        "grossProfitRatio": 0.3600605144,
        "researchAndDevelopmentExpenses": 0,
        "generalAndAdministrativeExpenses": 0,
        "sellingAndMarketingExpenses": 0,
        "sellingGeneralAndAdministrativeExpenses": 565000000,
        "otherExpenses": 0,
        "operatingExpenses": 565000000,
        "costAndExpenses": 1834000000,
        "interestIncome": 0,
        "interestExpense": 48000000,
        "depreciationAndAmortization": 97000000,
        "ebitda": 246000000,
        "ebitdaratio": 0.1240544629,
        "operatingIncome": 149000000,
        "operatingIncomeRatio": 0.0751386788,
        "totalOtherIncomeExpensesNet": -48000000,
        "incomeBeforeTax": 101000000,
        "incomeBeforeTaxRatio": 0.0509329299,
        "incomeTaxExpense": 40000000,
        "netIncome": 61000000,
        "netIncomeRatio": 0.0307614725,
        "eps": 0.19,
        "epsdiluted": 0.18,
        "weightedAverageShsOut": 321000000,
        "weightedAverageShsOutDil": 331981000,
        "link": "https://www.sec.gov/Archives/edgar/data/701985/000119312510273759/0001193125-10-273759-index.htm",
        "finalLink": "https://www.sec.gov/Archives/edgar/data/701985/000119312510273759/d10q.htm"
    },
    {
        "date": "2010-07-31",
        "symbol": "BBWI",
        "reportedCurrency": "USD",
        "cik": "0000701985",
        "fillingDate": "2010-09-07",
        "acceptedDate": "2010-09-07 16:03:52",
        "calendarYear": "2010",
        "period": "Q2",
        "revenue": 2242000000,
        "costOfRevenue": 1464000000,
        "grossProfit": 778000000,
        "grossProfitRatio": 0.3470115968,
        "researchAndDevelopmentExpenses": 0,
        "generalAndAdministrativeExpenses": 542000000,
        "sellingAndMarketingExpenses": 0,
        "sellingGeneralAndAdministrativeExpenses": 542000000,
        "otherExpenses": 0,
        "operatingExpenses": 542000000,
        "costAndExpenses": 2006000000,
        "interestIncome": 0,
        "interestExpense": 51000000,
        "depreciationAndAmortization": 97000000,
        "ebitda": 392000000,
        "ebitdaratio": 0.1748438894,
        "operatingIncome": 236000000,
        "operatingIncomeRatio": 0.1052631579,
        "totalOtherIncomeExpensesNet": 8000000,
        "incomeBeforeTax": 244000000,
        "incomeBeforeTaxRatio": 0.1088314005,
        "incomeTaxExpense": 66000000,
        "netIncome": 178000000,
        "netIncomeRatio": 0.0793933988,
        "eps": 0.55,
        "epsdiluted": 0.54,
        "weightedAverageShsOut": 323000000,
        "weightedAverageShsOutDil": 333742000,
        "link": "https://www.sec.gov/Archives/edgar/data/701985/000119312510205694/0001193125-10-205694-index.htm",
        "finalLink": "https://www.sec.gov/Archives/edgar/data/701985/000119312510205694/d10q.htm"
    },
    {
        "date": "2010-05-01",
        "symbol": "BBWI",
        "reportedCurrency": "USD",
        "cik": "0000701985",
        "fillingDate": "2010-06-03",
        "acceptedDate": "2010-06-03 16:05:46",
        "calendarYear": "2010",
        "period": "Q1",
        "revenue": 1932000000,
        "costOfRevenue": 1238000000,
        "grossProfit": 694000000,
        "grossProfitRatio": 0.3592132505,
        "researchAndDevelopmentExpenses": 0,
        "generalAndAdministrativeExpenses": 509000000,
        "sellingAndMarketingExpenses": 0,
        "sellingGeneralAndAdministrativeExpenses": 509000000,
        "otherExpenses": 0,
        "operatingExpenses": 509000000,
        "costAndExpenses": 1747000000,
        "interestIncome": 1000000,
        "interestExpense": 61000000,
        "depreciationAndAmortization": 97000000,
        "ebitda": 345000000,
        "ebitdaratio": 0.1785714286,
        "operatingIncome": 185000000,
        "operatingIncomeRatio": 0.0957556936,
        "totalOtherIncomeExpensesNet": 2000000,
        "incomeBeforeTax": 187000000,
        "incomeBeforeTaxRatio": 0.0967908903,
        "incomeTaxExpense": 74000000,
        "netIncome": 113000000,
        "netIncomeRatio": 0.0584886128,
        "eps": 0.35,
        "epsdiluted": 0.34,
        "weightedAverageShsOut": 325000000,
        "weightedAverageShsOutDil": 332898000,
        "link": "https://www.sec.gov/Archives/edgar/data/701985/000119312510132137/0001193125-10-132137-index.htm",
        "finalLink": "https://www.sec.gov/Archives/edgar/data/701985/000119312510132137/d10q.htm"
    },
    {
        "date": "2010-01-31",
        "symbol": "BBWI",
        "reportedCurrency": "USD",
        "cik": "0000701985",
        "fillingDate": "2010-03-26",
        "acceptedDate": "2010-03-26 16:06:05",
        "calendarYear": "2009",
        "period": "Q4",
        "revenue": 3063000000,
        "costOfRevenue": 1814000000,
        "grossProfit": 1249000000,
        "grossProfitRatio": 0.40777016,
        "researchAndDevelopmentExpenses": 0,
        "generalAndAdministrativeExpenses": 0,
        "sellingAndMarketingExpenses": 0,
        "sellingGeneralAndAdministrativeExpenses": 660000000,
        "otherExpenses": 0,
        "operatingExpenses": 660000000,
        "costAndExpenses": 2474000000,
        "interestIncome": 0,
        "interestExpense": 61000000,
        "depreciationAndAmortization": 105000000,
        "ebitda": 702000000,
        "ebitdaratio": 0.2291870715,
        "operatingIncome": 586000000,
        "operatingIncomeRatio": 0.1913157036,
        "totalOtherIncomeExpensesNet": -50000000,
        "incomeBeforeTax": 536000000,
        "incomeBeforeTaxRatio": 0.1749918381,
        "incomeTaxExpense": 180000000,
        "netIncome": 356000000,
        "netIncomeRatio": 0.1162259223,
        "eps": 1.1,
        "epsdiluted": 1.09,
        "weightedAverageShsOut": 322000000,
        "weightedAverageShsOutDil": 330000000,
        "link": "https://www.sec.gov/Archives/edgar/data/701985/000119312510068571/0001193125-10-068571-index.htm",
        "finalLink": "https://www.sec.gov/Archives/edgar/data/701985/000119312510068571/d10k.htm"
    },
    {
        "date": "2009-10-31",
        "symbol": "BBWI",
        "reportedCurrency": "USD",
        "cik": "0000701985",
        "fillingDate": "2009-12-04",
        "acceptedDate": "2009-12-04 16:04:38",
        "calendarYear": "2009",
        "period": "Q3",
        "revenue": 1777000000,
        "costOfRevenue": 1214000000,
        "grossProfit": 563000000,
        "grossProfitRatio": 0.3168261114,
        "researchAndDevelopmentExpenses": 0,
        "generalAndAdministrativeExpenses": 504000000,
        "sellingAndMarketingExpenses": 0,
        "sellingGeneralAndAdministrativeExpenses": 504000000,
        "otherExpenses": 0,
        "operatingExpenses": 504000000,
        "costAndExpenses": 1718000000,
        "interestIncome": 0,
        "interestExpense": 56000000,
        "depreciationAndAmortization": 97000000,
        "ebitda": 165000000,
        "ebitdaratio": 0.0928531232,
        "operatingIncome": 59000000,
        "operatingIncomeRatio": 0.0332020259,
        "totalOtherIncomeExpensesNet": -47000000,
        "incomeBeforeTax": 12000000,
        "incomeBeforeTaxRatio": 0.0067529544,
        "incomeTaxExpense": -3000000,
        "netIncome": 15000000,
        "netIncomeRatio": 0.008441193,
        "eps": 0.0461,
        "epsdiluted": 0.0461,
        "weightedAverageShsOut": 321000000,
        "weightedAverageShsOutDil": 328259000,
        "link": "https://www.sec.gov/Archives/edgar/data/701985/000119312509247593/0001193125-09-247593-index.htm",
        "finalLink": "https://www.sec.gov/Archives/edgar/data/701985/000119312509247593/d10q.htm"
    },
    {
        "date": "2009-08-01",
        "symbol": "BBWI",
        "reportedCurrency": "USD",
        "cik": "0000701985",
        "fillingDate": "2009-09-04",
        "acceptedDate": "2009-09-04 16:31:16",
        "calendarYear": "2009",
        "period": "Q2",
        "revenue": 2067000000,
        "costOfRevenue": 1399000000,
        "grossProfit": 668000000,
        "grossProfitRatio": 0.3231736817,
        "researchAndDevelopmentExpenses": 0,
        "generalAndAdministrativeExpenses": 519000000,
        "sellingAndMarketingExpenses": 0,
        "sellingGeneralAndAdministrativeExpenses": 519000000,
        "otherExpenses": -9000000,
        "operatingExpenses": 510000000,
        "costAndExpenses": 1909000000,
        "interestIncome": 743000,
        "interestExpense": 58000000,
        "depreciationAndAmortization": 97000000,
        "ebitda": 254000000,
        "ebitdaratio": 0.1228834059,
        "operatingIncome": 158000000,
        "operatingIncomeRatio": 0.076439284,
        "totalOtherIncomeExpensesNet": -59000000,
        "incomeBeforeTax": 99000000,
        "incomeBeforeTaxRatio": 0.0478955007,
        "incomeTaxExpense": 25000000,
        "netIncome": 74000000,
        "netIncomeRatio": 0.0358006773,
        "eps": 0.19,
        "epsdiluted": 0.19,
        "weightedAverageShsOut": 321000000,
        "weightedAverageShsOutDil": 325697000,
        "link": "https://www.sec.gov/Archives/edgar/data/701985/000119312509187824/0001193125-09-187824-index.htm",
        "finalLink": "https://www.sec.gov/Archives/edgar/data/701985/000119312509187824/d10q.htm"
    },
    {
        "date": "2009-05-02",
        "symbol": "BBWI",
        "reportedCurrency": "USD",
        "cik": "0000701985",
        "fillingDate": "2009-06-05",
        "acceptedDate": "2009-06-05 16:05:52",
        "calendarYear": "2009",
        "period": "Q1",
        "revenue": 1725000000,
        "costOfRevenue": 1177000000,
        "grossProfit": 548000000,
        "grossProfitRatio": 0.3176811594,
        "researchAndDevelopmentExpenses": 0,
        "generalAndAdministrativeExpenses": 483000000,
        "sellingAndMarketingExpenses": 0,
        "sellingGeneralAndAdministrativeExpenses": 483000000,
        "otherExpenses": 0,
        "operatingExpenses": 483000000,
        "costAndExpenses": 1660000000,
        "interestIncome": 1000000,
        "interestExpense": 62000000,
        "depreciationAndAmortization": 94000000,
        "ebitda": 159000000,
        "ebitdaratio": 0.092173913,
        "operatingIncome": 65000000,
        "operatingIncomeRatio": 0.0376811594,
        "totalOtherIncomeExpensesNet": -62000000,
        "incomeBeforeTax": 3000000,
        "incomeBeforeTaxRatio": 0.0017391304,
        "incomeTaxExpense": 0,
        "netIncome": 3000000,
        "netIncomeRatio": 0.0017391304,
        "eps": 0.01,
        "epsdiluted": 0.01,
        "weightedAverageShsOut": 321000000,
        "weightedAverageShsOutDil": 323000000,
        "link": "https://www.sec.gov/Archives/edgar/data/701985/000119312509126165/0001193125-09-126165-index.htm",
        "finalLink": "https://www.sec.gov/Archives/edgar/data/701985/000119312509126165/d10q.htm"
    },
    {
        "date": "2009-01-31",
        "symbol": "BBWI",
        "reportedCurrency": "USD",
        "cik": "0000701985",
        "fillingDate": "2009-03-27",
        "acceptedDate": "2009-03-27 16:35:05",
        "calendarYear": "2008",
        "period": "Q4",
        "revenue": 2991000000,
        "costOfRevenue": 1967000000,
        "grossProfit": 1024000000,
        "grossProfitRatio": 0.3423604146,
        "researchAndDevelopmentExpenses": 0,
        "generalAndAdministrativeExpenses": 0,
        "sellingAndMarketingExpenses": 0,
        "sellingGeneralAndAdministrativeExpenses": 656000000,
        "otherExpenses": 0,
        "operatingExpenses": 656000000,
        "costAndExpenses": 2838000000,
        "interestIncome": 0,
        "interestExpense": 0,
        "depreciationAndAmortization": 93000000,
        "ebitda": 137000000,
        "ebitdaratio": 0.0458040789,
        "operatingIncome": 153000000,
        "operatingIncomeRatio": 0.0511534604,
        "totalOtherIncomeExpensesNet": -43000000,
        "incomeBeforeTax": 110000000,
        "incomeBeforeTaxRatio": 0.0367769977,
        "incomeTaxExpense": 94000000,
        "netIncome": 16000000,
        "netIncomeRatio": 0.0053493815,
        "eps": 0.06,
        "epsdiluted": 0.05,
        "weightedAverageShsOut": 323000000,
        "weightedAverageShsOutDil": 323000000,
        "link": "https://www.sec.gov/Archives/edgar/data/701985/000119312509066128/0001193125-09-066128-index.htm",
        "finalLink": "https://www.sec.gov/Archives/edgar/data/701985/000119312509066128/d10k.htm"
    },
    {
        "date": "2008-11-01",
        "symbol": "BBWI",
        "reportedCurrency": "USD",
        "cik": "0000701985",
        "fillingDate": "2008-12-05",
        "acceptedDate": "2008-12-05 16:06:53",
        "calendarYear": "2008",
        "period": "Q3",
        "revenue": 1843000000,
        "costOfRevenue": 1263000000,
        "grossProfit": 580000000,
        "grossProfitRatio": 0.3147042865,
        "researchAndDevelopmentExpenses": 0,
        "generalAndAdministrativeExpenses": 0,
        "sellingAndMarketingExpenses": 0,
        "sellingGeneralAndAdministrativeExpenses": 539000000,
        "otherExpenses": 0,
        "operatingExpenses": 539000000,
        "costAndExpenses": 1802000000,
        "interestIncome": 0,
        "interestExpense": 0,
        "depreciationAndAmortization": 66000000,
        "ebitda": 107000000,
        "ebitdaratio": 0.0580575149,
        "operatingIncome": 41000000,
        "operatingIncomeRatio": 0.0222463375,
        "totalOtherIncomeExpensesNet": -38000000,
        "incomeBeforeTax": 3000000,
        "incomeBeforeTaxRatio": 0.0016277808,
        "incomeTaxExpense": -1000000,
        "netIncome": 4000000,
        "netIncomeRatio": 0.0021703744,
        "eps": 0.01,
        "epsdiluted": 0.01,
        "weightedAverageShsOut": 337000000,
        "weightedAverageShsOutDil": 340000000,
        "link": "https://www.sec.gov/Archives/edgar/data/701985/000119312508248807/0001193125-08-248807-index.htm",
        "finalLink": "https://www.sec.gov/Archives/edgar/data/701985/000119312508248807/d10q.htm"
    },
    {
        "date": "2008-08-02",
        "symbol": "BBWI",
        "reportedCurrency": "USD",
        "cik": "0000701985",
        "fillingDate": "2008-09-05",
        "acceptedDate": "2008-09-05 16:22:42",
        "calendarYear": "2008",
        "period": "Q2",
        "revenue": 2284000000,
        "costOfRevenue": 1523000000,
        "grossProfit": 761000000,
        "grossProfitRatio": 0.3331873905,
        "researchAndDevelopmentExpenses": 0,
        "generalAndAdministrativeExpenses": 575000000,
        "sellingAndMarketingExpenses": 0,
        "sellingGeneralAndAdministrativeExpenses": 575000000,
        "otherExpenses": 0,
        "operatingExpenses": 575000000,
        "costAndExpenses": 2098000000,
        "interestIncome": 5000000,
        "interestExpense": 47000000,
        "depreciationAndAmortization": 92000000,
        "ebitda": 300000000,
        "ebitdaratio": 0.1313485114,
        "operatingIncome": 186000000,
        "operatingIncomeRatio": 0.0814360771,
        "totalOtherIncomeExpensesNet": -25000000,
        "incomeBeforeTax": 161000000,
        "incomeBeforeTaxRatio": 0.0704903678,
        "incomeTaxExpense": 62000000,
        "netIncome": 102000000,
        "netIncomeRatio": 0.0446584939,
        "eps": 0.3,
        "epsdiluted": 0.3,
        "weightedAverageShsOut": 339000000,
        "weightedAverageShsOutDil": 341000000,
        "link": "https://www.sec.gov/Archives/edgar/data/701985/000119312508191095/0001193125-08-191095-index.htm",
        "finalLink": "https://www.sec.gov/Archives/edgar/data/701985/000119312508191095/d10q.htm"
    },
    {
        "date": "2008-05-03",
        "symbol": "BBWI",
        "reportedCurrency": "USD",
        "cik": "0000701985",
        "fillingDate": "2008-06-06",
        "acceptedDate": "2008-06-06 08:33:19",
        "calendarYear": "2008",
        "period": "Q1",
        "revenue": 1925000000,
        "costOfRevenue": 1284000000,
        "grossProfit": 641000000,
        "grossProfitRatio": 0.332987013,
        "researchAndDevelopmentExpenses": 0,
        "generalAndAdministrativeExpenses": 541000000,
        "sellingAndMarketingExpenses": 0,
        "sellingGeneralAndAdministrativeExpenses": 541000000,
        "otherExpenses": -109000000,
        "operatingExpenses": 432000000,
        "costAndExpenses": 1716000000,
        "interestIncome": 6000000,
        "interestExpense": 45000000,
        "depreciationAndAmortization": 92000000,
        "ebitda": 312000000,
        "ebitdaratio": 0.1620779221,
        "operatingIncome": 209000000,
        "operatingIncomeRatio": 0.1085714286,
        "totalOtherIncomeExpensesNet": -34000000,
        "incomeBeforeTax": 175000000,
        "incomeBeforeTaxRatio": 0.0909090909,
        "incomeTaxExpense": 78000000,
        "netIncome": 98000000,
        "netIncomeRatio": 0.0509090909,
        "eps": 0.29,
        "epsdiluted": 0.28,
        "weightedAverageShsOut": 341000000,
        "weightedAverageShsOutDil": 344000000,
        "link": "https://www.sec.gov/Archives/edgar/data/701985/000119312508129244/0001193125-08-129244-index.htm",
        "finalLink": "https://www.sec.gov/Archives/edgar/data/701985/000119312508129244/d10q.htm"
    },
    {
        "date": "2008-01-31",
        "symbol": "BBWI",
        "reportedCurrency": "USD",
        "cik": "0000701985",
        "fillingDate": "2008-03-28",
        "acceptedDate": "2008-03-28 16:16:33",
        "calendarYear": "2007",
        "period": "Q4",
        "revenue": 3276000000,
        "costOfRevenue": 1972000000,
        "grossProfit": 1304000000,
        "grossProfitRatio": 0.398046398,
        "researchAndDevelopmentExpenses": 0,
        "generalAndAdministrativeExpenses": -9627000000,
        "sellingAndMarketingExpenses": 10310000000,
        "sellingGeneralAndAdministrativeExpenses": 683000000,
        "otherExpenses": 0,
        "operatingExpenses": 683000000,
        "costAndExpenses": 2655000000,
        "interestIncome": 0,
        "interestExpense": 0,
        "depreciationAndAmortization": 88000000,
        "ebitda": 709000000,
        "ebitdaratio": 0.2164224664,
        "operatingIncome": 621000000,
        "operatingIncomeRatio": 0.1895604396,
        "totalOtherIncomeExpensesNet": -30000000,
        "incomeBeforeTax": 591000000,
        "incomeBeforeTaxRatio": 0.1804029304,
        "incomeTaxExpense": 202000000,
        "netIncome": 389000000,
        "netIncomeRatio": 0.1187423687,
        "eps": 1.05,
        "epsdiluted": 1.04,
        "weightedAverageShsOut": 349044000,
        "weightedAverageShsOutDil": 352865000,
        "link": "https://www.sec.gov/Archives/edgar/data/701985/000119312508069148/0001193125-08-069148-index.htm",
        "finalLink": "https://www.sec.gov/Archives/edgar/data/701985/000119312508069148/d10k.htm"
    },
    {
        "date": "2007-11-03",
        "symbol": "BBWI",
        "reportedCurrency": "USD",
        "cik": "0000701985",
        "fillingDate": "2007-12-07",
        "acceptedDate": "2007-12-07 16:24:57",
        "calendarYear": "2007",
        "period": "Q3",
        "revenue": 1923000000,
        "costOfRevenue": 1309000000,
        "grossProfit": 614000000,
        "grossProfitRatio": 0.3192927717,
        "researchAndDevelopmentExpenses": 0,
        "generalAndAdministrativeExpenses": 552000,
        "sellingAndMarketingExpenses": 551448000,
        "sellingGeneralAndAdministrativeExpenses": 552000000,
        "otherExpenses": 0,
        "operatingExpenses": 552000000,
        "costAndExpenses": 1861000000,
        "interestIncome": 0,
        "interestExpense": 0,
        "depreciationAndAmortization": 81000000,
        "ebitda": 143000000,
        "ebitdaratio": 0.0743629745,
        "operatingIncome": 62000000,
        "operatingIncomeRatio": 0.0322412897,
        "totalOtherIncomeExpensesNet": -39000000,
        "incomeBeforeTax": 23000000,
        "incomeBeforeTaxRatio": 0.0119604784,
        "incomeTaxExpense": 11000000,
        "netIncome": 12000000,
        "netIncomeRatio": 0.0062402496,
        "eps": 0.03,
        "epsdiluted": 0.03,
        "weightedAverageShsOut": 360909000,
        "weightedAverageShsOutDil": 364975000,
        "link": "https://www.sec.gov/Archives/edgar/data/701985/000119312507261404/0001193125-07-261404-index.htm",
        "finalLink": "https://www.sec.gov/Archives/edgar/data/701985/000119312507261404/d10q.htm"
    },
    {
        "date": "2007-08-04",
        "symbol": "BBWI",
        "reportedCurrency": "USD",
        "cik": "0000701985",
        "fillingDate": "2007-09-10",
        "acceptedDate": "2007-09-10 16:46:25",
        "calendarYear": "2007",
        "period": "Q2",
        "revenue": 2624000000,
        "costOfRevenue": 1803000000,
        "grossProfit": 821000000,
        "grossProfitRatio": 0.3128810976,
        "researchAndDevelopmentExpenses": 0,
        "generalAndAdministrativeExpenses": 732000,
        "sellingAndMarketingExpenses": 731268000,
        "sellingGeneralAndAdministrativeExpenses": 732000000,
        "otherExpenses": 0,
        "operatingExpenses": 732000000,
        "costAndExpenses": 2535000000,
        "interestIncome": 0,
        "interestExpense": 0,
        "depreciationAndAmortization": 88000000,
        "ebitda": 177000000,
        "ebitdaratio": 0.0674542683,
        "operatingIncome": 319000000,
        "operatingIncomeRatio": 0.121570122,
        "totalOtherIncomeExpensesNet": 104000000,
        "incomeBeforeTax": 423000000,
        "incomeBeforeTaxRatio": 0.1612042683,
        "incomeTaxExpense": 159000000,
        "netIncome": 264000000,
        "netIncomeRatio": 0.1006097561,
        "eps": 0.68,
        "epsdiluted": 0.67,
        "weightedAverageShsOut": 388235294,
        "weightedAverageShsOutDil": 394029851,
        "link": "https://www.sec.gov/Archives/edgar/data/701985/000119312507198279/0001193125-07-198279-index.htm",
        "finalLink": "https://www.sec.gov/Archives/edgar/data/701985/000119312507198279/d10q.htm"
    },
    {
        "date": "2007-05-05",
        "symbol": "BBWI",
        "reportedCurrency": "USD",
        "cik": "0000701985",
        "fillingDate": "2007-06-08",
        "acceptedDate": "2007-06-08 16:31:14",
        "calendarYear": "2007",
        "period": "Q1",
        "revenue": 2311000000,
        "costOfRevenue": 1508000000,
        "grossProfit": 803000000,
        "grossProfitRatio": 0.3474686283,
        "researchAndDevelopmentExpenses": 0,
        "generalAndAdministrativeExpenses": 695000,
        "sellingAndMarketingExpenses": 694305000,
        "sellingGeneralAndAdministrativeExpenses": 695000000,
        "otherExpenses": 0,
        "operatingExpenses": 695000000,
        "costAndExpenses": 2203000000,
        "interestIncome": 0,
        "interestExpense": 0,
        "depreciationAndAmortization": 95000000,
        "ebitda": 203000000,
        "ebitdaratio": 0.0878407616,
        "operatingIncome": 108000000,
        "operatingIncomeRatio": 0.046733016,
        "totalOtherIncomeExpensesNet": -16000000,
        "incomeBeforeTax": 92000000,
        "incomeBeforeTaxRatio": 0.0398096062,
        "incomeTaxExpense": 39000000,
        "netIncome": 53000000,
        "netIncomeRatio": 0.0229337949,
        "eps": 0.13,
        "epsdiluted": 0.13,
        "weightedAverageShsOut": 407692308,
        "weightedAverageShsOutDil": 407692308,
        "link": "https://www.sec.gov/Archives/edgar/data/701985/000119312507132599/0001193125-07-132599-index.htm",
        "finalLink": "https://www.sec.gov/Archives/edgar/data/701985/000119312507132599/d10q.htm"
    },
    {
        "date": "2007-01-31",
        "symbol": "BBWI",
        "reportedCurrency": "USD",
        "cik": "0000701985",
        "fillingDate": "2007-04-03",
        "acceptedDate": "2007-04-03 16:46:41",
        "calendarYear": "2006",
        "period": "Q4",
        "revenue": 4025000000,
        "costOfRevenue": 2413000000,
        "grossProfit": 1612000000,
        "grossProfitRatio": 0.4004968944,
        "researchAndDevelopmentExpenses": 0,
        "generalAndAdministrativeExpenses": 2367000,
        "sellingAndMarketingExpenses": 882633000,
        "sellingGeneralAndAdministrativeExpenses": 885000000,
        "otherExpenses": 0,
        "operatingExpenses": 885000000,
        "costAndExpenses": 3298000000,
        "interestIncome": 0,
        "interestExpense": 0,
        "depreciationAndAmortization": 86000000,
        "ebitda": 813000000,
        "ebitdaratio": 0.2019875776,
        "operatingIncome": 727000000,
        "operatingIncomeRatio": 0.180621118,
        "totalOtherIncomeExpensesNet": -21000000,
        "incomeBeforeTax": 706000000,
        "incomeBeforeTaxRatio": 0.1754037267,
        "incomeTaxExpense": 266000000,
        "netIncome": 440000000,
        "netIncomeRatio": 0.1093167702,
        "eps": 1.11,
        "epsdiluted": 1.09,
        "weightedAverageShsOut": 396103550,
        "weightedAverageShsOutDil": 404870810,
        "link": "https://www.sec.gov/Archives/edgar/data/701985/000119312507073368/0001193125-07-073368-index.htm",
        "finalLink": "https://www.sec.gov/Archives/edgar/data/701985/000119312507073368/d10k.htm"
    },
    {
        "date": "2006-10-28",
        "symbol": "BBWI",
        "reportedCurrency": "USD",
        "cik": "0000701985",
        "fillingDate": "2006-12-01",
        "acceptedDate": "2006-12-01 16:31:15",
        "calendarYear": "2006",
        "period": "Q3",
        "revenue": 2115000000,
        "costOfRevenue": 1356000000,
        "grossProfit": 759000000,
        "grossProfitRatio": 0.3588652482,
        "researchAndDevelopmentExpenses": 0,
        "generalAndAdministrativeExpenses": 692000,
        "sellingAndMarketingExpenses": 691308000,
        "sellingGeneralAndAdministrativeExpenses": 692000000,
        "otherExpenses": 0,
        "operatingExpenses": 692000000,
        "costAndExpenses": 2048000000,
        "interestIncome": 0,
        "interestExpense": 0,
        "depreciationAndAmortization": 78000000,
        "ebitda": 145000000,
        "ebitdaratio": 0.0685579196,
        "operatingIncome": 67000000,
        "operatingIncomeRatio": 0.031678487,
        "totalOtherIncomeExpensesNet": -25000000,
        "incomeBeforeTax": 42000000,
        "incomeBeforeTaxRatio": 0.019858156,
        "incomeTaxExpense": 18000000,
        "netIncome": 24000000,
        "netIncomeRatio": 0.0113475177,
        "eps": 0.06,
        "epsdiluted": 0.06,
        "weightedAverageShsOut": 395153000,
        "weightedAverageShsOutDil": 401896000,
        "link": "https://www.sec.gov/Archives/edgar/data/701985/000119312506245346/0001193125-06-245346-index.htm",
        "finalLink": "https://www.sec.gov/Archives/edgar/data/701985/000119312506245346/d10q.htm"
    },
    {
        "date": "2006-07-29",
        "symbol": "BBWI",
        "reportedCurrency": "USD",
        "cik": "0000701985",
        "fillingDate": "2006-09-01",
        "acceptedDate": "2006-09-01 07:53:59",
        "calendarYear": "2006",
        "period": "Q2",
        "revenue": 2454000000,
        "costOfRevenue": 1601000000,
        "grossProfit": 853000000,
        "grossProfitRatio": 0.347595762,
        "researchAndDevelopmentExpenses": 0,
        "generalAndAdministrativeExpenses": 656000,
        "sellingAndMarketingExpenses": 655344000,
        "sellingGeneralAndAdministrativeExpenses": 656000000,
        "otherExpenses": 0,
        "operatingExpenses": 656000000,
        "costAndExpenses": 2257000000,
        "interestIncome": 0,
        "interestExpense": 0,
        "depreciationAndAmortization": 78000000,
        "ebitda": 275000000,
        "ebitdaratio": 0.1120619397,
        "operatingIncome": 197000000,
        "operatingIncomeRatio": 0.0802770986,
        "totalOtherIncomeExpensesNet": -17000000,
        "incomeBeforeTax": 180000000,
        "incomeBeforeTaxRatio": 0.0733496333,
        "incomeTaxExpense": 67000000,
        "netIncome": 113000000,
        "netIncomeRatio": 0.0460472698,
        "eps": 0.29,
        "epsdiluted": 0.28,
        "weightedAverageShsOut": 389655172,
        "weightedAverageShsOutDil": 403571429,
        "link": "https://www.sec.gov/Archives/edgar/data/701985/000119312506184064/0001193125-06-184064-index.htm",
        "finalLink": "https://www.sec.gov/Archives/edgar/data/701985/000119312506184064/d10q.htm"
    },
    {
        "date": "2006-04-29",
        "symbol": "BBWI",
        "reportedCurrency": "USD",
        "cik": "0000701985",
        "fillingDate": "2006-06-02",
        "acceptedDate": "2006-06-02 16:17:12",
        "calendarYear": "2006",
        "period": "Q1",
        "revenue": 2077000000,
        "costOfRevenue": 1288000000,
        "grossProfit": 789000000,
        "grossProfitRatio": 0.3798748195,
        "researchAndDevelopmentExpenses": 0,
        "generalAndAdministrativeExpenses": 602829000,
        "sellingAndMarketingExpenses": 171000,
        "sellingGeneralAndAdministrativeExpenses": 603000000,
        "otherExpenses": 0,
        "operatingExpenses": 603000000,
        "costAndExpenses": 1891000000,
        "interestIncome": 0,
        "interestExpense": 0,
        "depreciationAndAmortization": 74000000,
        "ebitda": 260000000,
        "ebitdaratio": 0.1251805489,
        "operatingIncome": 186000000,
        "operatingIncomeRatio": 0.0895522388,
        "totalOtherIncomeExpensesNet": -16000000,
        "incomeBeforeTax": 170000000,
        "incomeBeforeTaxRatio": 0.0818488204,
        "incomeTaxExpense": 71000000,
        "netIncome": 100000000,
        "netIncomeRatio": 0.0481463649,
        "eps": 0.25,
        "epsdiluted": 0.25,
        "weightedAverageShsOut": 400000000,
        "weightedAverageShsOutDil": 400000000,
        "link": "https://www.sec.gov/Archives/edgar/data/701985/000119312506123626/0001193125-06-123626-index.htm",
        "finalLink": "https://www.sec.gov/Archives/edgar/data/701985/000119312506123626/d10q.htm"
    },
    {
        "date": "2006-01-31",
        "symbol": "BBWI",
        "reportedCurrency": "USD",
        "cik": "0000701985",
        "fillingDate": "2006-03-31",
        "acceptedDate": "2006-03-31 16:40:08",
        "calendarYear": "2005",
        "period": "Q4",
        "revenue": 3541616000,
        "costOfRevenue": 2040979000,
        "grossProfit": 1500637000,
        "grossProfitRatio": 0.4237153322,
        "researchAndDevelopmentExpenses": 0,
        "generalAndAdministrativeExpenses": 1216947000,
        "sellingAndMarketingExpenses": -447467000,
        "sellingGeneralAndAdministrativeExpenses": 769480000,
        "otherExpenses": 0,
        "operatingExpenses": 769480000,
        "costAndExpenses": 2810459000,
        "interestIncome": 0,
        "interestExpense": 0,
        "depreciationAndAmortization": 78125000,
        "ebitda": 809282000,
        "ebitdaratio": 0.2285064219,
        "operatingIncome": 731157000,
        "operatingIncomeRatio": 0.2064472828,
        "totalOtherIncomeExpensesNet": 26929000,
        "incomeBeforeTax": 758086000,
        "incomeBeforeTaxRatio": 0.214050874,
        "incomeTaxExpense": 216000000,
        "netIncome": 559086000,
        "netIncomeRatio": 0.1578618348,
        "eps": 1.29,
        "epsdiluted": 1.26,
        "weightedAverageShsOut": 395631824,
        "weightedAverageShsOutDil": 408325133,
        "link": "https://www.sec.gov/Archives/edgar/data/701985/000119312506070723/0001193125-06-070723-index.htm",
        "finalLink": "https://www.sec.gov/Archives/edgar/data/701985/000119312506070723/d10k.htm"
    },
    {
        "date": "2005-10-29",
        "symbol": "BBWI",
        "reportedCurrency": "USD",
        "cik": "0000701985",
        "fillingDate": "2005-12-07",
        "acceptedDate": "2005-12-07 12:47:02",
        "calendarYear": "2005",
        "period": "Q3",
        "revenue": 1892000000,
        "costOfRevenue": 1286000000,
        "grossProfit": 606000000,
        "grossProfitRatio": 0.3202959831,
        "researchAndDevelopmentExpenses": 0,
        "generalAndAdministrativeExpenses": 577758000,
        "sellingAndMarketingExpenses": 0,
        "sellingGeneralAndAdministrativeExpenses": 586000000,
        "otherExpenses": 0,
        "operatingExpenses": 586000000,
        "costAndExpenses": 1872000000,
        "interestIncome": 0,
        "interestExpense": 0,
        "depreciationAndAmortization": 70000000,
        "ebitda": 90000000,
        "ebitdaratio": 0.0475687104,
        "operatingIncome": 20000000,
        "operatingIncomeRatio": 0.0105708245,
        "totalOtherIncomeExpensesNet": -22000000,
        "incomeBeforeTax": -2000000,
        "incomeBeforeTaxRatio": -0.0010570825,
        "incomeTaxExpense": -1000000,
        "netIncome": -1000000,
        "netIncomeRatio": -0.0005285412,
        "eps": -0.0025,
        "epsdiluted": -0.0025,
        "weightedAverageShsOut": 400803000,
        "weightedAverageShsOutDil": 400803000,
        "link": "https://www.sec.gov/Archives/edgar/data/701985/000119312505238121/0001193125-05-238121-index.htm",
        "finalLink": "https://www.sec.gov/Archives/edgar/data/701985/000119312505238121/d10q.htm"
    },
    {
        "date": "2005-07-30",
        "symbol": "BBWI",
        "reportedCurrency": "USD",
        "cik": "0000701985",
        "fillingDate": "2005-09-08",
        "acceptedDate": "2005-09-08 08:04:51",
        "calendarYear": "2005",
        "period": "Q2",
        "revenue": 2290000000,
        "costOfRevenue": 1545000000,
        "grossProfit": 745000000,
        "grossProfitRatio": 0.3253275109,
        "researchAndDevelopmentExpenses": 0,
        "generalAndAdministrativeExpenses": 589456000,
        "sellingAndMarketingExpenses": 2544000,
        "sellingGeneralAndAdministrativeExpenses": 592000000,
        "otherExpenses": 0,
        "operatingExpenses": 592000000,
        "costAndExpenses": 2137000000,
        "interestIncome": 0,
        "interestExpense": 0,
        "depreciationAndAmortization": 73247000,
        "ebitda": 226247000,
        "ebitdaratio": 0.0987978166,
        "operatingIncome": 153000000,
        "operatingIncomeRatio": 0.0668122271,
        "totalOtherIncomeExpensesNet": -18000000,
        "incomeBeforeTax": 135000000,
        "incomeBeforeTaxRatio": 0.0589519651,
        "incomeTaxExpense": 53000000,
        "netIncome": 82000000,
        "netIncomeRatio": 0.0358078603,
        "eps": 0.2,
        "epsdiluted": 0.2,
        "weightedAverageShsOut": 410000000,
        "weightedAverageShsOutDil": 410000000,
        "link": "https://www.sec.gov/Archives/edgar/data/701985/000119312505181873/0001193125-05-181873-index.htm",
        "finalLink": "https://www.sec.gov/Archives/edgar/data/701985/000119312505181873/d10q.htm"
    },
    {
        "date": "2005-04-30",
        "symbol": "BBWI",
        "reportedCurrency": "USD",
        "cik": "0000701985",
        "fillingDate": "2005-06-09",
        "acceptedDate": "2005-06-09 08:51:44",
        "calendarYear": "2005",
        "period": "Q1",
        "revenue": 1974932000,
        "costOfRevenue": 1290279000,
        "grossProfit": 684653000,
        "grossProfitRatio": 0.3466716829,
        "researchAndDevelopmentExpenses": 0,
        "generalAndAdministrativeExpenses": 560597000,
        "sellingAndMarketingExpenses": 5522000,
        "sellingGeneralAndAdministrativeExpenses": 566119000,
        "otherExpenses": 0,
        "operatingExpenses": 566119000,
        "costAndExpenses": 1856398000,
        "interestIncome": 0,
        "interestExpense": 0,
        "depreciationAndAmortization": 77753000,
        "ebitda": 196287000,
        "ebitdaratio": 0.0993892448,
        "operatingIncome": 118534000,
        "operatingIncomeRatio": 0.0600192817,
        "totalOtherIncomeExpensesNet": -15113000,
        "incomeBeforeTax": 103421000,
        "incomeBeforeTaxRatio": 0.0523668663,
        "incomeTaxExpense": 37000000,
        "netIncome": 83265000,
        "netIncomeRatio": 0.0421609453,
        "eps": 0.2,
        "epsdiluted": 0.2,
        "weightedAverageShsOut": 416325000,
        "weightedAverageShsOutDil": 416325000,
        "link": "https://www.sec.gov/Archives/edgar/data/701985/000119312505122558/0001193125-05-122558-index.htm",
        "finalLink": "https://www.sec.gov/Archives/edgar/data/701985/000119312505122558/d10q.htm"
    },
    {
        "date": "2005-01-31",
        "symbol": "BBWI",
        "reportedCurrency": "USD",
        "cik": "0000701985",
        "fillingDate": "2005-04-08",
        "acceptedDate": "2005-04-08 16:08:35",
        "calendarYear": "2004",
        "period": "Q4",
        "revenue": 3328110000,
        "costOfRevenue": 2037318000,
        "grossProfit": 1290792000,
        "grossProfitRatio": 0.3878453537,
        "researchAndDevelopmentExpenses": 0,
        "generalAndAdministrativeExpenses": 0,
        "sellingAndMarketingExpenses": 0,
        "sellingGeneralAndAdministrativeExpenses": 663252000,
        "otherExpenses": 0,
        "operatingExpenses": 663252000,
        "costAndExpenses": 2700570000,
        "interestIncome": 0,
        "interestExpense": 0,
        "depreciationAndAmortization": 105783000,
        "ebitda": 733323000,
        "ebitdaratio": 0.2203421762,
        "operatingIncome": 627540000,
        "operatingIncomeRatio": 0.1885574696,
        "totalOtherIncomeExpensesNet": -10474000,
        "incomeBeforeTax": 617066000,
        "incomeBeforeTaxRatio": 0.185410338,
        "incomeTaxExpense": 235000000,
        "netIncome": 382066000,
        "netIncomeRatio": 0.1147996911,
        "eps": 0.83,
        "epsdiluted": 0.81,
        "weightedAverageShsOut": 431117000,
        "weightedAverageShsOutDil": 440366000,
        "link": "https://www.sec.gov/Archives/edgar/data/701985/000119312505072902/0001193125-05-072902-index.htm",
        "finalLink": "https://www.sec.gov/Archives/edgar/data/701985/000119312505072902/d10k.htm"
    },
    {
        "date": "2004-10-30",
        "symbol": "BBWI",
        "reportedCurrency": "USD",
        "cik": "0000701985",
        "fillingDate": "2004-12-08",
        "acceptedDate": "2004-12-08 16:39:39",
        "calendarYear": "2004",
        "period": "Q3",
        "revenue": 1890855000,
        "costOfRevenue": 1279451000,
        "grossProfit": 611404000,
        "grossProfitRatio": 0.3233479035,
        "researchAndDevelopmentExpenses": 0,
        "generalAndAdministrativeExpenses": 560440000,
        "sellingAndMarketingExpenses": -2181000,
        "sellingGeneralAndAdministrativeExpenses": 558259000,
        "otherExpenses": 0,
        "operatingExpenses": 558259000,
        "costAndExpenses": 1837710000,
        "interestIncome": 0,
        "interestExpense": 0,
        "depreciationAndAmortization": 74532000,
        "ebitda": 127677000,
        "ebitdaratio": 0.0675234219,
        "operatingIncome": 53145000,
        "operatingIncomeRatio": 0.0281063328,
        "totalOtherIncomeExpensesNet": 47200000,
        "incomeBeforeTax": 100345000,
        "incomeBeforeTaxRatio": 0.0530685854,
        "incomeTaxExpense": 22000000,
        "netIncome": 78345000,
        "netIncomeRatio": 0.0414336372,
        "eps": 0.17,
        "epsdiluted": 0.16,
        "weightedAverageShsOut": 470774000,
        "weightedAverageShsOutDil": 479898000,
        "link": "https://www.sec.gov/Archives/edgar/data/701985/000119312504209530/0001193125-04-209530-index.htm",
        "finalLink": "https://www.sec.gov/Archives/edgar/data/701985/000119312504209530/d10q.htm"
    },
    {
        "date": "2004-07-31",
        "symbol": "BBWI",
        "reportedCurrency": "USD",
        "cik": "0000701985",
        "fillingDate": "2004-09-09",
        "acceptedDate": "2004-09-09 15:10:37",
        "calendarYear": "2004",
        "period": "Q2",
        "revenue": 2210832000,
        "costOfRevenue": 1412863000,
        "grossProfit": 797969000,
        "grossProfitRatio": 0.3609360639,
        "researchAndDevelopmentExpenses": 0,
        "generalAndAdministrativeExpenses": 571026000,
        "sellingAndMarketingExpenses": 0,
        "sellingGeneralAndAdministrativeExpenses": 571026000,
        "otherExpenses": 0,
        "operatingExpenses": 571026000,
        "costAndExpenses": 1983889000,
        "interestIncome": 0,
        "interestExpense": 0,
        "depreciationAndAmortization": 77110000,
        "ebitda": 304053000,
        "ebitdaratio": 0.1375287675,
        "operatingIncome": 226943000,
        "operatingIncomeRatio": 0.1026504954,
        "totalOtherIncomeExpensesNet": 15009000,
        "incomeBeforeTax": 241952000,
        "incomeBeforeTaxRatio": 0.1094393423,
        "incomeTaxExpense": 94000000,
        "netIncome": 147952000,
        "netIncomeRatio": 0.0669214124,
        "eps": 0.31,
        "epsdiluted": 0.31,
        "weightedAverageShsOut": 477264516,
        "weightedAverageShsOutDil": 477264516,
        "link": "https://www.sec.gov/Archives/edgar/data/701985/000119312504154227/0001193125-04-154227-index.htm",
        "finalLink": "https://www.sec.gov/Archives/edgar/data/701985/000119312504154227/d10q.htm"
    },
    {
        "date": "2004-05-01",
        "symbol": "BBWI",
        "reportedCurrency": "USD",
        "cik": "0000701985",
        "fillingDate": "2004-06-09",
        "acceptedDate": "2004-06-09 16:33:49",
        "calendarYear": "2004",
        "period": "Q1",
        "revenue": 1978203000,
        "costOfRevenue": 1302549000,
        "grossProfit": 675654000,
        "grossProfitRatio": 0.3415493759,
        "researchAndDevelopmentExpenses": 0,
        "generalAndAdministrativeExpenses": 556282000,
        "sellingAndMarketingExpenses": 0,
        "sellingGeneralAndAdministrativeExpenses": 556282000,
        "otherExpenses": 0,
        "operatingExpenses": 556282000,
        "costAndExpenses": 1858831000,
        "interestIncome": 0,
        "interestExpense": 0,
        "depreciationAndAmortization": 75575000,
        "ebitda": 194947000,
        "ebitdaratio": 0.0985475201,
        "operatingIncome": 119372000,
        "operatingIncomeRatio": 0.0603436553,
        "totalOtherIncomeExpensesNet": 37265000,
        "incomeBeforeTax": 156637000,
        "incomeBeforeTaxRatio": 0.0791814591,
        "incomeTaxExpense": 60000000,
        "netIncome": 96637000,
        "netIncomeRatio": 0.0488509016,
        "eps": 0.19,
        "epsdiluted": 0.19,
        "weightedAverageShsOut": 508615789,
        "weightedAverageShsOutDil": 508615789,
        "link": "https://www.sec.gov/Archives/edgar/data/701985/000119312504100920/0001193125-04-100920-index.htm",
        "finalLink": "https://www.sec.gov/Archives/edgar/data/701985/000119312504100920/d10q.htm"
    },
    {
        "date": "2004-01-31",
        "symbol": "BBWI",
        "reportedCurrency": "USD",
        "cik": "0000701985",
        "fillingDate": "2004-04-14",
        "acceptedDate": "2004-04-14 16:52:58",
        "calendarYear": "2003",
        "period": "Q4",
        "revenue": 3230827000,
        "costOfRevenue": 1889567000,
        "grossProfit": 1341260000,
        "grossProfitRatio": 0.4151444816,
        "researchAndDevelopmentExpenses": 0,
        "generalAndAdministrativeExpenses": 0,
        "sellingAndMarketingExpenses": 0,
        "sellingGeneralAndAdministrativeExpenses": 699850000,
        "otherExpenses": 0,
        "operatingExpenses": 699850000,
        "costAndExpenses": 2589417000,
        "interestIncome": 0,
        "interestExpense": 0,
        "depreciationAndAmortization": 54262000,
        "ebitda": 695672000,
        "ebitdaratio": 0.2153231974,
        "operatingIncome": 641410000,
        "operatingIncomeRatio": 0.1985281168,
        "totalOtherIncomeExpensesNet": -6573000,
        "incomeBeforeTax": 634837000,
        "incomeBeforeTaxRatio": 0.1964936532,
        "incomeTaxExpense": 247000000,
        "netIncome": 387837000,
        "netIncomeRatio": 0.1200426392,
        "eps": 0.75,
        "epsdiluted": 0.73,
        "weightedAverageShsOut": 518287870,
        "weightedAverageShsOutDil": 531063529,
        "link": "https://www.sec.gov/Archives/edgar/data/701985/000119312504062365/0001193125-04-062365-index.htm",
        "finalLink": "https://www.sec.gov/Archives/edgar/data/701985/000119312504062365/d10k.htm"
    },
    {
        "date": "2003-11-01",
        "symbol": "BBWI",
        "reportedCurrency": "USD",
        "cik": "0000701985",
        "fillingDate": "2003-12-15",
        "acceptedDate": "2003-12-15 17:04:27",
        "calendarYear": "2003",
        "period": "Q3",
        "revenue": 1846770000,
        "costOfRevenue": 1251317000,
        "grossProfit": 595453000,
        "grossProfitRatio": 0.3224294308,
        "researchAndDevelopmentExpenses": 0,
        "generalAndAdministrativeExpenses": 553281000,
        "sellingAndMarketingExpenses": 0,
        "sellingGeneralAndAdministrativeExpenses": 553281000,
        "otherExpenses": 0,
        "operatingExpenses": 553281000,
        "costAndExpenses": 1804598000,
        "interestIncome": 0,
        "interestExpense": 0,
        "depreciationAndAmortization": 84561000,
        "ebitda": 126733000,
        "ebitdaratio": 0.0686241384,
        "operatingIncome": 42172000,
        "operatingIncomeRatio": 0.0228355453,
        "totalOtherIncomeExpensesNet": 158502000,
        "incomeBeforeTax": 200674000,
        "incomeBeforeTaxRatio": 0.1086621507,
        "incomeTaxExpense": 71000000,
        "netIncome": 129674000,
        "netIncomeRatio": 0.0702166485,
        "eps": 0.25,
        "epsdiluted": 0.25,
        "weightedAverageShsOut": 517083000,
        "weightedAverageShsOutDil": 524380000,
        "link": "https://www.sec.gov/Archives/edgar/data/701985/000119312503094376/0001193125-03-094376-index.htm",
        "finalLink": "https://www.sec.gov/Archives/edgar/data/701985/000119312503094376/d10q.htm"
    },
    {
        "date": "2003-08-02",
        "symbol": "BBWI",
        "reportedCurrency": "USD",
        "cik": "0000701985",
        "fillingDate": "2003-09-12",
        "acceptedDate": "2003-09-12 16:26:32",
        "calendarYear": "2003",
        "period": "Q2",
        "revenue": 2014106000,
        "costOfRevenue": 1311882000,
        "grossProfit": 702224000,
        "grossProfitRatio": 0.3486529507,
        "researchAndDevelopmentExpenses": 0,
        "generalAndAdministrativeExpenses": 531857000,
        "sellingAndMarketingExpenses": 0,
        "sellingGeneralAndAdministrativeExpenses": 531857000,
        "otherExpenses": 0,
        "operatingExpenses": 531857000,
        "costAndExpenses": 1843739000,
        "interestIncome": 0,
        "interestExpense": 0,
        "depreciationAndAmortization": 67177000,
        "ebitda": 237544000,
        "ebitdaratio": 0.117940168,
        "operatingIncome": 170367000,
        "operatingIncomeRatio": 0.0845869085,
        "totalOtherIncomeExpensesNet": -2408000,
        "incomeBeforeTax": 167959000,
        "incomeBeforeTaxRatio": 0.0833913409,
        "incomeTaxExpense": 66000000,
        "netIncome": 101959000,
        "netIncomeRatio": 0.0506224598,
        "eps": 0.2,
        "epsdiluted": 0.19,
        "weightedAverageShsOut": 509795000,
        "weightedAverageShsOutDil": 536626316,
        "link": "https://www.sec.gov/Archives/edgar/data/701985/000119312503048966/0001193125-03-048966-index.htm",
        "finalLink": "https://www.sec.gov/Archives/edgar/data/701985/000119312503048966/d10q.htm"
    },
    {
        "date": "2003-05-03",
        "symbol": "BBWI",
        "reportedCurrency": "USD",
        "cik": "0000701985",
        "fillingDate": "2003-06-16",
        "acceptedDate": "2003-06-16 16:23:03",
        "calendarYear": "2003",
        "period": "Q1",
        "revenue": 1842000000,
        "costOfRevenue": 1230000000,
        "grossProfit": 612000000,
        "grossProfitRatio": 0.332247557,
        "researchAndDevelopmentExpenses": 0,
        "generalAndAdministrativeExpenses": 503012000,
        "sellingAndMarketingExpenses": -12000,
        "sellingGeneralAndAdministrativeExpenses": 503000000,
        "otherExpenses": 0,
        "operatingExpenses": 503000000,
        "costAndExpenses": 1733000000,
        "interestIncome": 0,
        "interestExpense": 0,
        "depreciationAndAmortization": 77000000,
        "ebitda": 186000000,
        "ebitdaratio": 0.1009771987,
        "operatingIncome": 109000000,
        "operatingIncomeRatio": 0.05917481,
        "totalOtherIncomeExpensesNet": 54000000,
        "incomeBeforeTax": 163000000,
        "incomeBeforeTaxRatio": 0.0884907709,
        "incomeTaxExpense": 65000000,
        "netIncome": 97000000,
        "netIncomeRatio": 0.052660152,
        "eps": 0.19,
        "epsdiluted": 0.19,
        "weightedAverageShsOut": 510526316,
        "weightedAverageShsOutDil": 510526316,
        "link": "https://www.sec.gov/Archives/edgar/data/701985/000092701603002907/0000927016-03-002907-index.htm",
        "finalLink": "https://www.sec.gov/Archives/edgar/data/701985/000092701603002907/d10q.htm"
    },
    {
        "date": "2003-01-31",
        "symbol": "BBWI",
        "reportedCurrency": "USD",
        "cik": "0000701985",
        "fillingDate": "2003-04-18",
        "acceptedDate": "2003-04-18 15:17:08",
        "calendarYear": "2002",
        "period": "Q4",
        "revenue": 2322417000,
        "costOfRevenue": 1255776000,
        "grossProfit": 1066641000,
        "grossProfitRatio": 0.4592805685,
        "researchAndDevelopmentExpenses": 0,
        "generalAndAdministrativeExpenses": 0,
        "sellingAndMarketingExpenses": 0,
        "sellingGeneralAndAdministrativeExpenses": 494162000,
        "otherExpenses": 192000,
        "operatingExpenses": 494354000,
        "costAndExpenses": 1750130000,
        "interestIncome": 0,
        "interestExpense": 0,
        "depreciationAndAmortization": 73880000,
        "ebitda": 646167000,
        "ebitdaratio": 0.2782303953,
        "operatingIncome": 572287000,
        "operatingIncomeRatio": 0.2464187095,
        "totalOtherIncomeExpensesNet": 4833000,
        "incomeBeforeTax": 577120000,
        "incomeBeforeTaxRatio": 0.2484997311,
        "incomeTaxExpense": 230000000,
        "netIncome": 353120000,
        "netIncomeRatio": 0.1520484909,
        "eps": 0.69,
        "epsdiluted": 0.67,
        "weightedAverageShsOut": 521283000,
        "weightedAverageShsOutDil": 532824000,
        "link": "https://www.sec.gov/Archives/edgar/data/701985/000102140803006321/0001021408-03-006321-index.htm",
        "finalLink": "https://www.sec.gov/Archives/edgar/data/701985/000102140803006321/d10k.htm"
    },
    {
        "date": "2002-11-02",
        "symbol": "BBWI",
        "reportedCurrency": "USD",
        "cik": "0000701985",
        "fillingDate": "2002-12-17",
        "acceptedDate": "2002-12-17 12:18:44",
        "calendarYear": "2002",
        "period": "Q3",
        "revenue": 2411167000,
        "costOfRevenue": 1203409000,
        "grossProfit": 564156000,
        "grossProfitRatio": 0.2339763276,
        "researchAndDevelopmentExpenses": 0,
        "generalAndAdministrativeExpenses": 597106000,
        "sellingAndMarketingExpenses": -50298000,
        "sellingGeneralAndAdministrativeExpenses": 546808000,
        "otherExpenses": 0,
        "operatingExpenses": 546808000,
        "costAndExpenses": 2378127000,
        "interestIncome": 0,
        "interestExpense": 0,
        "depreciationAndAmortization": 78633000,
        "ebitda": 95981000,
        "ebitdaratio": 0.0398068653,
        "operatingIncome": 17348000,
        "operatingIncomeRatio": 0.0071948563,
        "totalOtherIncomeExpensesNet": 4286000,
        "incomeBeforeTax": 21634000,
        "incomeBeforeTaxRatio": 0.0089724187,
        "incomeTaxExpense": 8000000,
        "netIncome": 15775000,
        "netIncomeRatio": 0.0065424751,
        "eps": 0.03,
        "epsdiluted": 0.03,
        "weightedAverageShsOut": 523018000,
        "weightedAverageShsOutDil": 531209000,
        "link": "https://www.sec.gov/Archives/edgar/data/701985/000102140802015230/0001021408-02-015230-index.htm",
        "finalLink": "https://www.sec.gov/Archives/edgar/data/701985/000102140802015230/d10q.htm"
    },
    {
        "date": "2002-08-03",
        "symbol": "BBWI",
        "reportedCurrency": "USD",
        "cik": "0000701985",
        "fillingDate": "2002-09-17",
        "acceptedDate": "2002-09-17 08:29:34",
        "calendarYear": "2002",
        "period": "Q2",
        "revenue": 1912416000,
        "costOfRevenue": 1239448000,
        "grossProfit": 672968000,
        "grossProfitRatio": 0.3518941486,
        "researchAndDevelopmentExpenses": 0,
        "generalAndAdministrativeExpenses": 583711000,
        "sellingAndMarketingExpenses": -49416000,
        "sellingGeneralAndAdministrativeExpenses": 534295000,
        "otherExpenses": 0,
        "operatingExpenses": 534295000,
        "costAndExpenses": 1773743000,
        "interestIncome": 0,
        "interestExpense": 0,
        "depreciationAndAmortization": 81487000,
        "ebitda": 220160000,
        "ebitdaratio": 0.1151213962,
        "operatingIncome": 138673000,
        "operatingIncomeRatio": 0.072511943,
        "totalOtherIncomeExpensesNet": -1912000,
        "incomeBeforeTax": 136761000,
        "incomeBeforeTaxRatio": 0.0715121605,
        "incomeTaxExpense": 55000000,
        "netIncome": 83247000,
        "netIncomeRatio": 0.043529755,
        "eps": 0.16,
        "epsdiluted": 0.15,
        "weightedAverageShsOut": 521512000,
        "weightedAverageShsOutDil": 536843000,
        "link": "https://www.sec.gov/Archives/edgar/data/701985/000102140802011869/0001021408-02-011869-index.htm",
        "finalLink": "https://www.sec.gov/Archives/edgar/data/701985/000102140802011869/d10q.htm"
    },
    {
        "date": "2002-05-04",
        "symbol": "BBWI",
        "reportedCurrency": "USD",
        "cik": "0000701985",
        "fillingDate": "2002-06-17",
        "acceptedDate": "2002-06-17 15:51:05",
        "calendarYear": "2002",
        "period": "Q1",
        "revenue": 1799000000,
        "costOfRevenue": 1177000000,
        "grossProfit": 622000000,
        "grossProfitRatio": 0.3457476376,
        "researchAndDevelopmentExpenses": 0,
        "generalAndAdministrativeExpenses": 0,
        "sellingAndMarketingExpenses": 0,
        "sellingGeneralAndAdministrativeExpenses": 494000000,
        "otherExpenses": 34000000,
        "operatingExpenses": 528000000,
        "costAndExpenses": 1705000000,
        "interestIncome": 0,
        "interestExpense": 0,
        "depreciationAndAmortization": 76000000,
        "ebitda": 170000000,
        "ebitdaratio": 0.0944969427,
        "operatingIncome": 94000000,
        "operatingIncomeRatio": 0.0522512507,
        "totalOtherIncomeExpensesNet": -8000000,
        "incomeBeforeTax": 86000000,
        "incomeBeforeTaxRatio": 0.0478043357,
        "incomeTaxExpense": 42000000,
        "netIncome": 50000000,
        "netIncomeRatio": 0.0277932185,
        "eps": 0.11,
        "epsdiluted": 0.1,
        "weightedAverageShsOut": 474000000,
        "weightedAverageShsOutDil": 487000000,
        "link": "https://www.sec.gov/Archives/edgar/data/701985/000102140802008471/0001021408-02-008471-index.htm",
        "finalLink": "https://www.sec.gov/Archives/edgar/data/701985/000102140802008471/d10q.txt"
    },
    {
        "date": "2002-01-31",
        "symbol": "BBWI",
        "reportedCurrency": "USD",
        "cik": "0000701985",
        "fillingDate": "2002-04-22",
        "acceptedDate": "2002-04-22 00:00:00",
        "calendarYear": "2001",
        "period": "Q4",
        "revenue": 3137560000,
        "costOfRevenue": 1813659000,
        "grossProfit": 1323901000,
        "grossProfitRatio": 0.4219524089,
        "researchAndDevelopmentExpenses": 0,
        "generalAndAdministrativeExpenses": 0,
        "sellingAndMarketingExpenses": 0,
        "sellingGeneralAndAdministrativeExpenses": 699132000,
        "otherExpenses": 0,
        "operatingExpenses": 699132000,
        "costAndExpenses": 2512791000,
        "interestIncome": 0,
        "interestExpense": 0,
        "depreciationAndAmortization": 65386000,
        "ebitda": 690155000,
        "ebitdaratio": 0.2199655146,
        "operatingIncome": 624769000,
        "operatingIncomeRatio": 0.1991257538,
        "totalOtherIncomeExpensesNet": -51161000,
        "incomeBeforeTax": 573608000,
        "incomeBeforeTaxRatio": 0.1828197708,
        "incomeTaxExpense": 247000000,
        "netIncome": 326608000,
        "netIncomeRatio": 0.1040961766,
        "eps": 0.74,
        "epsdiluted": 0.72,
        "weightedAverageShsOut": 475322034,
        "weightedAverageShsOutDil": 484655172,
        "link": "https://www.sec.gov/Archives/edgar/data/701985/000095010902002157/0000950109-02-002157-index.htm",
        "finalLink": "https://www.sec.gov/Archives/edgar/data/701985/000095010902002157/d10k.htm"
    },
    {
        "date": "2001-11-03",
        "symbol": "BBWI",
        "reportedCurrency": "USD",
        "cik": "0000701985",
        "fillingDate": "2001-12-14",
        "acceptedDate": "2001-12-14 00:00:00",
        "calendarYear": "2001",
        "period": "Q3",
        "revenue": 1906484000,
        "costOfRevenue": 1339899000,
        "grossProfit": 566585000,
        "grossProfitRatio": 0.2971884369,
        "researchAndDevelopmentExpenses": 0,
        "generalAndAdministrativeExpenses": 583127000000,
        "sellingAndMarketingExpenses": 0,
        "sellingGeneralAndAdministrativeExpenses": 583127000000,
        "otherExpenses": -582713873000,
        "operatingExpenses": 413127000,
        "costAndExpenses": 1753026000,
        "interestIncome": 0,
        "interestExpense": 0,
        "depreciationAndAmortization": 60912000,
        "ebitda": 214370000,
        "ebitdaratio": 0.1124425907,
        "operatingIncome": 153458000,
        "operatingIncomeRatio": 0.0804926766,
        "totalOtherIncomeExpensesNet": -4307000,
        "incomeBeforeTax": 149151000,
        "incomeBeforeTaxRatio": 0.0782335441,
        "incomeTaxExpense": 59000000,
        "netIncome": 90151000,
        "netIncomeRatio": 0.0472865233,
        "eps": 0.21,
        "epsdiluted": 0.21,
        "weightedAverageShsOut": 429000000,
        "weightedAverageShsOutDil": 433000000,
        "link": "https://www.sec.gov/Archives/edgar/data/701985/000102140801511408/0001021408-01-511408-index.htm",
        "finalLink": "https://www.sec.gov/Archives/edgar/data/701985/000102140801511408/d10q.htm"
    },
    {
        "date": "2001-08-04",
        "symbol": "BBWI",
        "reportedCurrency": "USD",
        "cik": "0000701985",
        "fillingDate": "2001-09-17",
        "acceptedDate": "2001-09-17 00:00:00",
        "calendarYear": "2001",
        "period": "Q2",
        "revenue": 2192111000,
        "costOfRevenue": 1500145000,
        "grossProfit": 691966000,
        "grossProfitRatio": 0.315661935,
        "researchAndDevelopmentExpenses": 0,
        "generalAndAdministrativeExpenses": 614949000000,
        "sellingAndMarketingExpenses": -614334051000,
        "sellingGeneralAndAdministrativeExpenses": 614949000,
        "otherExpenses": 0,
        "operatingExpenses": 614949000,
        "costAndExpenses": 2115094000,
        "interestIncome": 0,
        "interestExpense": 0,
        "depreciationAndAmortization": 85377000,
        "ebitda": 162394000,
        "ebitdaratio": 0.0740811026,
        "operatingIncome": 77017000,
        "operatingIncomeRatio": 0.0351337136,
        "totalOtherIncomeExpensesNet": 49533000,
        "incomeBeforeTax": 126550000,
        "incomeBeforeTaxRatio": 0.0577297409,
        "incomeTaxExpense": 55000000,
        "netIncome": 71550000,
        "netIncomeRatio": 0.0326397705,
        "eps": 0.17,
        "epsdiluted": 0.16,
        "weightedAverageShsOut": 427587000,
        "weightedAverageShsOutDil": 435832000,
        "link": "https://www.sec.gov/Archives/edgar/data/701985/000102140801506863/0001021408-01-506863-index.htm",
        "finalLink": "https://www.sec.gov/Archives/edgar/data/701985/000102140801506863/d10q.htm"
    },
    {
        "date": "2001-05-05",
        "symbol": "BBWI",
        "reportedCurrency": "USD",
        "cik": "0000701985",
        "fillingDate": "2001-06-18",
        "acceptedDate": "2001-06-18 00:00:00",
        "calendarYear": "2001",
        "period": "Q1",
        "revenue": 2126845000,
        "costOfRevenue": 1456297000,
        "grossProfit": 670548000,
        "grossProfitRatio": 0.3152782643,
        "researchAndDevelopmentExpenses": 0,
        "generalAndAdministrativeExpenses": 607792000000,
        "sellingAndMarketingExpenses": -607184208000,
        "sellingGeneralAndAdministrativeExpenses": 607792000,
        "otherExpenses": 0,
        "operatingExpenses": 607792000,
        "costAndExpenses": 2064089000,
        "interestIncome": 0,
        "interestExpense": 0,
        "depreciationAndAmortization": 65325000,
        "ebitda": 128081000,
        "ebitdaratio": 0.0602211257,
        "operatingIncome": 62756000,
        "operatingIncomeRatio": 0.0295066166,
        "totalOtherIncomeExpensesNet": -8065000,
        "incomeBeforeTax": 54691000,
        "incomeBeforeTaxRatio": 0.0257146148,
        "incomeTaxExpense": 24000000,
        "netIncome": 30691000,
        "netIncomeRatio": 0.0144302946,
        "eps": 0.07,
        "epsdiluted": 0.07,
        "weightedAverageShsOut": 438442857,
        "weightedAverageShsOutDil": 438442857,
        "link": "https://www.sec.gov/Archives/edgar/data/701985/000095010901501794/0000950109-01-501794-index.htm",
        "finalLink": "https://www.sec.gov/Archives/edgar/data/701985/000095010901501794/d10q.htm"
    },
    {
        "date": "2001-01-31",
        "symbol": "BBWI",
        "reportedCurrency": "USD",
        "cik": "0000701985",
        "fillingDate": "2001-04-24",
        "acceptedDate": "2001-04-24 00:00:00",
        "calendarYear": "2000",
        "period": "Q4",
        "revenue": 3564001000,
        "costOfRevenue": 2235043000,
        "grossProfit": 1328958000,
        "grossProfitRatio": 0.3728837338,
        "researchAndDevelopmentExpenses": 0,
        "generalAndAdministrativeExpenses": 0,
        "sellingAndMarketingExpenses": 0,
        "sellingGeneralAndAdministrativeExpenses": 761430000,
        "otherExpenses": 76220000,
        "operatingExpenses": 837650000,
        "costAndExpenses": 3072693000,
        "interestIncome": 0,
        "interestExpense": 0,
        "depreciationAndAmortization": 76220000,
        "ebitda": 567528000,
        "ebitdaratio": 0.1592390126,
        "operatingIncome": 491308000,
        "operatingIncomeRatio": 0.1378529355,
        "totalOtherIncomeExpensesNet": -71157000,
        "incomeBeforeTax": 420151000,
        "incomeBeforeTaxRatio": 0.1178874529,
        "incomeTaxExpense": 182000000,
        "netIncome": 238151000,
        "netIncomeRatio": 0.0668212495,
        "eps": 0.51,
        "epsdiluted": 0.49,
        "weightedAverageShsOut": 517427263,
        "weightedAverageShsOutDil": 548415681,
        "link": "https://www.sec.gov/Archives/edgar/data/701985/000095010901500716/0000950109-01-500716-index.htm",
        "finalLink": "https://www.sec.gov/Archives/edgar/data/701985/000095010901500716/d10k.htm"
    },
    {
        "date": "2000-10-28",
        "symbol": "BBWI",
        "reportedCurrency": "USD",
        "cik": "0000701985",
        "fillingDate": "2000-12-11",
        "acceptedDate": "2000-12-11 00:00:00",
        "calendarYear": "2000",
        "period": "Q3",
        "revenue": 2169192000,
        "costOfRevenue": 1365010000,
        "grossProfit": 804182000,
        "grossProfitRatio": 0.3707288244,
        "researchAndDevelopmentExpenses": 0,
        "generalAndAdministrativeExpenses": 637957000,
        "sellingAndMarketingExpenses": 0,
        "sellingGeneralAndAdministrativeExpenses": 637957000,
        "otherExpenses": 64107000,
        "operatingExpenses": 702064000,
        "costAndExpenses": 2067074000,
        "interestIncome": 0,
        "interestExpense": 0,
        "depreciationAndAmortization": 62172000,
        "ebitda": 118595000,
        "ebitdaratio": 0.054672431,
        "operatingIncome": 102118000,
        "operatingIncomeRatio": 0.0470765151,
        "totalOtherIncomeExpensesNet": -14887000,
        "incomeBeforeTax": 87231000,
        "incomeBeforeTaxRatio": 0.0402135911,
        "incomeTaxExpense": 38000000,
        "netIncome": 49231000,
        "netIncomeRatio": 0.0226955475,
        "eps": 0.12,
        "epsdiluted": 0.11,
        "weightedAverageShsOut": 425578000,
        "weightedAverageShsOutDil": 441369000,
        "link": "https://www.sec.gov/Archives/edgar/data/701985/000095010900004809/0000950109-00-004809-index.htm",
        "finalLink": "https://www.sec.gov/Archives/edgar/data/701985/000095010900004809/0000950109-00-004809-0001.htm"
    },
    {
        "date": "2000-07-29",
        "symbol": "BBWI",
        "reportedCurrency": "USD",
        "cik": "0000701985",
        "fillingDate": "2000-09-08",
        "acceptedDate": "2000-09-08 00:00:00",
        "calendarYear": "2000",
        "period": "Q2",
        "revenue": 2289317000,
        "costOfRevenue": 1546899000,
        "grossProfit": 742418000,
        "grossProfitRatio": 0.3242967226,
        "researchAndDevelopmentExpenses": 0,
        "generalAndAdministrativeExpenses": 585885000,
        "sellingAndMarketingExpenses": -541000,
        "sellingGeneralAndAdministrativeExpenses": 585344000,
        "otherExpenses": 0,
        "operatingExpenses": 585344000,
        "costAndExpenses": 2132243000,
        "interestIncome": 0,
        "interestExpense": 0,
        "depreciationAndAmortization": 68095000,
        "ebitda": 225169000,
        "ebitdaratio": 0.0983564094,
        "operatingIncome": 157074000,
        "operatingIncomeRatio": 0.06861173,
        "totalOtherIncomeExpensesNet": -17501000,
        "incomeBeforeTax": 139573000,
        "incomeBeforeTaxRatio": 0.0609670919,
        "incomeTaxExpense": 62000000,
        "netIncome": 77573000,
        "netIncomeRatio": 0.0338847787,
        "eps": 0.18,
        "epsdiluted": 0.17,
        "weightedAverageShsOut": 428616000,
        "weightedAverageShsOutDil": 446229000,
        "link": "https://www.sec.gov/Archives/edgar/data/701985/000102140800002784/0001021408-00-002784-index.htm",
        "finalLink": "https://www.sec.gov/Archives/edgar/data/701985/000102140800002784/0001021408-00-002784-0001.htm"
    },
    {
        "date": "2000-04-29",
        "symbol": "BBWI",
        "reportedCurrency": "USD",
        "cik": "0000701985",
        "fillingDate": "2000-06-09",
        "acceptedDate": "2000-06-09 00:00:00",
        "calendarYear": "2000",
        "period": "Q1",
        "revenue": 2124986000,
        "costOfRevenue": 1426939000,
        "grossProfit": 698047000,
        "grossProfitRatio": 0.3284948701,
        "researchAndDevelopmentExpenses": 0,
        "generalAndAdministrativeExpenses": 571129000,
        "sellingAndMarketingExpenses": -131000,
        "sellingGeneralAndAdministrativeExpenses": 570998000,
        "otherExpenses": 0,
        "operatingExpenses": 570998000,
        "costAndExpenses": 1997937000,
        "interestIncome": 0,
        "interestExpense": 0,
        "depreciationAndAmortization": 64659000,
        "ebitda": 191708000,
        "ebitdaratio": 0.0902161238,
        "operatingIncome": 127049000,
        "operatingIncomeRatio": 0.0597881586,
        "totalOtherIncomeExpensesNet": -15099000,
        "incomeBeforeTax": 111950000,
        "incomeBeforeTaxRatio": 0.0526827,
        "incomeTaxExpense": 49000000,
        "netIncome": 62950000,
        "netIncomeRatio": 0.0296237246,
        "eps": 0.15,
        "epsdiluted": 0.14,
        "weightedAverageShsOut": 430484000,
        "weightedAverageShsOutDil": 445306000,
        "link": "https://www.sec.gov/Archives/edgar/data/701985/000095010900002442/0000950109-00-002442-index.htm",
        "finalLink": "https://www.sec.gov/Archives/edgar/data/701985/000095010900002442/0000950109-00-002442-0001.htm"
    },
    {
        "date": "2000-01-31",
        "symbol": "BBWI",
        "reportedCurrency": "USD",
        "cik": "0000701985",
        "fillingDate": "2000-04-25",
        "acceptedDate": "2000-04-25 00:00:00",
        "calendarYear": "1999",
        "period": "Q4",
        "revenue": 3286634000,
        "costOfRevenue": 1936514000,
        "grossProfit": 1350120000,
        "grossProfitRatio": 0.4107911012,
        "researchAndDevelopmentExpenses": 0,
        "generalAndAdministrativeExpenses": 0,
        "sellingAndMarketingExpenses": 0,
        "sellingGeneralAndAdministrativeExpenses": 682438000,
        "otherExpenses": 64143000,
        "operatingExpenses": 746581000,
        "costAndExpenses": 2683095000,
        "interestIncome": 0,
        "interestExpense": 0,
        "depreciationAndAmortization": 64143000,
        "ebitda": 667682000,
        "ebitdaratio": 0.2031507007,
        "operatingIncome": 603539000,
        "operatingIncomeRatio": 0.183634381,
        "totalOtherIncomeExpensesNet": -16480000,
        "incomeBeforeTax": 587059000,
        "incomeBeforeTaxRatio": 0.1786201323,
        "incomeTaxExpense": 253000000,
        "netIncome": 334059000,
        "netIncomeRatio": 0.1016416796,
        "eps": 0.69,
        "epsdiluted": 0.66,
        "weightedAverageShsOut": 570942998,
        "weightedAverageShsOutDil": 575017921,
        "link": "https://www.sec.gov/Archives/edgar/data/701985/000102140800001562/0001021408-00-001562-index.html",
        "finalLink": "https://www.sec.gov/Archives/edgar/data/701985/000102140800001562/0001021408-00-001562-d1.html"
    },
    {
        "date": "1999-10-30",
        "symbol": "BBWI",
        "reportedCurrency": "USD",
        "cik": "0000701985",
        "fillingDate": "1999-12-10",
        "acceptedDate": "1999-12-10 00:00:00",
        "calendarYear": "1999",
        "period": "Q3",
        "revenue": 2064100000,
        "costOfRevenue": 1322000000,
        "grossProfit": 742100000,
        "grossProfitRatio": 0.3595271547,
        "researchAndDevelopmentExpenses": 0,
        "generalAndAdministrativeExpenses": 0,
        "sellingAndMarketingExpenses": 0,
        "sellingGeneralAndAdministrativeExpenses": 585100000,
        "otherExpenses": 64500000,
        "operatingExpenses": 649600000,
        "costAndExpenses": 1971600000,
        "interestIncome": 0,
        "interestExpense": 0,
        "depreciationAndAmortization": 64500000,
        "ebitda": 157000000,
        "ebitdaratio": 0.0760622063,
        "operatingIncome": 92500000,
        "operatingIncomeRatio": 0.0448137203,
        "totalOtherIncomeExpensesNet": -5800000,
        "incomeBeforeTax": 86700000,
        "incomeBeforeTaxRatio": 0.0420037789,
        "incomeTaxExpense": 46000000,
        "netIncome": 40700000,
        "netIncomeRatio": 0.0197180369,
        "eps": 0.1,
        "epsdiluted": 0.09,
        "weightedAverageShsOut": 407000000,
        "weightedAverageShsOutDil": 452222222,
        "link": "https://www.sec.gov/Archives/edgar/data/701985/000095013299001028/0000950132-99-001028-index.html",
        "finalLink": "https://www.sec.gov/Archives/edgar/data/701985/000095013299001028/"
    },
    {
        "date": "1999-07-31",
        "symbol": "BBWI",
        "reportedCurrency": "USD",
        "cik": "0000701985",
        "fillingDate": "1999-09-13",
        "acceptedDate": "1999-09-13 00:00:00",
        "calendarYear": "1999",
        "period": "Q2",
        "revenue": 2267800000,
        "costOfRevenue": 1465700000,
        "grossProfit": 802100000,
        "grossProfitRatio": 0.3536908017,
        "researchAndDevelopmentExpenses": 0,
        "generalAndAdministrativeExpenses": 0,
        "sellingAndMarketingExpenses": 0,
        "sellingGeneralAndAdministrativeExpenses": 602100000,
        "otherExpenses": 68400000,
        "operatingExpenses": 670500000,
        "costAndExpenses": 2136200000,
        "interestIncome": 0,
        "interestExpense": 0,
        "depreciationAndAmortization": 68400000,
        "ebitda": 200000000,
        "ebitdaratio": 0.0881911985,
        "operatingIncome": 131600000,
        "operatingIncomeRatio": 0.0580298086,
        "totalOtherIncomeExpensesNet": -34200000,
        "incomeBeforeTax": 97400000,
        "incomeBeforeTaxRatio": 0.0429491137,
        "incomeTaxExpense": 45000000,
        "netIncome": 52400000,
        "netIncomeRatio": 0.023106094,
        "eps": 0.12,
        "epsdiluted": 0.11,
        "weightedAverageShsOut": 460452000,
        "weightedAverageShsOutDil": 460452000,
        "link": "https://www.sec.gov/Archives/edgar/data/701985/000095010999003354/0000950109-99-003354-index.html",
        "finalLink": "https://www.sec.gov/Archives/edgar/data/701985/000095010999003354/"
    },
    {
        "date": "1999-05-01",
        "symbol": "BBWI",
        "reportedCurrency": "USD",
        "cik": "0000701985",
        "fillingDate": "1999-06-11",
        "acceptedDate": "1999-06-11 00:00:00",
        "calendarYear": "1999",
        "period": "Q1",
        "revenue": 2104800000,
        "costOfRevenue": 1369200000,
        "grossProfit": 735600000,
        "grossProfitRatio": 0.3494868871,
        "researchAndDevelopmentExpenses": 0,
        "generalAndAdministrativeExpenses": 0,
        "sellingAndMarketingExpenses": 0,
        "sellingGeneralAndAdministrativeExpenses": 590800000,
        "otherExpenses": 75400000,
        "operatingExpenses": 666200000,
        "costAndExpenses": 2035400000,
        "interestIncome": 0,
        "interestExpense": 0,
        "depreciationAndAmortization": 75400000,
        "ebitda": 144800000,
        "ebitdaratio": 0.0687951349,
        "operatingIncome": 69400000,
        "operatingIncomeRatio": 0.0329722539,
        "totalOtherIncomeExpensesNet": -8900000,
        "incomeBeforeTax": 60500000,
        "incomeBeforeTaxRatio": 0.0287438236,
        "incomeTaxExpense": 27000000,
        "netIncome": 33500000,
        "netIncomeRatio": 0.0159160015,
        "eps": 0.08,
        "epsdiluted": 0.07,
        "weightedAverageShsOut": 418750000,
        "weightedAverageShsOutDil": 478571429,
        "link": "https://www.sec.gov/Archives/edgar/data/701985/000095013299000586/0000950132-99-000586-index.html",
        "finalLink": "https://www.sec.gov/Archives/edgar/data/701985/000095013299000586/"
    },
    {
        "date": "1999-01-31",
        "symbol": "BBWI",
        "reportedCurrency": "USD",
        "cik": "0000701985",
        "fillingDate": "1999-04-21",
        "acceptedDate": "1999-04-21 00:00:00",
        "calendarYear": "1998",
        "period": "Q4",
        "revenue": 3255900000,
        "costOfRevenue": 2004100000,
        "grossProfit": 1251800000,
        "grossProfitRatio": 0.3844712675,
        "researchAndDevelopmentExpenses": 0,
        "generalAndAdministrativeExpenses": 0,
        "sellingAndMarketingExpenses": 0,
        "sellingGeneralAndAdministrativeExpenses": 696100000,
        "otherExpenses": 71900000,
        "operatingExpenses": 768000000,
        "costAndExpenses": 2772100000,
        "interestIncome": 0,
        "interestExpense": 0,
        "depreciationAndAmortization": 71900000,
        "ebitda": 555700000,
        "ebitdaratio": 0.170674775,
        "operatingIncome": 483800000,
        "operatingIncomeRatio": 0.1485917872,
        "totalOtherIncomeExpensesNet": -42400000,
        "incomeBeforeTax": 441400000,
        "incomeBeforeTaxRatio": 0.1355692742,
        "incomeTaxExpense": 191000000,
        "netIncome": 250400000,
        "netIncomeRatio": 0.0769065389,
        "eps": 0.58,
        "epsdiluted": 0.56,
        "weightedAverageShsOut": 452112197,
        "weightedAverageShsOutDil": 465677753,
        "link": "https://www.sec.gov/Archives/edgar/data/701985/000095010999001502/0000950109-99-001502-index.html",
        "finalLink": "https://www.sec.gov/Archives/edgar/data/701985/"
    },
    {
        "date": "1998-10-31",
        "symbol": "BBWI",
        "reportedCurrency": "USD",
        "cik": "0000701985",
        "fillingDate": "1998-12-14",
        "acceptedDate": "1998-12-14 00:00:00",
        "calendarYear": "1998",
        "period": "Q3",
        "revenue": 1999900000,
        "costOfRevenue": 1313400000,
        "grossProfit": 686500000,
        "grossProfitRatio": 0.3432671634,
        "researchAndDevelopmentExpenses": 0,
        "generalAndAdministrativeExpenses": 0,
        "sellingAndMarketingExpenses": 0,
        "sellingGeneralAndAdministrativeExpenses": 535800000,
        "otherExpenses": 69700000,
        "operatingExpenses": 605500000,
        "costAndExpenses": 1918900000,
        "interestIncome": 0,
        "interestExpense": 0,
        "depreciationAndAmortization": 69700000,
        "ebitda": 150700000,
        "ebitdaratio": 0.0753537677,
        "operatingIncome": 81000000,
        "operatingIncomeRatio": 0.0405020251,
        "totalOtherIncomeExpensesNet": -10600000,
        "incomeBeforeTax": 70400000,
        "incomeBeforeTaxRatio": 0.0352017601,
        "incomeTaxExpense": 31000000,
        "netIncome": 39400000,
        "netIncomeRatio": 0.019700985,
        "eps": 0.09,
        "epsdiluted": 0.09,
        "weightedAverageShsOut": 437777778,
        "weightedAverageShsOutDil": 437777778,
        "link": "https://www.sec.gov/Archives/edgar/data/701985/000102140898001052/0001021408-98-001052-index.html",
        "finalLink": "https://www.sec.gov/Archives/edgar/data/701985/"
    },
    {
        "date": "1998-08-01",
        "symbol": "BBWI",
        "reportedCurrency": "USD",
        "cik": "0000701985",
        "fillingDate": "1998-09-14",
        "acceptedDate": "1998-09-14 00:00:00",
        "calendarYear": "1998",
        "period": "Q2",
        "revenue": 2083100000,
        "costOfRevenue": 1398700000,
        "grossProfit": 684400000,
        "grossProfitRatio": 0.3285487975,
        "researchAndDevelopmentExpenses": 0,
        "generalAndAdministrativeExpenses": 0,
        "sellingAndMarketingExpenses": 0,
        "sellingGeneralAndAdministrativeExpenses": 538300000,
        "otherExpenses": 69700000,
        "operatingExpenses": 608000000,
        "costAndExpenses": 2006700000,
        "interestIncome": 0,
        "interestExpense": 0,
        "depreciationAndAmortization": 69700000,
        "ebitda": 146100000,
        "ebitdaratio": 0.0701358552,
        "operatingIncome": 76400000,
        "operatingIncomeRatio": 0.0366761077,
        "totalOtherIncomeExpensesNet": 1637900000,
        "incomeBeforeTax": 1714300000,
        "incomeBeforeTaxRatio": 0.8229561711,
        "incomeTaxExpense": 30000000,
        "netIncome": 1684300000,
        "netIncomeRatio": 0.8085545581,
        "eps": 3.57,
        "epsdiluted": 3.47,
        "weightedAverageShsOut": 471792717,
        "weightedAverageShsOutDil": 485389049,
        "link": "https://www.sec.gov/Archives/edgar/data/701985/000095013298000718/0000950132-98-000718-index.html",
        "finalLink": "https://www.sec.gov/Archives/edgar/data/701985/"
    },
    {
        "date": "1998-05-02",
        "symbol": "BBWI",
        "reportedCurrency": "USD",
        "cik": "0000701985",
        "fillingDate": "1998-06-11",
        "acceptedDate": "1998-06-11 00:00:00",
        "calendarYear": "1998",
        "period": "Q1",
        "revenue": 2008100000,
        "costOfRevenue": 1346700000,
        "grossProfit": 661400000,
        "grossProfitRatio": 0.3293660674,
        "researchAndDevelopmentExpenses": 0,
        "generalAndAdministrativeExpenses": 0,
        "sellingAndMarketingExpenses": 0,
        "sellingGeneralAndAdministrativeExpenses": 530300000,
        "otherExpenses": 74700000,
        "operatingExpenses": 605000000,
        "costAndExpenses": 1951700000,
        "interestIncome": 0,
        "interestExpense": 0,
        "depreciationAndAmortization": 74700000,
        "ebitda": 131100000,
        "ebitdaratio": 0.0652855933,
        "operatingIncome": 56400000,
        "operatingIncomeRatio": 0.0280862507,
        "totalOtherIncomeExpensesNet": 81100000,
        "incomeBeforeTax": 137500000,
        "incomeBeforeTaxRatio": 0.0684726856,
        "incomeTaxExpense": 58000000,
        "netIncome": 79500000,
        "netIncomeRatio": 0.0395896619,
        "eps": 0.15,
        "epsdiluted": 0.14,
        "weightedAverageShsOut": 530000000,
        "weightedAverageShsOutDil": 567857143,
        "link": "https://www.sec.gov/Archives/edgar/data/701985/000095010998003624/0000950109-98-003624-index.html",
        "finalLink": "https://www.sec.gov/Archives/edgar/data/701985/"
    },
    {
        "date": "1998-01-31",
        "symbol": "BBWI",
        "reportedCurrency": "USD",
        "cik": "0000701985",
        "fillingDate": "1998-04-29",
        "acceptedDate": "1998-04-29 00:00:00",
        "calendarYear": "1997",
        "period": "Q4",
        "revenue": 3268400000,
        "costOfRevenue": 2024900000,
        "grossProfit": 1243500000,
        "grossProfitRatio": 0.3804613878,
        "researchAndDevelopmentExpenses": 0,
        "generalAndAdministrativeExpenses": 0,
        "sellingAndMarketingExpenses": 0,
        "sellingGeneralAndAdministrativeExpenses": 680900000,
        "otherExpenses": 86700000,
        "operatingExpenses": 767600000,
        "costAndExpenses": 2792500000,
        "interestIncome": 0,
        "interestExpense": 0,
        "depreciationAndAmortization": 86700000,
        "ebitda": 562600000,
        "ebitdaratio": 0.1721331538,
        "operatingIncome": 475900000,
        "operatingIncomeRatio": 0.1456064129,
        "totalOtherIncomeExpensesNet": -311600000,
        "incomeBeforeTax": 164300000,
        "incomeBeforeTaxRatio": 0.0502692449,
        "incomeTaxExpense": 79000000,
        "netIncome": 85300000,
        "netIncomeRatio": 0.0260983968,
        "eps": 0.15,
        "epsdiluted": 0.15,
        "weightedAverageShsOut": 578493590,
        "weightedAverageShsOutDil": 578493590,
        "link": "https://www.sec.gov/Archives/edgar/data/701985/000095010998002823/0000950109-98-002823-index.html",
        "finalLink": "https://www.sec.gov/Archives/edgar/data/701985/"
    },
    {
        "date": "1997-11-01",
        "symbol": "BBWI",
        "reportedCurrency": "USD",
        "cik": "0000701985",
        "fillingDate": "1997-12-15",
        "acceptedDate": "1997-12-15 00:00:00",
        "calendarYear": "1997",
        "period": "Q3",
        "revenue": 2070600000,
        "costOfRevenue": 1372700000,
        "grossProfit": 697900000,
        "grossProfitRatio": 0.3370520622,
        "researchAndDevelopmentExpenses": 0,
        "generalAndAdministrativeExpenses": 0,
        "sellingAndMarketingExpenses": 0,
        "sellingGeneralAndAdministrativeExpenses": 525800000,
        "otherExpenses": 76900000,
        "operatingExpenses": 602700000,
        "costAndExpenses": 1975400000,
        "interestIncome": 0,
        "interestExpense": 0,
        "depreciationAndAmortization": 76900000,
        "ebitda": 172100000,
        "ebitdaratio": 0.083116005,
        "operatingIncome": 95200000,
        "operatingIncomeRatio": 0.0459770115,
        "totalOtherIncomeExpensesNet": 43500000,
        "incomeBeforeTax": 138700000,
        "incomeBeforeTaxRatio": 0.0669854149,
        "incomeTaxExpense": 59000000,
        "netIncome": 79700000,
        "netIncomeRatio": 0.0384912586,
        "eps": 0.15,
        "epsdiluted": 0.15,
        "weightedAverageShsOut": 531333333,
        "weightedAverageShsOutDil": 531333333,
        "link": "https://www.sec.gov/Archives/edgar/data/701985/000095010997007535/0000950109-97-007535-index.html",
        "finalLink": "https://www.sec.gov/Archives/edgar/data/701985/"
    },
    {
        "date": "1997-08-02",
        "symbol": "BBWI",
        "reportedCurrency": "USD",
        "cik": "0000701985",
        "fillingDate": "1997-09-12",
        "acceptedDate": "1997-09-12 00:00:00",
        "calendarYear": "1997",
        "period": "Q2",
        "revenue": 2020100000,
        "costOfRevenue": 1406900000,
        "grossProfit": 613200000,
        "grossProfitRatio": 0.3035493292,
        "researchAndDevelopmentExpenses": 0,
        "generalAndAdministrativeExpenses": 0,
        "sellingAndMarketingExpenses": 0,
        "sellingGeneralAndAdministrativeExpenses": 466200000,
        "otherExpenses": 74300000,
        "operatingExpenses": 540500000,
        "costAndExpenses": 1947400000,
        "interestIncome": 0,
        "interestExpense": 0,
        "depreciationAndAmortization": 74300000,
        "ebitda": 147000000,
        "ebitdaratio": 0.0727686748,
        "operatingIncome": 72700000,
        "operatingIncomeRatio": 0.0359883174,
        "totalOtherIncomeExpensesNet": -20100000,
        "incomeBeforeTax": 52600000,
        "incomeBeforeTaxRatio": 0.0260383149,
        "incomeTaxExpense": 25000000,
        "netIncome": 27600000,
        "netIncomeRatio": 0.01366269,
        "eps": 0.05,
        "epsdiluted": 0.05,
        "weightedAverageShsOut": 552000000,
        "weightedAverageShsOutDil": 552000000,
        "link": "https://www.sec.gov/Archives/edgar/data/701985/000095010997005911/0000950109-97-005911-index.html",
        "finalLink": "https://www.sec.gov/Archives/edgar/data/701985/"
    },
    {
        "date": "1997-05-03",
        "symbol": "BBWI",
        "reportedCurrency": "USD",
        "cik": "0000701985",
        "fillingDate": "1997-06-12",
        "acceptedDate": "1997-06-12 00:00:00",
        "calendarYear": "1997",
        "period": "Q1",
        "revenue": 1829800000,
        "costOfRevenue": 1252900000,
        "grossProfit": 576900000,
        "grossProfitRatio": 0.3152803585,
        "researchAndDevelopmentExpenses": 0,
        "generalAndAdministrativeExpenses": 0,
        "sellingAndMarketingExpenses": 0,
        "sellingGeneralAndAdministrativeExpenses": 451800000,
        "otherExpenses": 75400000,
        "operatingExpenses": 527200000,
        "costAndExpenses": 1780100000,
        "interestIncome": 0,
        "interestExpense": 0,
        "depreciationAndAmortization": 75400000,
        "ebitda": 125100000,
        "ebitdaratio": 0.0683681277,
        "operatingIncome": 49700000,
        "operatingIncomeRatio": 0.0271614384,
        "totalOtherIncomeExpensesNet": -4800000,
        "incomeBeforeTax": 44900000,
        "incomeBeforeTaxRatio": 0.0245382009,
        "incomeTaxExpense": 20000000,
        "netIncome": 24900000,
        "netIncomeRatio": 0.0136080446,
        "eps": 0.05,
        "epsdiluted": 0.05,
        "weightedAverageShsOut": 498000000,
        "weightedAverageShsOutDil": 498000000,
        "link": "https://www.sec.gov/Archives/edgar/data/701985/000095010997004523/0000950109-97-004523-index.html",
        "finalLink": "https://www.sec.gov/Archives/edgar/data/701985/"
    },
    {
        "date": "1997-01-31",
        "symbol": "BBWI",
        "reportedCurrency": "USD",
        "cik": "0000701985",
        "fillingDate": "1997-04-30",
        "acceptedDate": "1997-04-30 00:00:00",
        "calendarYear": "1996",
        "period": "Q4",
        "revenue": 2966300000,
        "costOfRevenue": 1913000000,
        "grossProfit": 1053300000,
        "grossProfitRatio": 0.3550888312,
        "researchAndDevelopmentExpenses": 0,
        "generalAndAdministrativeExpenses": 0,
        "sellingAndMarketingExpenses": 0,
        "sellingGeneralAndAdministrativeExpenses": 555400000,
        "otherExpenses": 73500000,
        "operatingExpenses": 628900000,
        "costAndExpenses": 2541900000,
        "interestIncome": 0,
        "interestExpense": 0,
        "depreciationAndAmortization": 73500000,
        "ebitda": 497900000,
        "ebitdaratio": 0.1678522065,
        "operatingIncome": 424400000,
        "operatingIncomeRatio": 0.1430738631,
        "totalOtherIncomeExpensesNet": -49000000,
        "incomeBeforeTax": 375400000,
        "incomeBeforeTaxRatio": 0.1265549675,
        "incomeTaxExpense": 162000000,
        "netIncome": 213400000,
        "netIncomeRatio": 0.0719414759,
        "eps": 0.38,
        "epsdiluted": 0.37,
        "weightedAverageShsOut": 570666667,
        "weightedAverageShsOutDil": 599584416,
        "link": "https://www.sec.gov/Archives/edgar/data/701985/000095010997003383/0000950109-97-003383-index.html",
        "finalLink": "https://www.sec.gov/Archives/edgar/data/701985/"
    },
    {
        "date": "1996-11-02",
        "symbol": "BBWI",
        "reportedCurrency": "USD",
        "cik": "0000701985",
        "fillingDate": "1996-12-13",
        "acceptedDate": "1996-12-13 00:00:00",
        "calendarYear": "1996",
        "period": "Q3",
        "revenue": 1995000000,
        "costOfRevenue": 1367800000,
        "grossProfit": 627200000,
        "grossProfitRatio": 0.3143859649,
        "researchAndDevelopmentExpenses": 0,
        "generalAndAdministrativeExpenses": 0,
        "sellingAndMarketingExpenses": 0,
        "sellingGeneralAndAdministrativeExpenses": 467000000,
        "otherExpenses": 71800000,
        "operatingExpenses": 538800000,
        "costAndExpenses": 1906600000,
        "interestIncome": 0,
        "interestExpense": 0,
        "depreciationAndAmortization": 71800000,
        "ebitda": 160200000,
        "ebitdaratio": 0.0803007519,
        "operatingIncome": 88400000,
        "operatingIncomeRatio": 0.0443107769,
        "totalOtherIncomeExpensesNet": 100100000,
        "incomeBeforeTax": 188500000,
        "incomeBeforeTaxRatio": 0.0944862155,
        "incomeTaxExpense": 29000000,
        "netIncome": 159500000,
        "netIncomeRatio": 0.0799498747,
        "eps": 0.3,
        "epsdiluted": 0.3,
        "weightedAverageShsOut": 531666667,
        "weightedAverageShsOutDil": 531666667,
        "link": "https://www.sec.gov/Archives/edgar/data/701985/000095013296000781/0000950132-96-000781-index.html",
        "finalLink": "https://www.sec.gov/Archives/edgar/data/701985/"
    },
    {
        "date": "1996-08-03",
        "symbol": "BBWI",
        "reportedCurrency": "USD",
        "cik": "0000701985",
        "fillingDate": "1996-09-13",
        "acceptedDate": "1996-09-13 00:00:00",
        "calendarYear": "1996",
        "period": "Q2",
        "revenue": 1895600000,
        "costOfRevenue": 1331200000,
        "grossProfit": 564400000,
        "grossProfitRatio": 0.2977421397,
        "researchAndDevelopmentExpenses": 0,
        "generalAndAdministrativeExpenses": 0,
        "sellingAndMarketingExpenses": 0,
        "sellingGeneralAndAdministrativeExpenses": 410400000,
        "otherExpenses": 72500000,
        "operatingExpenses": 482900000,
        "costAndExpenses": 1814100000,
        "interestIncome": 0,
        "interestExpense": 0,
        "depreciationAndAmortization": 72500000,
        "ebitda": 154000000,
        "ebitdaratio": 0.0812407681,
        "operatingIncome": 81500000,
        "operatingIncomeRatio": 0.0429943026,
        "totalOtherIncomeExpensesNet": -20300000,
        "incomeBeforeTax": 61200000,
        "incomeBeforeTaxRatio": 0.0322852923,
        "incomeTaxExpense": 28000000,
        "netIncome": 33200000,
        "netIncomeRatio": 0.0175142435,
        "eps": 0.06,
        "epsdiluted": 0.06,
        "weightedAverageShsOut": 553333333,
        "weightedAverageShsOutDil": 553333333,
        "link": "https://www.sec.gov/Archives/edgar/data/701985/000095013296000573/0000950132-96-000573-index.html",
        "finalLink": "https://www.sec.gov/Archives/edgar/data/701985/"
    },
    {
        "date": "1996-05-04",
        "symbol": "BBWI",
        "reportedCurrency": "USD",
        "cik": "0000701985",
        "fillingDate": "1996-06-14",
        "acceptedDate": "1996-06-14 00:00:00",
        "calendarYear": "1996",
        "period": "Q1",
        "revenue": 1787900000,
        "costOfRevenue": 1246600000,
        "grossProfit": 541300000,
        "grossProfitRatio": 0.3027574249,
        "researchAndDevelopmentExpenses": 0,
        "generalAndAdministrativeExpenses": 0,
        "sellingAndMarketingExpenses": 0,
        "sellingGeneralAndAdministrativeExpenses": 415700000,
        "otherExpenses": 71800000,
        "operatingExpenses": 487500000,
        "costAndExpenses": 1734100000,
        "interestIncome": 0,
        "interestExpense": 0,
        "depreciationAndAmortization": 71800000,
        "ebitda": 125600000,
        "ebitdaratio": 0.070250014,
        "operatingIncome": 53800000,
        "operatingIncomeRatio": 0.0300911684,
        "totalOtherIncomeExpensesNet": -3600000,
        "incomeBeforeTax": 50200000,
        "incomeBeforeTaxRatio": 0.028077633,
        "incomeTaxExpense": 22000000,
        "netIncome": 28200000,
        "netIncomeRatio": 0.0157726942,
        "eps": 0.05,
        "epsdiluted": 0.05,
        "weightedAverageShsOut": 564000000,
        "weightedAverageShsOutDil": 564000000,
        "link": "https://www.sec.gov/Archives/edgar/data/701985/000095010996003830/0000950109-96-003830-index.html",
        "finalLink": "https://www.sec.gov/Archives/edgar/data/701985/"
    },
    {
        "date": "1996-01-31",
        "symbol": "BBWI",
        "reportedCurrency": "USD",
        "cik": "0000701985",
        "fillingDate": "1996-05-02",
        "acceptedDate": "1996-05-02 00:00:00",
        "calendarYear": "1995",
        "period": "Q4",
        "revenue": 2771300000,
        "costOfRevenue": 1892100000,
        "grossProfit": 879200000,
        "grossProfitRatio": 0.3172518313,
        "researchAndDevelopmentExpenses": 0,
        "generalAndAdministrativeExpenses": 0,
        "sellingAndMarketingExpenses": 0,
        "sellingGeneralAndAdministrativeExpenses": 464300000,
        "otherExpenses": 71000000,
        "operatingExpenses": 535300000,
        "costAndExpenses": 2427400000,
        "interestIncome": 0,
        "interestExpense": 0,
        "depreciationAndAmortization": 71000000,
        "ebitda": 414900000,
        "ebitdaratio": 0.149713131,
        "operatingIncome": 343900000,
        "operatingIncomeRatio": 0.1240933858,
        "totalOtherIncomeExpensesNet": 8300000,
        "incomeBeforeTax": 352200000,
        "incomeBeforeTaxRatio": 0.1270883701,
        "incomeTaxExpense": 136000000,
        "netIncome": 216200000,
        "netIncomeRatio": 0.0780139285,
        "eps": 0.31,
        "epsdiluted": 0.3,
        "weightedAverageShsOut": 698985043,
        "weightedAverageShsOutDil": 720245408,
        "link": "https://www.sec.gov/Archives/edgar/data/701985/000095013296000246/0000950132-96-000246-index.html",
        "finalLink": "https://www.sec.gov/Archives/edgar/data/701985/"
    },
    {
        "date": "1995-10-28",
        "symbol": "BBWI",
        "reportedCurrency": "USD",
        "cik": "0000701985",
        "fillingDate": "1995-12-08",
        "acceptedDate": "1995-12-08 00:00:00",
        "calendarYear": "1995",
        "period": "Q3",
        "revenue": 1803300000,
        "costOfRevenue": 1276800000,
        "grossProfit": 526500000,
        "grossProfitRatio": 0.2919647313,
        "researchAndDevelopmentExpenses": 0,
        "generalAndAdministrativeExpenses": 0,
        "sellingAndMarketingExpenses": 0,
        "sellingGeneralAndAdministrativeExpenses": 361600000,
        "otherExpenses": 73500000,
        "operatingExpenses": 435100000,
        "costAndExpenses": 1711900000,
        "interestIncome": 0,
        "interestExpense": 0,
        "depreciationAndAmortization": 73500000,
        "ebitda": 164900000,
        "ebitdaratio": 0.0914434648,
        "operatingIncome": 91400000,
        "operatingIncomeRatio": 0.0506848555,
        "totalOtherIncomeExpensesNet": 593900000,
        "incomeBeforeTax": 685300000,
        "incomeBeforeTaxRatio": 0.3800255088,
        "incomeTaxExpense": 28000000,
        "netIncome": 657300000,
        "netIncomeRatio": 0.3644984196,
        "eps": 0.92,
        "epsdiluted": 0.92,
        "weightedAverageShsOut": 714456522,
        "weightedAverageShsOutDil": 714456522,
        "link": "https://www.sec.gov/Archives/edgar/data/701985/000095010995005144/0000950109-95-005144-index.html",
        "finalLink": "https://www.sec.gov/Archives/edgar/data/701985/"
    },
    {
        "date": "1995-07-29",
        "symbol": "BBWI",
        "reportedCurrency": "USD",
        "cik": "0000701985",
        "fillingDate": "1995-09-11",
        "acceptedDate": "1995-09-11 00:00:00",
        "calendarYear": "1995",
        "period": "Q2",
        "revenue": 1718600000,
        "costOfRevenue": 1223000000,
        "grossProfit": 495600000,
        "grossProfitRatio": 0.2883742581,
        "researchAndDevelopmentExpenses": 0,
        "generalAndAdministrativeExpenses": 0,
        "sellingAndMarketingExpenses": 0,
        "sellingGeneralAndAdministrativeExpenses": 326900000,
        "otherExpenses": 71900000,
        "operatingExpenses": 398800000,
        "costAndExpenses": 1621800000,
        "interestIncome": 0,
        "interestExpense": 0,
        "depreciationAndAmortization": 71900000,
        "ebitda": 168700000,
        "ebitdaratio": 0.0981612941,
        "operatingIncome": 96800000,
        "operatingIncomeRatio": 0.0563249156,
        "totalOtherIncomeExpensesNet": -16000000,
        "incomeBeforeTax": 80800000,
        "incomeBeforeTaxRatio": 0.0470150122,
        "incomeTaxExpense": 32000000,
        "netIncome": 48800000,
        "netIncomeRatio": 0.0283952054,
        "eps": 0.07,
        "epsdiluted": 0.07,
        "weightedAverageShsOut": 697142857,
        "weightedAverageShsOutDil": 697142857,
        "link": "https://www.sec.gov/Archives/edgar/data/701985/000095010995003685/0000950109-95-003685-index.html",
        "finalLink": "https://www.sec.gov/Archives/edgar/data/701985/"
    },
    {
        "date": "1995-04-29",
        "symbol": "BBWI",
        "reportedCurrency": "USD",
        "cik": "0000701985",
        "fillingDate": "1995-06-12",
        "acceptedDate": "1995-06-12 00:00:00",
        "calendarYear": "1995",
        "period": "Q1",
        "revenue": 1588100000,
        "costOfRevenue": 1116000000,
        "grossProfit": 472100000,
        "grossProfitRatio": 0.2972734714,
        "researchAndDevelopmentExpenses": 0,
        "generalAndAdministrativeExpenses": 0,
        "sellingAndMarketingExpenses": 0,
        "sellingGeneralAndAdministrativeExpenses": 322600000,
        "otherExpenses": 69500000,
        "operatingExpenses": 392100000,
        "costAndExpenses": 1508100000,
        "interestIncome": 0,
        "interestExpense": 0,
        "depreciationAndAmortization": 69500000,
        "ebitda": 149500000,
        "ebitdaratio": 0.0941376488,
        "operatingIncome": 80000000,
        "operatingIncomeRatio": 0.0503746615,
        "totalOtherIncomeExpensesNet": -13800000,
        "incomeBeforeTax": 66200000,
        "incomeBeforeTaxRatio": 0.0416850324,
        "incomeTaxExpense": 27000000,
        "netIncome": 39200000,
        "netIncomeRatio": 0.0246835842,
        "eps": 0.06,
        "epsdiluted": 0.06,
        "weightedAverageShsOut": 653333333,
        "weightedAverageShsOutDil": 653333333,
        "link": "https://www.sec.gov/Archives/edgar/data/701985/000095015295001236/0000950152-95-001236-index.html",
        "finalLink": "https://www.sec.gov/Archives/edgar/data/701985/"
    },
    {
        "date": "1995-01-31",
        "symbol": "BBWI",
        "reportedCurrency": "USD",
        "cik": "0000701985",
        "fillingDate": "1995-04-27",
        "acceptedDate": "1995-04-27 00:00:00",
        "calendarYear": "1994",
        "period": "Q4",
        "revenue": 2538600000,
        "costOfRevenue": 1636700000,
        "grossProfit": 901900000,
        "grossProfitRatio": 0.3552745608,
        "researchAndDevelopmentExpenses": 0,
        "generalAndAdministrativeExpenses": 0,
        "sellingAndMarketingExpenses": 0,
        "sellingGeneralAndAdministrativeExpenses": 391500000,
        "otherExpenses": 70400000,
        "operatingExpenses": 461900000,
        "costAndExpenses": 2098600000,
        "interestIncome": 0,
        "interestExpense": 0,
        "depreciationAndAmortization": 70400000,
        "ebitda": 510400000,
        "ebitdaratio": 0.2010557,
        "operatingIncome": 440000000,
        "operatingIncomeRatio": 0.1733238793,
        "totalOtherIncomeExpensesNet": -14300000,
        "incomeBeforeTax": 425700000,
        "incomeBeforeTaxRatio": 0.1676908532,
        "incomeTaxExpense": 169000000,
        "netIncome": 256700000,
        "netIncomeRatio": 0.1011187269,
        "eps": 0.36,
        "epsdiluted": 0.36,
        "weightedAverageShsOut": 716962000,
        "weightedAverageShsOutDil": 717386000,
        "link": "https://www.sec.gov/Archives/edgar/data/701985/000095015295000769/0000950152-95-000769-index.html",
        "finalLink": "https://www.sec.gov/Archives/edgar/data/701985/"
    },
    {
        "date": "1994-10-29",
        "symbol": "BBWI",
        "reportedCurrency": "USD",
        "cik": "0000701985",
        "fillingDate": "1994-12-13",
        "acceptedDate": "1994-12-13 00:00:00",
        "calendarYear": "1994",
        "period": "Q3",
        "revenue": 1715200000,
        "costOfRevenue": 1150300000,
        "grossProfit": 564900000,
        "grossProfitRatio": 0.329349347,
        "researchAndDevelopmentExpenses": 0,
        "generalAndAdministrativeExpenses": 0,
        "sellingAndMarketingExpenses": 0,
        "sellingGeneralAndAdministrativeExpenses": 329800000,
        "otherExpenses": 69500000,
        "operatingExpenses": 399300000,
        "costAndExpenses": 1549600000,
        "interestIncome": 0,
        "interestExpense": 0,
        "depreciationAndAmortization": 69500000,
        "ebitda": 235100000,
        "ebitdaratio": 0.1370685634,
        "operatingIncome": 165600000,
        "operatingIncomeRatio": 0.0965485075,
        "totalOtherIncomeExpensesNet": -15100000,
        "incomeBeforeTax": 150500000,
        "incomeBeforeTaxRatio": 0.0877448694,
        "incomeTaxExpense": 60000000,
        "netIncome": 90500000,
        "netIncomeRatio": 0.0527635261,
        "eps": 0.13,
        "epsdiluted": 0.13,
        "weightedAverageShsOut": 717762000,
        "weightedAverageShsOutDil": 717762000,
        "link": "https://www.sec.gov/Archives/edgar/data/701985/000095015294001223/0000950152-94-001223-index.html",
        "finalLink": "https://www.sec.gov/Archives/edgar/data/701985/"
    },
    {
        "date": "1994-07-30",
        "symbol": "BBWI",
        "reportedCurrency": "USD",
        "cik": "0000701985",
        "fillingDate": "1994-09-13",
        "acceptedDate": "1994-09-13 00:00:00",
        "calendarYear": "1994",
        "period": "Q2",
        "revenue": 1585400000,
        "costOfRevenue": 1122800000,
        "grossProfit": 462600000,
        "grossProfitRatio": 0.2917875615,
        "researchAndDevelopmentExpenses": 0,
        "generalAndAdministrativeExpenses": 0,
        "sellingAndMarketingExpenses": 0,
        "sellingGeneralAndAdministrativeExpenses": 300400000,
        "otherExpenses": 59900000,
        "operatingExpenses": 360300000,
        "costAndExpenses": 1483100000,
        "interestIncome": 0,
        "interestExpense": 0,
        "depreciationAndAmortization": 59900000,
        "ebitda": 162200000,
        "ebitdaratio": 0.1023085657,
        "operatingIncome": 102300000,
        "operatingIncomeRatio": 0.0645263025,
        "totalOtherIncomeExpensesNet": -13500000,
        "incomeBeforeTax": 88800000,
        "incomeBeforeTaxRatio": 0.0560111013,
        "incomeTaxExpense": 35000000,
        "netIncome": 53800000,
        "netIncomeRatio": 0.0339346537,
        "eps": 0.08,
        "epsdiluted": 0.08,
        "weightedAverageShsOut": 717268000,
        "weightedAverageShsOutDil": 717268000,
        "link": "https://www.sec.gov/Archives/edgar/data/701985/000091205794003031/0000912057-94-003031-index.html",
        "finalLink": "https://www.sec.gov/Archives/edgar/data/701985/"
    },
    {
        "date": "1994-04-30",
        "symbol": "BBWI",
        "reportedCurrency": "USD",
        "cik": "0000701985",
        "fillingDate": "1994-06-13",
        "acceptedDate": "1994-06-13 00:00:00",
        "calendarYear": "1994",
        "period": "Q1",
        "revenue": 1481600000,
        "costOfRevenue": 1028700000,
        "grossProfit": 452900000,
        "grossProfitRatio": 0.3056830454,
        "researchAndDevelopmentExpenses": 0,
        "generalAndAdministrativeExpenses": 0,
        "sellingAndMarketingExpenses": 0,
        "sellingGeneralAndAdministrativeExpenses": 293700000,
        "otherExpenses": 68000000,
        "operatingExpenses": 361700000,
        "costAndExpenses": 1390400000,
        "interestIncome": 0,
        "interestExpense": 0,
        "depreciationAndAmortization": 68000000,
        "ebitda": 159200000,
        "ebitdaratio": 0.1074514039,
        "operatingIncome": 91200000,
        "operatingIncomeRatio": 0.0615550756,
        "totalOtherIncomeExpensesNet": -11900000,
        "incomeBeforeTax": 79300000,
        "incomeBeforeTaxRatio": 0.0535232181,
        "incomeTaxExpense": 32000000,
        "netIncome": 47300000,
        "netIncomeRatio": 0.031924946,
        "eps": 0.07,
        "epsdiluted": 0.07,
        "weightedAverageShsOut": 717126000,
        "weightedAverageShsOutDil": 717126000,
        "link": "https://www.sec.gov/Archives/edgar/data/701985/000095010994000982/0000950109-94-000982-index.html",
        "finalLink": "https://www.sec.gov/Archives/edgar/data/701985/"
    },
    {
        "date": "1994-01-31",
        "symbol": "BBWI",
        "reportedCurrency": "USD",
        "cik": "0000701985",
        "fillingDate": "1994-04-25",
        "acceptedDate": "1994-04-25 00:00:00",
        "calendarYear": "1993",
        "period": "Q4",
        "revenue": 2420800000,
        "costOfRevenue": 1649000000,
        "grossProfit": 771800000,
        "grossProfitRatio": 0.3188202247,
        "researchAndDevelopmentExpenses": 0,
        "generalAndAdministrativeExpenses": 0,
        "sellingAndMarketingExpenses": 0,
        "sellingGeneralAndAdministrativeExpenses": 365100000,
        "otherExpenses": 68500000,
        "operatingExpenses": 433600000,
        "costAndExpenses": 2082600000,
        "interestIncome": 0,
        "interestExpense": 0,
        "depreciationAndAmortization": 68500000,
        "ebitda": 406700000,
        "ebitdaratio": 0.1680023133,
        "operatingIncome": 338200000,
        "operatingIncomeRatio": 0.1397058824,
        "totalOtherIncomeExpensesNet": -12900000,
        "incomeBeforeTax": 325300000,
        "incomeBeforeTaxRatio": 0.1343770654,
        "incomeTaxExpense": 129000000,
        "netIncome": 196300000,
        "netIncomeRatio": 0.0810888962,
        "eps": 0.28,
        "epsdiluted": 0.27,
        "weightedAverageShsOut": 680303030,
        "weightedAverageShsOutDil": 732962963,
        "link": "https://www.sec.gov/Archives/edgar/data/701985/000095010994000723/0000950109-94-000723-index.html",
        "finalLink": "https://www.sec.gov/Archives/edgar/data/701985/"
    },
    {
        "date": "1993-10-31",
        "symbol": "BBWI",
        "reportedCurrency": "USD",
        "cik": "0000701985",
        "fillingDate": "1993-10-31",
        "acceptedDate": "1993-10-31 00:00:00",
        "calendarYear": "1993",
        "period": "Q3",
        "revenue": 1616700000,
        "costOfRevenue": 1105800000,
        "grossProfit": 510900000,
        "grossProfitRatio": 0.3160141028,
        "researchAndDevelopmentExpenses": 0,
        "generalAndAdministrativeExpenses": 0,
        "sellingAndMarketingExpenses": 0,
        "sellingGeneralAndAdministrativeExpenses": 298200000,
        "otherExpenses": 63900000,
        "operatingExpenses": 362100000,
        "costAndExpenses": 1467900000,
        "interestIncome": 0,
        "interestExpense": 0,
        "depreciationAndAmortization": 63900000,
        "ebitda": 212700000,
        "ebitdaratio": 0.1315642976,
        "operatingIncome": 148800000,
        "operatingIncomeRatio": 0.0920393394,
        "totalOtherIncomeExpensesNet": -12600000,
        "incomeBeforeTax": 136200000,
        "incomeBeforeTaxRatio": 0.0842456857,
        "incomeTaxExpense": 54000000,
        "netIncome": 82200000,
        "netIncomeRatio": 0.0508443125,
        "eps": 0.12,
        "epsdiluted": 0.12,
        "weightedAverageShsOut": 685000000,
        "weightedAverageShsOutDil": 685000000,
        "link": null,
        "finalLink": null
    },
    {
        "date": "1993-07-31",
        "symbol": "BBWI",
        "reportedCurrency": "USD",
        "cik": "0000701985",
        "fillingDate": "1993-07-31",
        "acceptedDate": "1993-07-31 00:00:00",
        "calendarYear": "1993",
        "period": "Q2",
        "revenue": 1689000000,
        "costOfRevenue": 1190800000,
        "grossProfit": 498200000,
        "grossProfitRatio": 0.2949674364,
        "researchAndDevelopmentExpenses": 0,
        "generalAndAdministrativeExpenses": 0,
        "sellingAndMarketingExpenses": 0,
        "sellingGeneralAndAdministrativeExpenses": 301400000,
        "otherExpenses": 70600000,
        "operatingExpenses": 372000000,
        "costAndExpenses": 1562800000,
        "interestIncome": 0,
        "interestExpense": 0,
        "depreciationAndAmortization": 70500000,
        "ebitda": 196800000,
        "ebitdaratio": 0.1165186501,
        "operatingIncome": 126200000,
        "operatingIncomeRatio": 0.0747187685,
        "totalOtherIncomeExpensesNet": -15000000,
        "incomeBeforeTax": 111200000,
        "incomeBeforeTaxRatio": 0.0658377738,
        "incomeTaxExpense": 43000000,
        "netIncome": 68200000,
        "netIncomeRatio": 0.0403789224,
        "eps": 0.1,
        "epsdiluted": 0.1,
        "weightedAverageShsOut": 682000000,
        "weightedAverageShsOutDil": 682000000,
        "link": null,
        "finalLink": null
    },
    {
        "date": "1993-04-30",
        "symbol": "BBWI",
        "reportedCurrency": "USD",
        "cik": "0000701985",
        "fillingDate": "1993-04-30",
        "acceptedDate": "1993-04-30 00:00:00",
        "calendarYear": "1993",
        "period": "Q1",
        "revenue": 1518600000,
        "costOfRevenue": 1069300000,
        "grossProfit": 449300000,
        "grossProfitRatio": 0.2958646121,
        "researchAndDevelopmentExpenses": 0,
        "generalAndAdministrativeExpenses": 0,
        "sellingAndMarketingExpenses": 0,
        "sellingGeneralAndAdministrativeExpenses": 295200000,
        "otherExpenses": 68500000,
        "operatingExpenses": 363700000,
        "costAndExpenses": 1433000000,
        "interestIncome": 0,
        "interestExpense": 0,
        "depreciationAndAmortization": 68500000,
        "ebitda": 154100000,
        "ebitdaratio": 0.1014750428,
        "operatingIncome": 85600000,
        "operatingIncomeRatio": 0.0563677071,
        "totalOtherIncomeExpensesNet": -13400000,
        "incomeBeforeTax": 72200000,
        "incomeBeforeTaxRatio": 0.0475437903,
        "incomeTaxExpense": 28000000,
        "netIncome": 44200000,
        "netIncomeRatio": 0.0291057553,
        "eps": 0.06,
        "epsdiluted": 0.06,
        "weightedAverageShsOut": 736666667,
        "weightedAverageShsOutDil": 736666667,
        "link": null,
        "finalLink": null
    },
    {
        "date": "1993-01-31",
        "symbol": "BBWI",
        "reportedCurrency": "USD",
        "cik": "0000701985",
        "fillingDate": "1993-01-31",
        "acceptedDate": "1993-01-31 00:00:00",
        "calendarYear": "1992",
        "period": "Q4",
        "revenue": 2428000000,
        "costOfRevenue": 1581000000,
        "grossProfit": 847000000,
        "grossProfitRatio": 0.3488467875,
        "researchAndDevelopmentExpenses": 0,
        "generalAndAdministrativeExpenses": 0,
        "sellingAndMarketingExpenses": 0,
        "sellingGeneralAndAdministrativeExpenses": 367100000,
        "otherExpenses": 65600000,
        "operatingExpenses": 432700000,
        "costAndExpenses": 2013700000,
        "interestIncome": 0,
        "interestExpense": 0,
        "depreciationAndAmortization": 65600000,
        "ebitda": 479900000,
        "ebitdaratio": 0.1976523888,
        "operatingIncome": 414300000,
        "operatingIncomeRatio": 0.1706342669,
        "totalOtherIncomeExpensesNet": -14400000,
        "incomeBeforeTax": 399900000,
        "incomeBeforeTaxRatio": 0.1647034596,
        "incomeTaxExpense": 156000000,
        "netIncome": 243900000,
        "netIncomeRatio": 0.1004530478,
        "eps": 0.34,
        "epsdiluted": 0.34,
        "weightedAverageShsOut": 703097975,
        "weightedAverageShsOutDil": 703097975,
        "link": null,
        "finalLink": null
    },
    {
        "date": "1992-10-31",
        "symbol": "BBWI",
        "reportedCurrency": "USD",
        "cik": "0000701985",
        "fillingDate": "1992-10-31",
        "acceptedDate": "1992-10-31 00:00:00",
        "calendarYear": "1992",
        "period": "Q3",
        "revenue": 1611300000,
        "costOfRevenue": 1103700000,
        "grossProfit": 507600000,
        "grossProfitRatio": 0.315025135,
        "researchAndDevelopmentExpenses": 0,
        "generalAndAdministrativeExpenses": 0,
        "sellingAndMarketingExpenses": 0,
        "sellingGeneralAndAdministrativeExpenses": 295100000,
        "otherExpenses": 67200000,
        "operatingExpenses": 362300000,
        "costAndExpenses": 1466000000,
        "interestIncome": 0,
        "interestExpense": 0,
        "depreciationAndAmortization": 67100000,
        "ebitda": 212500000,
        "ebitdaratio": 0.1318810898,
        "operatingIncome": 145300000,
        "operatingIncomeRatio": 0.0901756346,
        "totalOtherIncomeExpensesNet": -15300000,
        "incomeBeforeTax": 130000000,
        "incomeBeforeTaxRatio": 0.0806801961,
        "incomeTaxExpense": 50000000,
        "netIncome": 80000000,
        "netIncomeRatio": 0.0496493515,
        "eps": 0.11,
        "epsdiluted": 0.11,
        "weightedAverageShsOut": 727272727,
        "weightedAverageShsOutDil": 727272727,
        "link": null,
        "finalLink": null
    },
    {
        "date": "1992-07-31",
        "symbol": "BBWI",
        "reportedCurrency": "USD",
        "cik": "0000701985",
        "fillingDate": "1992-07-31",
        "acceptedDate": "1992-07-31 00:00:00",
        "calendarYear": "1992",
        "period": "Q2",
        "revenue": 1489400000,
        "costOfRevenue": 1026300000,
        "grossProfit": 463100000,
        "grossProfitRatio": 0.3109305761,
        "researchAndDevelopmentExpenses": 0,
        "generalAndAdministrativeExpenses": 0,
        "sellingAndMarketingExpenses": 0,
        "sellingGeneralAndAdministrativeExpenses": 268200000,
        "otherExpenses": 52200000,
        "operatingExpenses": 320400000,
        "costAndExpenses": 1346700000,
        "interestIncome": 0,
        "interestExpense": 0,
        "depreciationAndAmortization": 52200000,
        "ebitda": 194900000,
        "ebitdaratio": 0.1308580636,
        "operatingIncome": 142700000,
        "operatingIncomeRatio": 0.0958103934,
        "totalOtherIncomeExpensesNet": -11600000,
        "incomeBeforeTax": 131100000,
        "incomeBeforeTaxRatio": 0.0880220223,
        "incomeTaxExpense": 51000000,
        "netIncome": 80100000,
        "netIncomeRatio": 0.0537800457,
        "eps": 0.11,
        "epsdiluted": 0.11,
        "weightedAverageShsOut": 728181818,
        "weightedAverageShsOutDil": 728181818,
        "link": null,
        "finalLink": null
    },
    {
        "date": "1992-04-30",
        "symbol": "BBWI",
        "reportedCurrency": "USD",
        "cik": "0000701985",
        "fillingDate": "1992-04-30",
        "acceptedDate": "1992-04-30 00:00:00",
        "calendarYear": "1992",
        "period": "Q1",
        "revenue": 1415600000,
        "costOfRevenue": 995500000,
        "grossProfit": 420100000,
        "grossProfitRatio": 0.2967646228,
        "researchAndDevelopmentExpenses": 0,
        "generalAndAdministrativeExpenses": 0,
        "sellingAndMarketingExpenses": 0,
        "sellingGeneralAndAdministrativeExpenses": 271600000,
        "otherExpenses": 62100000,
        "operatingExpenses": 333700000,
        "costAndExpenses": 1329200000,
        "interestIncome": 0,
        "interestExpense": 0,
        "depreciationAndAmortization": 62100000,
        "ebitda": 148500000,
        "ebitdaratio": 0.1049025148,
        "operatingIncome": 86400000,
        "operatingIncomeRatio": 0.0610341904,
        "totalOtherIncomeExpensesNet": -1900000,
        "incomeBeforeTax": 84500000,
        "incomeBeforeTaxRatio": 0.0596920034,
        "incomeTaxExpense": 33000000,
        "netIncome": 51500000,
        "netIncomeRatio": 0.0363803334,
        "eps": 0.07,
        "epsdiluted": 0.07,
        "weightedAverageShsOut": 735714286,
        "weightedAverageShsOutDil": 735714286,
        "link": null,
        "finalLink": null
    },
    {
        "date": "1992-01-31",
        "symbol": "BBWI",
        "reportedCurrency": "USD",
        "cik": "0000701985",
        "fillingDate": "1992-01-31",
        "acceptedDate": "1992-01-31 00:00:00",
        "calendarYear": "1991",
        "period": "Q4",
        "revenue": 2056100000,
        "costOfRevenue": 1333300000,
        "grossProfit": 722800000,
        "grossProfitRatio": 0.351539322,
        "researchAndDevelopmentExpenses": 0,
        "generalAndAdministrativeExpenses": 0,
        "sellingAndMarketingExpenses": 0,
        "sellingGeneralAndAdministrativeExpenses": 318600000,
        "otherExpenses": 61400000,
        "operatingExpenses": 380000000,
        "costAndExpenses": 1713300000,
        "interestIncome": 0,
        "interestExpense": 0,
        "depreciationAndAmortization": 61400000,
        "ebitda": 404200000,
        "ebitdaratio": 0.1965857692,
        "operatingIncome": 342800000,
        "operatingIncomeRatio": 0.1667234084,
        "totalOtherIncomeExpensesNet": -14500000,
        "incomeBeforeTax": 328300000,
        "incomeBeforeTaxRatio": 0.1596712222,
        "incomeTaxExpense": 128000000,
        "netIncome": 200300000,
        "netIncomeRatio": 0.0974174408,
        "eps": 0.28,
        "epsdiluted": 0.28,
        "weightedAverageShsOut": 705714286,
        "weightedAverageShsOutDil": 705714286,
        "link": null,
        "finalLink": null
    },
    {
        "date": "1991-10-31",
        "symbol": "BBWI",
        "reportedCurrency": "USD",
        "cik": "0000701985",
        "fillingDate": "1991-10-31",
        "acceptedDate": "1991-10-31 00:00:00",
        "calendarYear": "1991",
        "period": "Q3",
        "revenue": 1433400000,
        "costOfRevenue": 978300000,
        "grossProfit": 455100000,
        "grossProfitRatio": 0.3174968606,
        "researchAndDevelopmentExpenses": 0,
        "generalAndAdministrativeExpenses": 0,
        "sellingAndMarketingExpenses": 0,
        "sellingGeneralAndAdministrativeExpenses": 265200000,
        "otherExpenses": 55300000,
        "operatingExpenses": 320500000,
        "costAndExpenses": 1298800000,
        "interestIncome": 0,
        "interestExpense": 0,
        "depreciationAndAmortization": 55300000,
        "ebitda": 189900000,
        "ebitdaratio": 0.1324822101,
        "operatingIncome": 134600000,
        "operatingIncomeRatio": 0.0939026092,
        "totalOtherIncomeExpensesNet": -15700000,
        "incomeBeforeTax": 118900000,
        "incomeBeforeTaxRatio": 0.0829496302,
        "incomeTaxExpense": 46000000,
        "netIncome": 72900000,
        "netIncomeRatio": 0.0508580996,
        "eps": 0.1,
        "epsdiluted": 0.1,
        "weightedAverageShsOut": 729000000,
        "weightedAverageShsOutDil": 729000000,
        "link": null,
        "finalLink": null
    },
    {
        "date": "1991-07-31",
        "symbol": "BBWI",
        "reportedCurrency": "USD",
        "cik": "0000701985",
        "fillingDate": "1991-07-31",
        "acceptedDate": "1991-07-31 00:00:00",
        "calendarYear": "1991",
        "period": "Q2",
        "revenue": 1375200000,
        "costOfRevenue": 931300000,
        "grossProfit": 443900000,
        "grossProfitRatio": 0.3227894124,
        "researchAndDevelopmentExpenses": 0,
        "generalAndAdministrativeExpenses": 0,
        "sellingAndMarketingExpenses": 0,
        "sellingGeneralAndAdministrativeExpenses": 249000000,
        "otherExpenses": 54400000,
        "operatingExpenses": 303400000,
        "costAndExpenses": 1234700000,
        "interestIncome": 0,
        "interestExpense": 0,
        "depreciationAndAmortization": 54400000,
        "ebitda": 194900000,
        "ebitdaratio": 0.14172484,
        "operatingIncome": 140500000,
        "operatingIncomeRatio": 0.1021669575,
        "totalOtherIncomeExpensesNet": -11300000,
        "incomeBeforeTax": 129200000,
        "incomeBeforeTaxRatio": 0.0939499709,
        "incomeTaxExpense": 50000000,
        "netIncome": 79200000,
        "netIncomeRatio": 0.057591623,
        "eps": 0.11,
        "epsdiluted": 0.11,
        "weightedAverageShsOut": 720000000,
        "weightedAverageShsOutDil": 720000000,
        "link": null,
        "finalLink": null
    },
    {
        "date": "1991-04-30",
        "symbol": "BBWI",
        "reportedCurrency": "USD",
        "cik": "0000701985",
        "fillingDate": "1991-04-30",
        "acceptedDate": "1991-04-30 00:00:00",
        "calendarYear": "1991",
        "period": "Q1",
        "revenue": 1284500000,
        "costOfRevenue": 890200000,
        "grossProfit": 394300000,
        "grossProfitRatio": 0.3069676917,
        "researchAndDevelopmentExpenses": 0,
        "generalAndAdministrativeExpenses": 0,
        "sellingAndMarketingExpenses": 0,
        "sellingGeneralAndAdministrativeExpenses": 248000000,
        "otherExpenses": 51600000,
        "operatingExpenses": 299600000,
        "costAndExpenses": 1189800000,
        "interestIncome": 0,
        "interestExpense": 0,
        "depreciationAndAmortization": 51600000,
        "ebitda": 146300000,
        "ebitdaratio": 0.1138964578,
        "operatingIncome": 94700000,
        "operatingIncomeRatio": 0.0737251849,
        "totalOtherIncomeExpensesNet": -10800000,
        "incomeBeforeTax": 83900000,
        "incomeBeforeTaxRatio": 0.0653172441,
        "incomeTaxExpense": 33000000,
        "netIncome": 50900000,
        "netIncomeRatio": 0.0396263137,
        "eps": 0.07,
        "epsdiluted": 0.07,
        "weightedAverageShsOut": 727142857,
        "weightedAverageShsOutDil": 727142857,
        "link": null,
        "finalLink": null
    },
    {
        "date": "1991-01-31",
        "symbol": "BBWI",
        "reportedCurrency": "USD",
        "cik": "0000701985",
        "fillingDate": "1991-01-31",
        "acceptedDate": "1991-01-31 00:00:00",
        "calendarYear": "1990",
        "period": "Q4",
        "revenue": 1743700000,
        "costOfRevenue": 1120100000,
        "grossProfit": 623600000,
        "grossProfitRatio": 0.3576303263,
        "researchAndDevelopmentExpenses": 0,
        "generalAndAdministrativeExpenses": 0,
        "sellingAndMarketingExpenses": 0,
        "sellingGeneralAndAdministrativeExpenses": 279700000,
        "otherExpenses": 50000000,
        "operatingExpenses": 329700000,
        "costAndExpenses": 1449800000,
        "interestIncome": 0,
        "interestExpense": 0,
        "depreciationAndAmortization": 50000000,
        "ebitda": 343900000,
        "ebitdaratio": 0.1972242932,
        "operatingIncome": 293900000,
        "operatingIncomeRatio": 0.1685496358,
        "totalOtherIncomeExpensesNet": -11800000,
        "incomeBeforeTax": 282100000,
        "incomeBeforeTaxRatio": 0.1617824167,
        "incomeTaxExpense": 110000000,
        "netIncome": 172100000,
        "netIncomeRatio": 0.0986981706,
        "eps": 0.25,
        "epsdiluted": 0.24,
        "weightedAverageShsOut": 655714286,
        "weightedAverageShsOutDil": 707454545,
        "link": null,
        "finalLink": null
    },
    {
        "date": "1990-10-31",
        "symbol": "BBWI",
        "reportedCurrency": "USD",
        "cik": "0000701985",
        "fillingDate": "1990-10-31",
        "acceptedDate": "1990-10-31 00:00:00",
        "calendarYear": "1990",
        "period": "Q3",
        "revenue": 1247900000,
        "costOfRevenue": 821400000,
        "grossProfit": 426500000,
        "grossProfitRatio": 0.3417741806,
        "researchAndDevelopmentExpenses": 0,
        "generalAndAdministrativeExpenses": 0,
        "sellingAndMarketingExpenses": 0,
        "sellingGeneralAndAdministrativeExpenses": 228000000,
        "otherExpenses": 47400000,
        "operatingExpenses": 275400000,
        "costAndExpenses": 1096800000,
        "interestIncome": 0,
        "interestExpense": 0,
        "depreciationAndAmortization": 47400000,
        "ebitda": 198500000,
        "ebitdaratio": 0.159067233,
        "operatingIncome": 151100000,
        "operatingIncomeRatio": 0.1210834201,
        "totalOtherIncomeExpensesNet": -12200000,
        "incomeBeforeTax": 138900000,
        "incomeBeforeTaxRatio": 0.1113069958,
        "incomeTaxExpense": 54000000,
        "netIncome": 84900000,
        "netIncomeRatio": 0.0680342976,
        "eps": 0.12,
        "epsdiluted": 0.12,
        "weightedAverageShsOut": 707500000,
        "weightedAverageShsOutDil": 707500000,
        "link": null,
        "finalLink": null
    },
    {
        "date": "1990-07-31",
        "symbol": "BBWI",
        "reportedCurrency": "USD",
        "cik": "0000701985",
        "fillingDate": "1990-07-31",
        "acceptedDate": "1990-07-31 00:00:00",
        "calendarYear": "1990",
        "period": "Q2",
        "revenue": 1154600000,
        "costOfRevenue": 758100000,
        "grossProfit": 396500000,
        "grossProfitRatio": 0.3434089728,
        "researchAndDevelopmentExpenses": 0,
        "generalAndAdministrativeExpenses": 0,
        "sellingAndMarketingExpenses": 0,
        "sellingGeneralAndAdministrativeExpenses": 211100000,
        "otherExpenses": 44500000,
        "operatingExpenses": 255600000,
        "costAndExpenses": 1013700000,
        "interestIncome": 0,
        "interestExpense": 0,
        "depreciationAndAmortization": 44400000,
        "ebitda": 185400000,
        "ebitdaratio": 0.1605750909,
        "operatingIncome": 140900000,
        "operatingIncomeRatio": 0.1220336047,
        "totalOtherIncomeExpensesNet": -10900000,
        "incomeBeforeTax": 130000000,
        "incomeBeforeTaxRatio": 0.1125931058,
        "incomeTaxExpense": 51000000,
        "netIncome": 79000000,
        "netIncomeRatio": 0.0684219643,
        "eps": 0.11,
        "epsdiluted": 0.11,
        "weightedAverageShsOut": 718181818,
        "weightedAverageShsOutDil": 718181818,
        "link": null,
        "finalLink": null
    },
    {
        "date": "1990-04-30",
        "symbol": "BBWI",
        "reportedCurrency": "USD",
        "cik": "0000701985",
        "fillingDate": "1990-04-30",
        "acceptedDate": "1990-04-30 00:00:00",
        "calendarYear": "1990",
        "period": "Q1",
        "revenue": 1107300000,
        "costOfRevenue": 739000000,
        "grossProfit": 368300000,
        "grossProfitRatio": 0.3326108552,
        "researchAndDevelopmentExpenses": 0,
        "generalAndAdministrativeExpenses": 0,
        "sellingAndMarketingExpenses": 0,
        "sellingGeneralAndAdministrativeExpenses": 214100000,
        "otherExpenses": 42600000,
        "operatingExpenses": 256700000,
        "costAndExpenses": 995700000,
        "interestIncome": 0,
        "interestExpense": 0,
        "depreciationAndAmortization": 42600000,
        "ebitda": 154200000,
        "ebitdaratio": 0.1392576538,
        "operatingIncome": 111600000,
        "operatingIncomeRatio": 0.1007856949,
        "totalOtherIncomeExpensesNet": -9300000,
        "incomeBeforeTax": 102300000,
        "incomeBeforeTaxRatio": 0.092386887,
        "incomeTaxExpense": 40000000,
        "netIncome": 62300000,
        "netIncomeRatio": 0.056262982,
        "eps": 0.09,
        "epsdiluted": 0.09,
        "weightedAverageShsOut": 692222222,
        "weightedAverageShsOutDil": 692222222,
        "link": null,
        "finalLink": null
    },
    {
        "date": "1990-01-31",
        "symbol": "BBWI",
        "reportedCurrency": "USD",
        "cik": "0000701985",
        "fillingDate": "1990-01-31",
        "acceptedDate": "1990-01-31 00:00:00",
        "calendarYear": "1989",
        "period": "Q4",
        "revenue": 1582500000,
        "costOfRevenue": 1017900000,
        "grossProfit": 564600000,
        "grossProfitRatio": 0.3567772512,
        "researchAndDevelopmentExpenses": 0,
        "generalAndAdministrativeExpenses": 0,
        "sellingAndMarketingExpenses": 0,
        "sellingGeneralAndAdministrativeExpenses": 251300000,
        "otherExpenses": 44200000,
        "operatingExpenses": 295500000,
        "costAndExpenses": 1313400000,
        "interestIncome": 0,
        "interestExpense": 0,
        "depreciationAndAmortization": 44200000,
        "ebitda": 313300000,
        "ebitdaratio": 0.1979778831,
        "operatingIncome": 269100000,
        "operatingIncomeRatio": 0.1700473934,
        "totalOtherIncomeExpensesNet": -13000000,
        "incomeBeforeTax": 256100000,
        "incomeBeforeTaxRatio": 0.1618325434,
        "incomeTaxExpense": 103000000,
        "netIncome": 153100000,
        "netIncomeRatio": 0.0967456556,
        "eps": 0.22,
        "epsdiluted": 0.21,
        "weightedAverageShsOut": 678503401,
        "weightedAverageShsOutDil": 737500000,
        "link": null,
        "finalLink": null
    },
    {
        "date": "1989-10-31",
        "symbol": "BBWI",
        "reportedCurrency": "USD",
        "cik": "0000701985",
        "fillingDate": "1989-10-31",
        "acceptedDate": "1989-10-31 00:00:00",
        "calendarYear": "1989",
        "period": "Q3",
        "revenue": 1110400000,
        "costOfRevenue": 723000000,
        "grossProfit": 387400000,
        "grossProfitRatio": 0.3488832853,
        "researchAndDevelopmentExpenses": 0,
        "generalAndAdministrativeExpenses": 0,
        "sellingAndMarketingExpenses": 0,
        "sellingGeneralAndAdministrativeExpenses": 197600000,
        "otherExpenses": 40300000,
        "operatingExpenses": 237900000,
        "costAndExpenses": 960900000,
        "interestIncome": 0,
        "interestExpense": 0,
        "depreciationAndAmortization": 40300000,
        "ebitda": 189800000,
        "ebitdaratio": 0.1709293948,
        "operatingIncome": 149500000,
        "operatingIncomeRatio": 0.1346361671,
        "totalOtherIncomeExpensesNet": -10600000,
        "incomeBeforeTax": 138900000,
        "incomeBeforeTaxRatio": 0.1250900576,
        "incomeTaxExpense": 54000000,
        "netIncome": 84900000,
        "netIncomeRatio": 0.0764589337,
        "eps": 0.12,
        "epsdiluted": 0.12,
        "weightedAverageShsOut": 707500000,
        "weightedAverageShsOutDil": 707500000,
        "link": null,
        "finalLink": null
    },
    {
        "date": "1989-07-31",
        "symbol": "BBWI",
        "reportedCurrency": "USD",
        "cik": "0000701985",
        "fillingDate": "1989-07-31",
        "acceptedDate": "1989-07-31 00:00:00",
        "calendarYear": "1989",
        "period": "Q2",
        "revenue": 990300000,
        "costOfRevenue": 0,
        "grossProfit": 990300000,
        "grossProfitRatio": 1,
        "researchAndDevelopmentExpenses": 0,
        "generalAndAdministrativeExpenses": 0,
        "sellingAndMarketingExpenses": 0,
        "sellingGeneralAndAdministrativeExpenses": 0,
        "otherExpenses": 0,
        "operatingExpenses": 0,
        "costAndExpenses": 0,
        "interestIncome": 0,
        "interestExpense": 0,
        "depreciationAndAmortization": 0,
        "ebitda": 990300000,
        "ebitdaratio": 1,
        "operatingIncome": 990300000,
        "operatingIncomeRatio": 1,
        "totalOtherIncomeExpensesNet": -990300000,
        "incomeBeforeTax": 0,
        "incomeBeforeTaxRatio": 0,
        "incomeTaxExpense": 0,
        "netIncome": 63800000,
        "netIncomeRatio": 0.0644249217,
        "eps": 0.09,
        "epsdiluted": 0.09,
        "weightedAverageShsOut": 717816000,
        "weightedAverageShsOutDil": 717816000,
        "link": null,
        "finalLink": null
    },
    {
        "date": "1989-04-30",
        "symbol": "BBWI",
        "reportedCurrency": "USD",
        "cik": "0000701985",
        "fillingDate": "1989-04-30",
        "acceptedDate": "1989-04-30 00:00:00",
        "calendarYear": "1989",
        "period": "Q1",
        "revenue": 964600000,
        "costOfRevenue": 0,
        "grossProfit": 964600000,
        "grossProfitRatio": 1,
        "researchAndDevelopmentExpenses": 0,
        "generalAndAdministrativeExpenses": 0,
        "sellingAndMarketingExpenses": 0,
        "sellingGeneralAndAdministrativeExpenses": 0,
        "otherExpenses": 0,
        "operatingExpenses": 0,
        "costAndExpenses": 0,
        "interestIncome": 0,
        "interestExpense": 0,
        "depreciationAndAmortization": 0,
        "ebitda": 964600000,
        "ebitdaratio": 1,
        "operatingIncome": 964600000,
        "operatingIncomeRatio": 1,
        "totalOtherIncomeExpensesNet": -964600000,
        "incomeBeforeTax": 0,
        "incomeBeforeTaxRatio": 0,
        "incomeTaxExpense": 0,
        "netIncome": 45200000,
        "netIncomeRatio": 0.0468588016,
        "eps": 0.07,
        "epsdiluted": 0.07,
        "weightedAverageShsOut": 716772000,
        "weightedAverageShsOutDil": 716772000,
        "link": null,
        "finalLink": null
    },
    {
        "date": "1989-01-31",
        "symbol": "BBWI",
        "reportedCurrency": "USD",
        "cik": "0000701985",
        "fillingDate": "1989-01-31",
        "acceptedDate": "1989-01-31 00:00:00",
        "calendarYear": "1988",
        "period": "Q4",
        "revenue": 1356000000,
        "costOfRevenue": 0,
        "grossProfit": 1356000000,
        "grossProfitRatio": 1,
        "researchAndDevelopmentExpenses": 0,
        "generalAndAdministrativeExpenses": 0,
        "sellingAndMarketingExpenses": 0,
        "sellingGeneralAndAdministrativeExpenses": 0,
        "otherExpenses": 3603400000,
        "operatingExpenses": 3603400000,
        "costAndExpenses": -3603400000,
        "interestIncome": 0,
        "interestExpense": 0,
        "depreciationAndAmortization": 0,
        "ebitda": -2247400000,
        "ebitdaratio": -1.6573746313,
        "operatingIncome": -2247400000,
        "operatingIncomeRatio": -1.6573746313,
        "totalOtherIncomeExpensesNet": 2247400000,
        "incomeBeforeTax": 0,
        "incomeBeforeTaxRatio": 0,
        "incomeTaxExpense": 0,
        "netIncome": 120100000,
        "netIncomeRatio": 0.0885693215,
        "eps": 0.1675567684,
        "epsdiluted": 0.1675567684,
        "weightedAverageShsOut": 716772000,
        "weightedAverageShsOutDil": 716772000,
        "link": null,
        "finalLink": null
    },
    {
        "date": "1988-10-31",
        "symbol": "BBWI",
        "reportedCurrency": "USD",
        "cik": "0000701985",
        "fillingDate": "1988-10-31",
        "acceptedDate": "1988-10-31 00:00:00",
        "calendarYear": "1988",
        "period": "Q3",
        "revenue": 1010600000,
        "costOfRevenue": 0,
        "grossProfit": 1010600000,
        "grossProfitRatio": 1,
        "researchAndDevelopmentExpenses": 0,
        "generalAndAdministrativeExpenses": 0,
        "sellingAndMarketingExpenses": 0,
        "sellingGeneralAndAdministrativeExpenses": 0,
        "otherExpenses": 0,
        "operatingExpenses": 0,
        "costAndExpenses": 0,
        "interestIncome": 0,
        "interestExpense": 0,
        "depreciationAndAmortization": 0,
        "ebitda": 1010600000,
        "ebitdaratio": 1,
        "operatingIncome": 1010600000,
        "operatingIncomeRatio": 1,
        "totalOtherIncomeExpensesNet": -1010600000,
        "incomeBeforeTax": 0,
        "incomeBeforeTaxRatio": 0,
        "incomeTaxExpense": 0,
        "netIncome": 70400000,
        "netIncomeRatio": 0.0696615872,
        "eps": 0.1,
        "epsdiluted": 0.1,
        "weightedAverageShsOut": 716724000,
        "weightedAverageShsOutDil": 716724000,
        "link": null,
        "finalLink": null
    },
    {
        "date": "1988-07-31",
        "symbol": "BBWI",
        "reportedCurrency": "USD",
        "cik": "0000701985",
        "fillingDate": "1988-07-31",
        "acceptedDate": "1988-07-31 00:00:00",
        "calendarYear": "1988",
        "period": "Q2",
        "revenue": 893100000,
        "costOfRevenue": 0,
        "grossProfit": 893100000,
        "grossProfitRatio": 1,
        "researchAndDevelopmentExpenses": 0,
        "generalAndAdministrativeExpenses": 0,
        "sellingAndMarketingExpenses": 0,
        "sellingGeneralAndAdministrativeExpenses": 0,
        "otherExpenses": 0,
        "operatingExpenses": 0,
        "costAndExpenses": 0,
        "interestIncome": 0,
        "interestExpense": 0,
        "depreciationAndAmortization": 0,
        "ebitda": 893100000,
        "ebitdaratio": 1,
        "operatingIncome": 893100000,
        "operatingIncomeRatio": 1,
        "totalOtherIncomeExpensesNet": -893100000,
        "incomeBeforeTax": 0,
        "incomeBeforeTaxRatio": 0,
        "incomeTaxExpense": 0,
        "netIncome": 30700000,
        "netIncomeRatio": 0.0343746501,
        "eps": 0.05,
        "epsdiluted": 0.05,
        "weightedAverageShsOut": 715388000,
        "weightedAverageShsOutDil": 715388000,
        "link": null,
        "finalLink": null
    },
    {
        "date": "1988-04-30",
        "symbol": "BBWI",
        "reportedCurrency": "USD",
        "cik": "0000701985",
        "fillingDate": "1988-04-30",
        "acceptedDate": "1988-04-30 00:00:00",
        "calendarYear": "1988",
        "period": "Q1",
        "revenue": 811100000,
        "costOfRevenue": 0,
        "grossProfit": 811100000,
        "grossProfitRatio": 1,
        "researchAndDevelopmentExpenses": 0,
        "generalAndAdministrativeExpenses": 0,
        "sellingAndMarketingExpenses": 0,
        "sellingGeneralAndAdministrativeExpenses": 0,
        "otherExpenses": 0,
        "operatingExpenses": 0,
        "costAndExpenses": 0,
        "interestIncome": 0,
        "interestExpense": 0,
        "depreciationAndAmortization": 0,
        "ebitda": 811100000,
        "ebitdaratio": 1,
        "operatingIncome": 811100000,
        "operatingIncomeRatio": 1,
        "totalOtherIncomeExpensesNet": -811100000,
        "incomeBeforeTax": 0,
        "incomeBeforeTaxRatio": 0,
        "incomeTaxExpense": 0,
        "netIncome": 23900000,
        "netIncomeRatio": 0.0294661571,
        "eps": 0.04,
        "epsdiluted": 0.04,
        "weightedAverageShsOut": 715388000,
        "weightedAverageShsOutDil": 715388000,
        "link": null,
        "finalLink": null
    },
    {
        "date": "1988-01-31",
        "symbol": "BBWI",
        "reportedCurrency": "USD",
        "cik": "0000701985",
        "fillingDate": "1988-01-31",
        "acceptedDate": "1988-01-31 00:00:00",
        "calendarYear": "1987",
        "period": "Q4",
        "revenue": 1010500000,
        "costOfRevenue": 0,
        "grossProfit": 1010500000,
        "grossProfitRatio": 1,
        "researchAndDevelopmentExpenses": 0,
        "generalAndAdministrativeExpenses": 0,
        "sellingAndMarketingExpenses": 0,
        "sellingGeneralAndAdministrativeExpenses": 0,
        "otherExpenses": 3119100000,
        "operatingExpenses": 3119100000,
        "costAndExpenses": -3119100000,
        "interestIncome": 0,
        "interestExpense": 0,
        "depreciationAndAmortization": 0,
        "ebitda": -2108600000,
        "ebitdaratio": -2.0866897575,
        "operatingIncome": -2108600000,
        "operatingIncomeRatio": -2.0866897575,
        "totalOtherIncomeExpensesNet": 2108600000,
        "incomeBeforeTax": 0,
        "incomeBeforeTaxRatio": 0,
        "incomeTaxExpense": 0,
        "netIncome": 63300000,
        "netIncomeRatio": 0.0626422563,
        "eps": 0.0884834523,
        "epsdiluted": 0.0884834523,
        "weightedAverageShsOut": 715388000,
        "weightedAverageShsOutDil": 715388000,
        "link": null,
        "finalLink": null
    },
    {
        "date": "1987-10-31",
        "symbol": "BBWI",
        "reportedCurrency": "USD",
        "cik": "0000701985",
        "fillingDate": "1987-10-31",
        "acceptedDate": "1987-10-31 00:00:00",
        "calendarYear": "1987",
        "period": "Q3",
        "revenue": 891700000,
        "costOfRevenue": 0,
        "grossProfit": 891700000,
        "grossProfitRatio": 1,
        "researchAndDevelopmentExpenses": 0,
        "generalAndAdministrativeExpenses": 0,
        "sellingAndMarketingExpenses": 0,
        "sellingGeneralAndAdministrativeExpenses": 0,
        "otherExpenses": 0,
        "operatingExpenses": 0,
        "costAndExpenses": 0,
        "interestIncome": 0,
        "interestExpense": 0,
        "depreciationAndAmortization": 0,
        "ebitda": 891700000,
        "ebitdaratio": 1,
        "operatingIncome": 891700000,
        "operatingIncomeRatio": 1,
        "totalOtherIncomeExpensesNet": -891700000,
        "incomeBeforeTax": 0,
        "incomeBeforeTaxRatio": 0,
        "incomeTaxExpense": 0,
        "netIncome": 69300000,
        "netIncomeRatio": 0.0777167209,
        "eps": 0.09,
        "epsdiluted": 0.09,
        "weightedAverageShsOut": 755904000,
        "weightedAverageShsOutDil": 755904000,
        "link": null,
        "finalLink": null
    },
    {
        "date": "1987-07-31",
        "symbol": "BBWI",
        "reportedCurrency": "USD",
        "cik": "0000701985",
        "fillingDate": "1987-07-31",
        "acceptedDate": "1987-07-31 00:00:00",
        "calendarYear": "1987",
        "period": "Q2",
        "revenue": 822100000,
        "costOfRevenue": 0,
        "grossProfit": 822100000,
        "grossProfitRatio": 1,
        "researchAndDevelopmentExpenses": 0,
        "generalAndAdministrativeExpenses": 0,
        "sellingAndMarketingExpenses": 0,
        "sellingGeneralAndAdministrativeExpenses": 0,
        "otherExpenses": 0,
        "operatingExpenses": 0,
        "costAndExpenses": 0,
        "interestIncome": 0,
        "interestExpense": 0,
        "depreciationAndAmortization": 0,
        "ebitda": 822100000,
        "ebitdaratio": 1,
        "operatingIncome": 822100000,
        "operatingIncomeRatio": 1,
        "totalOtherIncomeExpensesNet": -822100000,
        "incomeBeforeTax": 0,
        "incomeBeforeTaxRatio": 0,
        "incomeTaxExpense": 0,
        "netIncome": 57200000,
        "netIncomeRatio": 0.0695779102,
        "eps": 0.08,
        "epsdiluted": 0.08,
        "weightedAverageShsOut": 755516000,
        "weightedAverageShsOutDil": 755516000,
        "link": null,
        "finalLink": null
    },
    {
        "date": "1987-04-30",
        "symbol": "BBWI",
        "reportedCurrency": "USD",
        "cik": "0000701985",
        "fillingDate": "1987-04-30",
        "acceptedDate": "1987-04-30 00:00:00",
        "calendarYear": "1987",
        "period": "Q1",
        "revenue": 803500000,
        "costOfRevenue": 0,
        "grossProfit": 803500000,
        "grossProfitRatio": 1,
        "researchAndDevelopmentExpenses": 0,
        "generalAndAdministrativeExpenses": 0,
        "sellingAndMarketingExpenses": 0,
        "sellingGeneralAndAdministrativeExpenses": 0,
        "otherExpenses": 0,
        "operatingExpenses": 0,
        "costAndExpenses": 0,
        "interestIncome": 0,
        "interestExpense": 0,
        "depreciationAndAmortization": 0,
        "ebitda": 803500000,
        "ebitdaratio": 1,
        "operatingIncome": 803500000,
        "operatingIncomeRatio": 1,
        "totalOtherIncomeExpensesNet": -803500000,
        "incomeBeforeTax": 0,
        "incomeBeforeTaxRatio": 0,
        "incomeTaxExpense": 0,
        "netIncome": 45500000,
        "netIncomeRatio": 0.0566272558,
        "eps": 0.06,
        "epsdiluted": 0.06,
        "weightedAverageShsOut": 754596000,
        "weightedAverageShsOutDil": 754596000,
        "link": null,
        "finalLink": null
    },
    {
        "date": "1987-01-31",
        "symbol": "BBWI",
        "reportedCurrency": "USD",
        "cik": "0000701985",
        "fillingDate": "1987-01-31",
        "acceptedDate": "1987-01-31 00:00:00",
        "calendarYear": "1986",
        "period": "Q4",
        "revenue": 982100000,
        "costOfRevenue": 0,
        "grossProfit": 982100000,
        "grossProfitRatio": 1,
        "researchAndDevelopmentExpenses": 0,
        "generalAndAdministrativeExpenses": 0,
        "sellingAndMarketingExpenses": 0,
        "sellingGeneralAndAdministrativeExpenses": 0,
        "otherExpenses": 2704400000,
        "operatingExpenses": 2704400000,
        "costAndExpenses": -2704400000,
        "interestIncome": 0,
        "interestExpense": 0,
        "depreciationAndAmortization": 0,
        "ebitda": -1722300000,
        "ebitdaratio": -1.7536910702,
        "operatingIncome": -1722300000,
        "operatingIncomeRatio": -1.7536910702,
        "totalOtherIncomeExpensesNet": 1722300000,
        "incomeBeforeTax": 0,
        "incomeBeforeTaxRatio": 0,
        "incomeTaxExpense": 0,
        "netIncome": 87600000,
        "netIncomeRatio": 0.0891966195,
        "eps": 0.116088609,
        "epsdiluted": 0.116088609,
        "weightedAverageShsOut": 754596000,
        "weightedAverageShsOutDil": 754596000,
        "link": null,
        "finalLink": null
    },
    {
        "date": "1986-10-31",
        "symbol": "BBWI",
        "reportedCurrency": "USD",
        "cik": "0000701985",
        "fillingDate": "1986-10-31",
        "acceptedDate": "1986-10-31 00:00:00",
        "calendarYear": "1986",
        "period": "Q3",
        "revenue": 803700000,
        "costOfRevenue": 0,
        "grossProfit": 803700000,
        "grossProfitRatio": 1,
        "researchAndDevelopmentExpenses": 0,
        "generalAndAdministrativeExpenses": 0,
        "sellingAndMarketingExpenses": 0,
        "sellingGeneralAndAdministrativeExpenses": 0,
        "otherExpenses": 0,
        "operatingExpenses": 0,
        "costAndExpenses": 0,
        "interestIncome": 0,
        "interestExpense": 0,
        "depreciationAndAmortization": 0,
        "ebitda": 803700000,
        "ebitdaratio": 1,
        "operatingIncome": 803700000,
        "operatingIncomeRatio": 1,
        "totalOtherIncomeExpensesNet": -803700000,
        "incomeBeforeTax": 0,
        "incomeBeforeTaxRatio": 0,
        "incomeTaxExpense": 0,
        "netIncome": 68600000,
        "netIncomeRatio": 0.0853552321,
        "eps": 0.09,
        "epsdiluted": 0.09,
        "weightedAverageShsOut": 753128000,
        "weightedAverageShsOutDil": 753128000,
        "link": null,
        "finalLink": null
    },
    {
        "date": "1986-07-31",
        "symbol": "BBWI",
        "reportedCurrency": "USD",
        "cik": "0000701985",
        "fillingDate": "1986-07-31",
        "acceptedDate": "1986-07-31 00:00:00",
        "calendarYear": "1986",
        "period": "Q2",
        "revenue": 695300000,
        "costOfRevenue": 0,
        "grossProfit": 695300000,
        "grossProfitRatio": 1,
        "researchAndDevelopmentExpenses": 0,
        "generalAndAdministrativeExpenses": 0,
        "sellingAndMarketingExpenses": 0,
        "sellingGeneralAndAdministrativeExpenses": 0,
        "otherExpenses": 0,
        "operatingExpenses": 0,
        "costAndExpenses": 0,
        "interestIncome": 0,
        "interestExpense": 0,
        "depreciationAndAmortization": 0,
        "ebitda": 695300000,
        "ebitdaratio": 1,
        "operatingIncome": 695300000,
        "operatingIncomeRatio": 1,
        "totalOtherIncomeExpensesNet": -695300000,
        "incomeBeforeTax": 0,
        "incomeBeforeTaxRatio": 0,
        "incomeTaxExpense": 0,
        "netIncome": 40200000,
        "netIncomeRatio": 0.0578167697,
        "eps": 0.06,
        "epsdiluted": 0.06,
        "weightedAverageShsOut": 720116000,
        "weightedAverageShsOutDil": 720116000,
        "link": null,
        "finalLink": null
    },
    {
        "date": "1986-04-30",
        "symbol": "BBWI",
        "reportedCurrency": "USD",
        "cik": "0000701985",
        "fillingDate": "1986-04-30",
        "acceptedDate": "1986-04-30 00:00:00",
        "calendarYear": "1986",
        "period": "Q1",
        "revenue": 661600000,
        "costOfRevenue": 0,
        "grossProfit": 661600000,
        "grossProfitRatio": 1,
        "researchAndDevelopmentExpenses": 0,
        "generalAndAdministrativeExpenses": 0,
        "sellingAndMarketingExpenses": 0,
        "sellingGeneralAndAdministrativeExpenses": 0,
        "otherExpenses": 0,
        "operatingExpenses": 0,
        "costAndExpenses": 0,
        "interestIncome": 0,
        "interestExpense": 0,
        "depreciationAndAmortization": 0,
        "ebitda": 661600000,
        "ebitdaratio": 1,
        "operatingIncome": 661600000,
        "operatingIncomeRatio": 1,
        "totalOtherIncomeExpensesNet": -661600000,
        "incomeBeforeTax": 0,
        "incomeBeforeTaxRatio": 0,
        "incomeTaxExpense": 0,
        "netIncome": 31400000,
        "netIncomeRatio": 0.0474607013,
        "eps": 0.05,
        "epsdiluted": 0.05,
        "weightedAverageShsOut": 717480000,
        "weightedAverageShsOutDil": 717480000,
        "link": null,
        "finalLink": null
    },
    {
        "date": "1986-01-31",
        "symbol": "BBWI",
        "reportedCurrency": "USD",
        "cik": "0000701985",
        "fillingDate": "1986-01-31",
        "acceptedDate": "1986-01-31 00:00:00",
        "calendarYear": "1985",
        "period": "Q4",
        "revenue": 787200000,
        "costOfRevenue": 0,
        "grossProfit": 787200000,
        "grossProfitRatio": 1,
        "researchAndDevelopmentExpenses": 0,
        "generalAndAdministrativeExpenses": 0,
        "sellingAndMarketingExpenses": 0,
        "sellingGeneralAndAdministrativeExpenses": 0,
        "otherExpenses": 2110800000,
        "operatingExpenses": 2110800000,
        "costAndExpenses": -2110800000,
        "interestIncome": 0,
        "interestExpense": 0,
        "depreciationAndAmortization": 0,
        "ebitda": -1323600000,
        "ebitdaratio": -1.681402439,
        "operatingIncome": -1323600000,
        "operatingIncomeRatio": -1.681402439,
        "totalOtherIncomeExpensesNet": 1323600000,
        "incomeBeforeTax": 0,
        "incomeBeforeTaxRatio": 0,
        "incomeTaxExpense": 0,
        "netIncome": 56100000,
        "netIncomeRatio": 0.0712652439,
        "eps": 0.0780636866,
        "epsdiluted": 0.0780636866,
        "weightedAverageShsOut": 718644000,
        "weightedAverageShsOutDil": 718644000,
        "link": null,
        "finalLink": null
    },
    {
        "date": "1985-10-31",
        "symbol": "BBWI",
        "reportedCurrency": "USD",
        "cik": "0000701985",
        "fillingDate": "1985-10-31",
        "acceptedDate": "1985-10-31 00:00:00",
        "calendarYear": "1985",
        "period": "Q3",
        "revenue": 613300000,
        "costOfRevenue": 0,
        "grossProfit": 613300000,
        "grossProfitRatio": 1,
        "researchAndDevelopmentExpenses": 0,
        "generalAndAdministrativeExpenses": 0,
        "sellingAndMarketingExpenses": 0,
        "sellingGeneralAndAdministrativeExpenses": 0,
        "otherExpenses": 0,
        "operatingExpenses": 0,
        "costAndExpenses": 0,
        "interestIncome": 0,
        "interestExpense": 0,
        "depreciationAndAmortization": 0,
        "ebitda": 613300000,
        "ebitdaratio": 1,
        "operatingIncome": 613300000,
        "operatingIncomeRatio": 1,
        "totalOtherIncomeExpensesNet": -613300000,
        "incomeBeforeTax": 0,
        "incomeBeforeTaxRatio": 0,
        "incomeTaxExpense": 0,
        "netIncome": 42100000,
        "netIncomeRatio": 0.0686450351,
        "eps": 0.06,
        "epsdiluted": 0.06,
        "weightedAverageShsOut": 716204000,
        "weightedAverageShsOutDil": 716204000,
        "link": null,
        "finalLink": null
    }
]