[
    {
        "date": "2025-06-30",
        "symbol": "BHF",
        "reportedCurrency": "USD",
        "cik": "0001685040",
        "fillingDate": "2025-08-08",
        "acceptedDate": "2025-08-08 16:10:06",
        "calendarYear": "2025",
        "period": "Q2",
        "revenue": 790000000,
        "costOfRevenue": 296000000,
        "grossProfit": 494000000,
        "grossProfitRatio": 0.6253164557,
        "researchAndDevelopmentExpenses": 0,
        "generalAndAdministrativeExpenses": 179000000,
        "sellingAndMarketingExpenses": 0,
        "sellingGeneralAndAdministrativeExpenses": 179000000,
        "otherExpenses": 222000000,
        "operatingExpenses": 401000000,
        "costAndExpenses": 740000000,
        "interestIncome": 0,
        "interestExpense": 38000000,
        "depreciationAndAmortization": 0,
        "ebitda": 131000000,
        "ebitdaratio": 0.1658227848,
        "operatingIncome": 131000000,
        "operatingIncomeRatio": 0.1658227848,
        "totalOtherIncomeExpensesNet": -38000000,
        "incomeBeforeTax": 93000000,
        "incomeBeforeTaxRatio": 0.117721519,
        "incomeTaxExpense": 8000000,
        "netIncome": 85000000,
        "netIncomeRatio": 0.1075949367,
        "eps": 1.05,
        "epsdiluted": 1.04,
        "weightedAverageShsOut": 57411289,
        "weightedAverageShsOutDil": 57734170,
        "link": "https://www.sec.gov/Archives/edgar/data/1685040/000168504025000048/0001685040-25-000048-index.htm",
        "finalLink": "https://www.sec.gov/Archives/edgar/data/1685040/000168504025000048/bhf-20250630.htm"
    },
    {
        "date": "2025-03-31",
        "symbol": "BHF",
        "reportedCurrency": "USD",
        "cik": "0001685040",
        "fillingDate": "2025-05-09",
        "acceptedDate": "2025-05-09 16:11:22",
        "calendarYear": "2025",
        "period": "Q1",
        "revenue": 2320000000,
        "costOfRevenue": 2251000000,
        "grossProfit": 69000000,
        "grossProfitRatio": 0.0297413793,
        "researchAndDevelopmentExpenses": 0,
        "generalAndAdministrativeExpenses": 202000000,
        "sellingAndMarketingExpenses": 0,
        "sellingGeneralAndAdministrativeExpenses": 202000000,
        "otherExpenses": 221000000,
        "operatingExpenses": 423000000,
        "costAndExpenses": 2706000000,
        "interestIncome": 0,
        "interestExpense": 38000000,
        "depreciationAndAmortization": 0,
        "ebitda": -316000000,
        "ebitdaratio": -0.1362068966,
        "operatingIncome": -316000000,
        "operatingIncomeRatio": -0.1362068966,
        "totalOtherIncomeExpensesNet": -38000000,
        "incomeBeforeTax": -354000000,
        "incomeBeforeTaxRatio": -0.1525862069,
        "incomeTaxExpense": -88000000,
        "netIncome": -268000000,
        "netIncomeRatio": -0.1155172414,
        "eps": -5.04,
        "epsdiluted": -5.04,
        "weightedAverageShsOut": 58258125,
        "weightedAverageShsOutDil": 58258125,
        "link": "https://www.sec.gov/Archives/edgar/data/1685040/000168504025000018/0001685040-25-000018-index.htm",
        "finalLink": "https://www.sec.gov/Archives/edgar/data/1685040/000168504025000018/bhf-20250331.htm"
    },
    {
        "date": "2024-12-31",
        "symbol": "BHF",
        "reportedCurrency": "USD",
        "cik": "0001685040",
        "fillingDate": "2025-02-28",
        "acceptedDate": "2025-02-28 16:58:31",
        "calendarYear": "2024",
        "period": "Q4",
        "revenue": 2780000000,
        "costOfRevenue": -108000000,
        "grossProfit": 2780000000,
        "grossProfitRatio": 1,
        "researchAndDevelopmentExpenses": 0,
        "generalAndAdministrativeExpenses": 172000000,
        "sellingAndMarketingExpenses": 0,
        "sellingGeneralAndAdministrativeExpenses": 172000000,
        "otherExpenses": 349000000,
        "operatingExpenses": 521000000,
        "costAndExpenses": 333000000,
        "interestIncome": 0,
        "interestExpense": 38000000,
        "depreciationAndAmortization": 0,
        "ebitda": 872000000,
        "ebitdaratio": 0.3136690647,
        "operatingIncome": 872000000,
        "operatingIncomeRatio": 0.3136690647,
        "totalOtherIncomeExpensesNet": -38000000,
        "incomeBeforeTax": 834000000,
        "incomeBeforeTaxRatio": 0.3,
        "incomeTaxExpense": 162000000,
        "netIncome": 671000000,
        "netIncomeRatio": 0.2413669065,
        "eps": 11.02,
        "epsdiluted": 10.79,
        "weightedAverageShsOut": 71255060,
        "weightedAverageShsOutDil": 60949819,
        "link": "https://www.sec.gov/Archives/edgar/data/1685040/000168504025000010/0001685040-25-000010-index.htm",
        "finalLink": "https://www.sec.gov/Archives/edgar/data/1685040/000168504025000010/bhf-20241231.htm"
    },
    {
        "date": "2024-09-30",
        "symbol": "BHF",
        "reportedCurrency": "USD",
        "cik": "0001685040",
        "fillingDate": "2024-11-08",
        "acceptedDate": "2024-11-08 16:17:41",
        "calendarYear": "2024",
        "period": "Q3",
        "revenue": 2018000000,
        "costOfRevenue": 1338000000,
        "grossProfit": 2018000000,
        "grossProfitRatio": 1,
        "researchAndDevelopmentExpenses": 0,
        "generalAndAdministrativeExpenses": 176000000,
        "sellingAndMarketingExpenses": 0,
        "sellingGeneralAndAdministrativeExpenses": 176000000,
        "otherExpenses": 261000000,
        "operatingExpenses": 437000000,
        "costAndExpenses": 1775000000,
        "interestIncome": 0,
        "interestExpense": 38000000,
        "depreciationAndAmortization": 0,
        "ebitda": 226000000,
        "ebitdaratio": 0.1119920714,
        "operatingIncome": 226000000,
        "operatingIncomeRatio": 0.1119920714,
        "totalOtherIncomeExpensesNet": -38000000,
        "incomeBeforeTax": 188000000,
        "incomeBeforeTaxRatio": 0.0931615461,
        "incomeTaxExpense": 10000000,
        "netIncome": 176000000,
        "netIncomeRatio": 0.0872150644,
        "eps": 2.48,
        "epsdiluted": 2.47,
        "weightedAverageShsOut": 60600840,
        "weightedAverageShsOutDil": 60949819,
        "link": "https://www.sec.gov/Archives/edgar/data/1685040/000168504024000053/0001685040-24-000053-index.htm",
        "finalLink": "https://www.sec.gov/Archives/edgar/data/1685040/000168504024000053/bhf-20240930.htm"
    },
    {
        "date": "2024-06-30",
        "symbol": "BHF",
        "reportedCurrency": "USD",
        "cik": "0001685040",
        "fillingDate": "2024-08-08",
        "acceptedDate": "2024-08-08 16:11:32",
        "calendarYear": "2024",
        "period": "Q2",
        "revenue": 1414000000,
        "costOfRevenue": 945000000,
        "grossProfit": 1414000000,
        "grossProfitRatio": 1,
        "researchAndDevelopmentExpenses": 0,
        "generalAndAdministrativeExpenses": 171000000,
        "sellingAndMarketingExpenses": 0,
        "sellingGeneralAndAdministrativeExpenses": 171000000,
        "otherExpenses": 199000000,
        "operatingExpenses": 370000000,
        "costAndExpenses": 1315000000,
        "interestIncome": 0,
        "interestExpense": 38000000,
        "depreciationAndAmortization": 0,
        "ebitda": 52000000,
        "ebitdaratio": 0.0367751061,
        "operatingIncome": 52000000,
        "operatingIncomeRatio": 0.0367751061,
        "totalOtherIncomeExpensesNet": -38000000,
        "incomeBeforeTax": 14000000,
        "incomeBeforeTaxRatio": 0.0099009901,
        "incomeTaxExpense": -20000000,
        "netIncome": 34000000,
        "netIncomeRatio": 0.0240452617,
        "eps": 0.15,
        "epsdiluted": 0.14,
        "weightedAverageShsOut": 61956829,
        "weightedAverageShsOutDil": 62255330,
        "link": "https://www.sec.gov/Archives/edgar/data/1685040/000168504024000037/0001685040-24-000037-index.htm",
        "finalLink": "https://www.sec.gov/Archives/edgar/data/1685040/000168504024000037/bhf-20240630.htm"
    },
    {
        "date": "2024-03-31",
        "symbol": "BHF",
        "reportedCurrency": "USD",
        "cik": "0001685040",
        "fillingDate": "2024-05-08",
        "acceptedDate": "2024-05-08 16:09:24",
        "calendarYear": "2024",
        "period": "Q1",
        "revenue": 74000000,
        "costOfRevenue": 181000000,
        "grossProfit": 56000000,
        "grossProfitRatio": 0.7567567568,
        "researchAndDevelopmentExpenses": 0,
        "generalAndAdministrativeExpenses": 174000000,
        "sellingAndMarketingExpenses": 0,
        "sellingGeneralAndAdministrativeExpenses": 174000000,
        "otherExpenses": 259000000,
        "operatingExpenses": 433000000,
        "costAndExpenses": 650000000,
        "interestIncome": 0,
        "interestExpense": 38000000,
        "depreciationAndAmortization": 0,
        "ebitda": -576000000,
        "ebitdaratio": -7.7837837838,
        "operatingIncome": -576000000,
        "operatingIncomeRatio": -7.7837837838,
        "totalOtherIncomeExpensesNet": -38000000,
        "incomeBeforeTax": -614000000,
        "incomeBeforeTaxRatio": -8.2972972973,
        "incomeTaxExpense": -123000000,
        "netIncome": -493000000,
        "netIncomeRatio": -6.6621621622,
        "eps": -8.29,
        "epsdiluted": -8.29,
        "weightedAverageShsOut": 61956829,
        "weightedAverageShsOutDil": 62255330,
        "link": "https://www.sec.gov/Archives/edgar/data/1685040/000168504024000019/0001685040-24-000019-index.htm",
        "finalLink": "https://www.sec.gov/Archives/edgar/data/1685040/000168504024000019/bhf-20240331.htm"
    },
    {
        "date": "2023-12-31",
        "symbol": "BHF",
        "reportedCurrency": "USD",
        "cik": "0001685040",
        "fillingDate": "2024-02-22",
        "acceptedDate": "2024-02-22 17:01:52",
        "calendarYear": "2023",
        "period": "Q4",
        "revenue": 1758000000,
        "costOfRevenue": 2050000000,
        "grossProfit": 1758000000,
        "grossProfitRatio": 1,
        "researchAndDevelopmentExpenses": 0,
        "generalAndAdministrativeExpenses": 207000000,
        "sellingAndMarketingExpenses": 0,
        "sellingGeneralAndAdministrativeExpenses": 207000000,
        "otherExpenses": 279000000,
        "operatingExpenses": 486000000,
        "costAndExpenses": 2535000000,
        "interestIncome": 0,
        "interestExpense": 39000000,
        "depreciationAndAmortization": 0,
        "ebitda": -1135000000,
        "ebitdaratio": -0.6456200228,
        "operatingIncome": -1135000000,
        "operatingIncomeRatio": -0.6456200228,
        "totalOtherIncomeExpensesNet": -39000000,
        "incomeBeforeTax": -1174000000,
        "incomeBeforeTaxRatio": -0.6678043231,
        "incomeTaxExpense": -258000000,
        "netIncome": -917000000,
        "netIncomeRatio": -0.5216154721,
        "eps": -14.7,
        "epsdiluted": -14.7,
        "weightedAverageShsOut": 64081632,
        "weightedAverageShsOutDil": 64081632,
        "link": "https://www.sec.gov/Archives/edgar/data/1685040/000168504024000007/0001685040-24-000007-index.htm",
        "finalLink": "https://www.sec.gov/Archives/edgar/data/1685040/000168504024000007/bhf-20231231.htm"
    },
    {
        "date": "2023-09-30",
        "symbol": "BHF",
        "reportedCurrency": "USD",
        "cik": "0001685040",
        "fillingDate": "2023-11-08",
        "acceptedDate": "2023-11-08 16:12:21",
        "calendarYear": "2023",
        "period": "Q3",
        "revenue": 1170000000,
        "costOfRevenue": 107000000,
        "grossProfit": 1169000000,
        "grossProfitRatio": 0.9991452991,
        "researchAndDevelopmentExpenses": 0,
        "generalAndAdministrativeExpenses": 171000000,
        "sellingAndMarketingExpenses": 0,
        "sellingGeneralAndAdministrativeExpenses": 171000000,
        "otherExpenses": 249000000,
        "operatingExpenses": 420000000,
        "costAndExpenses": 527000000,
        "interestIncome": 0,
        "interestExpense": 38000000,
        "depreciationAndAmortization": 0,
        "ebitda": 628000000,
        "ebitdaratio": 0.5367521368,
        "operatingIncome": 628000000,
        "operatingIncomeRatio": 0.5367521368,
        "totalOtherIncomeExpensesNet": -38000000,
        "incomeBeforeTax": 590000000,
        "incomeBeforeTaxRatio": 0.5042735043,
        "incomeTaxExpense": 109000000,
        "netIncome": 479000000,
        "netIncomeRatio": 0.4094017094,
        "eps": 6.93,
        "epsdiluted": 6.89,
        "weightedAverageShsOut": 65408241,
        "weightedAverageShsOutDil": 65744350,
        "link": "https://www.sec.gov/Archives/edgar/data/1685040/000168504023000073/0001685040-23-000073-index.htm",
        "finalLink": "https://www.sec.gov/Archives/edgar/data/1685040/000168504023000073/bhf-20230930.htm"
    },
    {
        "date": "2023-06-30",
        "symbol": "BHF",
        "reportedCurrency": "USD",
        "cik": "0001685040",
        "fillingDate": "2023-08-09",
        "acceptedDate": "2023-08-09 16:23:01",
        "calendarYear": "2023",
        "period": "Q2",
        "revenue": 263000000,
        "costOfRevenue": -2000000,
        "grossProfit": 264000000,
        "grossProfitRatio": 1.0038022814,
        "researchAndDevelopmentExpenses": 0,
        "generalAndAdministrativeExpenses": 185000000,
        "sellingAndMarketingExpenses": 0,
        "sellingGeneralAndAdministrativeExpenses": 185000000,
        "otherExpenses": 228000000,
        "operatingExpenses": 413000000,
        "costAndExpenses": 411000000,
        "interestIncome": 0,
        "interestExpense": 38000000,
        "depreciationAndAmortization": 0,
        "ebitda": -199000000,
        "ebitdaratio": -0.7566539924,
        "operatingIncome": -199000000,
        "operatingIncomeRatio": -0.7566539924,
        "totalOtherIncomeExpensesNet": -38000000,
        "incomeBeforeTax": -237000000,
        "incomeBeforeTaxRatio": -0.9011406844,
        "incomeTaxExpense": -62000000,
        "netIncome": -175000000,
        "netIncomeRatio": -0.6653992395,
        "eps": -3,
        "epsdiluted": -2.62,
        "weightedAverageShsOut": 66722046,
        "weightedAverageShsOutDil": 66722046,
        "link": "https://www.sec.gov/Archives/edgar/data/1685040/000168504023000056/0001685040-23-000056-index.htm",
        "finalLink": "https://www.sec.gov/Archives/edgar/data/1685040/000168504023000056/bhf-20230630.htm"
    },
    {
        "date": "2023-03-31",
        "symbol": "BHF",
        "reportedCurrency": "USD",
        "cik": "0001685040",
        "fillingDate": "2023-05-09",
        "acceptedDate": "2023-05-09 16:10:33",
        "calendarYear": "2023",
        "period": "Q1",
        "revenue": 1284000000,
        "costOfRevenue": 1459000000,
        "grossProfit": 1284000000,
        "grossProfitRatio": 1,
        "researchAndDevelopmentExpenses": 0,
        "generalAndAdministrativeExpenses": 167000000,
        "sellingAndMarketingExpenses": 0,
        "sellingGeneralAndAdministrativeExpenses": 167000000,
        "otherExpenses": 324000000,
        "operatingExpenses": 491000000,
        "costAndExpenses": 1950000000,
        "interestIncome": 0,
        "interestExpense": 38000000,
        "depreciationAndAmortization": 0,
        "ebitda": -615000000,
        "ebitdaratio": -0.4789719626,
        "operatingIncome": -615000000,
        "operatingIncomeRatio": -0.4789719626,
        "totalOtherIncomeExpensesNet": -38000000,
        "incomeBeforeTax": -653000000,
        "incomeBeforeTaxRatio": -0.5085669782,
        "incomeTaxExpense": -156000000,
        "netIncome": -499000000,
        "netIncomeRatio": -0.3886292835,
        "eps": -7.73,
        "epsdiluted": -7.32,
        "weightedAverageShsOut": 67873189,
        "weightedAverageShsOutDil": 67873189,
        "link": "https://www.sec.gov/Archives/edgar/data/1685040/000168504023000028/0001685040-23-000028-index.htm",
        "finalLink": "https://www.sec.gov/Archives/edgar/data/1685040/000168504023000028/bhf-20230331.htm"
    },
    {
        "date": "2022-12-31",
        "symbol": "BHF",
        "reportedCurrency": "USD",
        "cik": "0001685040",
        "fillingDate": "2023-02-23",
        "acceptedDate": "2023-02-23 16:58:22",
        "calendarYear": "2022",
        "period": "Q4",
        "revenue": -127000000,
        "costOfRevenue": 1289000000,
        "grossProfit": -182000000,
        "grossProfitRatio": 1.4330708661,
        "researchAndDevelopmentExpenses": 0,
        "generalAndAdministrativeExpenses": 196000000,
        "sellingAndMarketingExpenses": 0,
        "sellingGeneralAndAdministrativeExpenses": 196000000,
        "otherExpenses": 286000000,
        "operatingExpenses": 482000000,
        "costAndExpenses": 1970000000,
        "interestIncome": 0,
        "interestExpense": 39000000,
        "depreciationAndAmortization": 0,
        "ebitda": 79000000,
        "ebitdaratio": -0.6220472441,
        "operatingIncome": 79000000,
        "operatingIncomeRatio": -0.6220472441,
        "totalOtherIncomeExpensesNet": -39000000,
        "incomeBeforeTax": 40000000,
        "incomeBeforeTaxRatio": -0.3149606299,
        "incomeTaxExpense": 97000000,
        "netIncome": 136000000,
        "netIncomeRatio": -1.0708661417,
        "eps": 1.61,
        "epsdiluted": 1.58,
        "weightedAverageShsOut": 68278068,
        "weightedAverageShsOutDil": 68278068,
        "link": "https://www.sec.gov/Archives/edgar/data/1685040/000168504023000011/0001685040-23-000011-index.htm",
        "finalLink": "https://www.sec.gov/Archives/edgar/data/1685040/000168504023000011/bhf-20221231.htm"
    },
    {
        "date": "2022-09-30",
        "symbol": "BHF",
        "reportedCurrency": "USD",
        "cik": "0001685040",
        "fillingDate": "2022-11-08",
        "acceptedDate": "2022-11-08 16:12:14",
        "calendarYear": "2022",
        "period": "Q3",
        "revenue": 1121000000,
        "costOfRevenue": 114000000,
        "grossProfit": 1117000000,
        "grossProfitRatio": 0.9964317574,
        "researchAndDevelopmentExpenses": 0,
        "generalAndAdministrativeExpenses": 162000000,
        "sellingAndMarketingExpenses": 0,
        "sellingGeneralAndAdministrativeExpenses": 162000000,
        "otherExpenses": 443000000,
        "operatingExpenses": 605000000,
        "costAndExpenses": 719000000,
        "interestIncome": 0,
        "interestExpense": 38000000,
        "depreciationAndAmortization": 0,
        "ebitda": 550000000,
        "ebitdaratio": 0.4906333631,
        "operatingIncome": 550000000,
        "operatingIncomeRatio": 0.4906333631,
        "totalOtherIncomeExpensesNet": -38000000,
        "incomeBeforeTax": 512000000,
        "incomeBeforeTaxRatio": 0.456735058,
        "incomeTaxExpense": 97000000,
        "netIncome": 413000000,
        "netIncomeRatio": 0.3684210526,
        "eps": 5.43,
        "epsdiluted": 5.39,
        "weightedAverageShsOut": 70060560,
        "weightedAverageShsOutDil": 71959380,
        "link": "https://www.sec.gov/Archives/edgar/data/1685040/000168504022000051/0001685040-22-000051-index.htm",
        "finalLink": "https://www.sec.gov/Archives/edgar/data/1685040/000168504022000051/bhf-20220930.htm"
    },
    {
        "date": "2022-06-30",
        "symbol": "BHF",
        "reportedCurrency": "USD",
        "cik": "0001685040",
        "fillingDate": "2022-08-05",
        "acceptedDate": "2022-08-05 16:17:57",
        "calendarYear": "2022",
        "period": "Q2",
        "revenue": 3866000000,
        "costOfRevenue": 1097000000,
        "grossProfit": 3862000000,
        "grossProfitRatio": 0.9989653389,
        "researchAndDevelopmentExpenses": 0,
        "generalAndAdministrativeExpenses": 148000000,
        "sellingAndMarketingExpenses": 0,
        "sellingGeneralAndAdministrativeExpenses": 148000000,
        "otherExpenses": 323000000,
        "operatingExpenses": 471000000,
        "costAndExpenses": 1568000000,
        "interestIncome": 0,
        "interestExpense": 38000000,
        "depreciationAndAmortization": 0,
        "ebitda": 2215000000,
        "ebitdaratio": 0.572943611,
        "operatingIncome": 2215000000,
        "operatingIncomeRatio": 0.572943611,
        "totalOtherIncomeExpensesNet": -38000000,
        "incomeBeforeTax": 2177000000,
        "incomeBeforeTaxRatio": 0.5631143301,
        "incomeTaxExpense": 432000000,
        "netIncome": 1745000000,
        "netIncomeRatio": 0.451370926,
        "eps": 23.04,
        "epsdiluted": 22.91,
        "weightedAverageShsOut": 74570237,
        "weightedAverageShsOutDil": 74971658,
        "link": "https://www.sec.gov/Archives/edgar/data/1685040/000168504022000045/0001685040-22-000045-index.htm",
        "finalLink": "https://www.sec.gov/Archives/edgar/data/1685040/000168504022000045/bhf-20220630.htm"
    },
    {
        "date": "2022-03-31",
        "symbol": "BHF",
        "reportedCurrency": "USD",
        "cik": "0001685040",
        "fillingDate": "2022-05-10",
        "acceptedDate": "2022-05-10 16:35:09",
        "calendarYear": "2022",
        "period": "Q1",
        "revenue": 2013000000,
        "costOfRevenue": -499000000,
        "grossProfit": 2011000000,
        "grossProfitRatio": 0.999006458,
        "researchAndDevelopmentExpenses": 0,
        "generalAndAdministrativeExpenses": 141000000,
        "sellingAndMarketingExpenses": 0,
        "sellingGeneralAndAdministrativeExpenses": 141000000,
        "otherExpenses": 143000000,
        "operatingExpenses": 284000000,
        "costAndExpenses": -215000000,
        "interestIncome": 0,
        "interestExpense": 38000000,
        "depreciationAndAmortization": 0,
        "ebitda": 2041000000,
        "ebitdaratio": 1.0139095877,
        "operatingIncome": 2041000000,
        "operatingIncomeRatio": 1.0139095877,
        "totalOtherIncomeExpensesNet": -38000000,
        "incomeBeforeTax": 2003000000,
        "incomeBeforeTaxRatio": 0.9950322901,
        "incomeTaxExpense": 416000000,
        "netIncome": 1585000000,
        "netIncomeRatio": 0.7873820169,
        "eps": 20.27,
        "epsdiluted": 20.11,
        "weightedAverageShsOut": 75799704,
        "weightedAverageShsOutDil": 75799704,
        "link": "https://www.sec.gov/Archives/edgar/data/1685040/000168504022000020/0001685040-22-000020-index.htm",
        "finalLink": "https://www.sec.gov/Archives/edgar/data/1685040/000168504022000020/bhf-20220331.htm"
    },
    {
        "date": "2021-12-31",
        "symbol": "BHF",
        "reportedCurrency": "USD",
        "cik": "0001685040",
        "fillingDate": "2022-02-24",
        "acceptedDate": "2022-02-24 17:12:35",
        "calendarYear": "2021",
        "period": "Q4",
        "revenue": 2016000000,
        "costOfRevenue": 1265000000,
        "grossProfit": 2015000000,
        "grossProfitRatio": 0.9995039683,
        "researchAndDevelopmentExpenses": 0,
        "generalAndAdministrativeExpenses": 184000000,
        "sellingAndMarketingExpenses": 0,
        "sellingGeneralAndAdministrativeExpenses": 184000000,
        "otherExpenses": 218000000,
        "operatingExpenses": 402000000,
        "costAndExpenses": 1926000000,
        "interestIncome": 0,
        "interestExpense": 41000000,
        "depreciationAndAmortization": 0,
        "ebitda": 90000000,
        "ebitdaratio": 0.0446428571,
        "operatingIncome": 90000000,
        "operatingIncomeRatio": 0.0446428571,
        "totalOtherIncomeExpensesNet": -41000000,
        "incomeBeforeTax": 49000000,
        "incomeBeforeTaxRatio": 0.0243055556,
        "incomeTaxExpense": -15000000,
        "netIncome": 63000000,
        "netIncomeRatio": 0.03125,
        "eps": 0.54,
        "epsdiluted": 0.52,
        "weightedAverageShsOut": 77870072,
        "weightedAverageShsOutDil": 80244577,
        "link": "https://www.sec.gov/Archives/edgar/data/1685040/000168504022000006/0001685040-22-000006-index.htm",
        "finalLink": "https://www.sec.gov/Archives/edgar/data/1685040/000168504022000006/bhf-20211231.htm"
    },
    {
        "date": "2021-09-30",
        "symbol": "BHF",
        "reportedCurrency": "USD",
        "cik": "0001685040",
        "fillingDate": "2021-11-05",
        "acceptedDate": "2021-11-05 16:16:44",
        "calendarYear": "2021",
        "period": "Q3",
        "revenue": 2512000000,
        "costOfRevenue": 1443000000,
        "grossProfit": 2511000000,
        "grossProfitRatio": 0.9996019108,
        "researchAndDevelopmentExpenses": 0,
        "generalAndAdministrativeExpenses": 163000000,
        "sellingAndMarketingExpenses": 0,
        "sellingGeneralAndAdministrativeExpenses": 163000000,
        "otherExpenses": 14000000,
        "operatingExpenses": 177000000,
        "costAndExpenses": 1620000000,
        "interestIncome": 0,
        "interestExpense": 41000000,
        "depreciationAndAmortization": 0,
        "ebitda": 531000000,
        "ebitdaratio": 0.2113853503,
        "operatingIncome": 531000000,
        "operatingIncomeRatio": 0.2113853503,
        "totalOtherIncomeExpensesNet": -41000000,
        "incomeBeforeTax": 490000000,
        "incomeBeforeTaxRatio": 0.1950636943,
        "incomeTaxExpense": 105000000,
        "netIncome": 383000000,
        "netIncomeRatio": 0.1524681529,
        "eps": 4.37,
        "epsdiluted": 4.34,
        "weightedAverageShsOut": 82701032,
        "weightedAverageShsOutDil": 83244987,
        "link": "https://www.sec.gov/Archives/edgar/data/1685040/000168504021000041/0001685040-21-000041-index.htm",
        "finalLink": "https://www.sec.gov/Archives/edgar/data/1685040/000168504021000041/bhf-20210930.htm"
    },
    {
        "date": "2021-06-30",
        "symbol": "BHF",
        "reportedCurrency": "USD",
        "cik": "0001685040",
        "fillingDate": "2021-08-06",
        "acceptedDate": "2021-08-06 16:18:55",
        "calendarYear": "2021",
        "period": "Q2",
        "revenue": 1676000000,
        "costOfRevenue": 1047000000,
        "grossProfit": 1675000000,
        "grossProfitRatio": 0.9994033413,
        "researchAndDevelopmentExpenses": 0,
        "generalAndAdministrativeExpenses": 166000000,
        "sellingAndMarketingExpenses": 0,
        "sellingGeneralAndAdministrativeExpenses": 166000000,
        "otherExpenses": 91000000,
        "operatingExpenses": 257000000,
        "costAndExpenses": 1304000000,
        "interestIncome": 0,
        "interestExpense": 40000000,
        "depreciationAndAmortization": 0,
        "ebitda": 61000000,
        "ebitdaratio": 0.0363961814,
        "operatingIncome": 61000000,
        "operatingIncomeRatio": 0.0363961814,
        "totalOtherIncomeExpensesNet": -40000000,
        "incomeBeforeTax": 21000000,
        "incomeBeforeTaxRatio": 0.0125298329,
        "incomeTaxExpense": -10000000,
        "netIncome": 31000000,
        "netIncomeRatio": 0.01849642,
        "eps": 0.12,
        "epsdiluted": 0.12,
        "weightedAverageShsOut": 85549350,
        "weightedAverageShsOutDil": 86065150,
        "link": "https://www.sec.gov/Archives/edgar/data/1685040/000168504021000029/0001685040-21-000029-index.htm",
        "finalLink": "https://www.sec.gov/Archives/edgar/data/1685040/000168504021000029/bhf-20210630.htm"
    },
    {
        "date": "2021-03-31",
        "symbol": "BHF",
        "reportedCurrency": "USD",
        "cik": "0001685040",
        "fillingDate": "2021-05-10",
        "acceptedDate": "2021-05-10 16:31:22",
        "calendarYear": "2021",
        "period": "Q1",
        "revenue": 938000000,
        "costOfRevenue": 1144000000,
        "grossProfit": -206000000,
        "grossProfitRatio": -0.2196162047,
        "researchAndDevelopmentExpenses": 0,
        "generalAndAdministrativeExpenses": 152000000,
        "sellingAndMarketingExpenses": 0,
        "sellingGeneralAndAdministrativeExpenses": 152000000,
        "otherExpenses": 410000000,
        "operatingExpenses": 562000000,
        "costAndExpenses": 1665000000,
        "interestIncome": 0,
        "interestExpense": 41000000,
        "depreciationAndAmortization": 0,
        "ebitda": -727000000,
        "ebitdaratio": -0.7750533049,
        "operatingIncome": -727000000,
        "operatingIncomeRatio": -0.7750533049,
        "totalOtherIncomeExpensesNet": -41000000,
        "incomeBeforeTax": -768000000,
        "incomeBeforeTaxRatio": -0.8187633262,
        "incomeTaxExpense": -185000000,
        "netIncome": -585000000,
        "netIncomeRatio": -0.6236673774,
        "eps": -6.97,
        "epsdiluted": -6.97,
        "weightedAverageShsOut": 87573444,
        "weightedAverageShsOutDil": 87573444,
        "link": "https://www.sec.gov/Archives/edgar/data/1685040/000168504021000018/0001685040-21-000018-index.htm",
        "finalLink": "https://www.sec.gov/Archives/edgar/data/1685040/000168504021000018/bhf-20210331.htm"
    },
    {
        "date": "2020-12-31",
        "symbol": "BHF",
        "reportedCurrency": "USD",
        "cik": "0001685040",
        "fillingDate": "2021-02-24",
        "acceptedDate": "2021-02-24 17:15:21",
        "calendarYear": "2020",
        "period": "Q4",
        "revenue": 129000000,
        "costOfRevenue": 758000000,
        "grossProfit": 129000000,
        "grossProfitRatio": 1,
        "researchAndDevelopmentExpenses": 0,
        "generalAndAdministrativeExpenses": 178000000,
        "sellingAndMarketingExpenses": 0,
        "sellingGeneralAndAdministrativeExpenses": 178000000,
        "otherExpenses": 308000000,
        "operatingExpenses": 486000000,
        "costAndExpenses": 1392000000,
        "interestIncome": 0,
        "interestExpense": 45000000,
        "depreciationAndAmortization": 0,
        "ebitda": -1261000000,
        "ebitdaratio": -9.7751937984,
        "operatingIncome": -1261000000,
        "operatingIncomeRatio": -9.7751937984,
        "totalOtherIncomeExpensesNet": -45000000,
        "incomeBeforeTax": -1306000000,
        "incomeBeforeTaxRatio": -10.1240310078,
        "incomeTaxExpense": -275000000,
        "netIncome": -1032000000,
        "netIncomeRatio": -8,
        "eps": -11.7,
        "epsdiluted": -11.48,
        "weightedAverageShsOut": 88211618,
        "weightedAverageShsOutDil": 89890162,
        "link": "https://www.sec.gov/Archives/edgar/data/1685040/000168504021000008/0001685040-21-000008-index.htm",
        "finalLink": "https://www.sec.gov/Archives/edgar/data/1685040/000168504021000008/bhf-20201231.htm"
    },
    {
        "date": "2020-09-30",
        "symbol": "BHF",
        "reportedCurrency": "USD",
        "cik": "0001685040",
        "fillingDate": "2020-11-06",
        "acceptedDate": "2020-11-06 16:28:36",
        "calendarYear": "2020",
        "period": "Q3",
        "revenue": 309000000,
        "costOfRevenue": 3572000000,
        "grossProfit": 308000000,
        "grossProfitRatio": 0.996763754,
        "researchAndDevelopmentExpenses": 0,
        "generalAndAdministrativeExpenses": 141000000,
        "sellingAndMarketingExpenses": 0,
        "sellingGeneralAndAdministrativeExpenses": 141000000,
        "otherExpenses": 285000000,
        "operatingExpenses": 426000000,
        "costAndExpenses": 3998000000,
        "interestIncome": 0,
        "interestExpense": 47000000,
        "depreciationAndAmortization": 0,
        "ebitda": -3796000000,
        "ebitdaratio": -12.284789644,
        "operatingIncome": -3796000000,
        "operatingIncomeRatio": -12.284789644,
        "totalOtherIncomeExpensesNet": -47000000,
        "incomeBeforeTax": -3843000000,
        "incomeBeforeTaxRatio": -12.4368932039,
        "incomeTaxExpense": -850000000,
        "netIncome": -2995000000,
        "netIncomeRatio": -9.6925566343,
        "eps": -32.85,
        "epsdiluted": -32.31,
        "weightedAverageShsOut": 91158927,
        "weightedAverageShsOutDil": 92693188,
        "link": "https://www.sec.gov/Archives/edgar/data/1685040/000168504020000034/0001685040-20-000034-index.htm",
        "finalLink": "https://www.sec.gov/Archives/edgar/data/1685040/000168504020000034/bhf-20200930.htm"
    },
    {
        "date": "2020-06-30",
        "symbol": "BHF",
        "reportedCurrency": "USD",
        "cik": "0001685040",
        "fillingDate": "2020-08-07",
        "acceptedDate": "2020-08-07 20:17:41",
        "calendarYear": "2020",
        "period": "Q2",
        "revenue": -922000000,
        "costOfRevenue": 1023000000,
        "grossProfit": -922000000,
        "grossProfitRatio": 1,
        "researchAndDevelopmentExpenses": 0,
        "generalAndAdministrativeExpenses": 171000000,
        "sellingAndMarketingExpenses": 0,
        "sellingGeneralAndAdministrativeExpenses": 171000000,
        "otherExpenses": 597000000,
        "operatingExpenses": 768000000,
        "costAndExpenses": 1791000000,
        "interestIncome": 0,
        "interestExpense": 45000000,
        "depreciationAndAmortization": 0,
        "ebitda": -2477000000,
        "ebitdaratio": 2.6865509761,
        "operatingIncome": -2477000000,
        "operatingIncomeRatio": 2.6865509761,
        "totalOtherIncomeExpensesNet": -45000000,
        "incomeBeforeTax": -2522000000,
        "incomeBeforeTaxRatio": 2.7353579176,
        "incomeTaxExpense": -531000000,
        "netIncome": -1991000000,
        "netIncomeRatio": 2.1594360087,
        "eps": -21.41,
        "epsdiluted": -20.99,
        "weightedAverageShsOut": 92979854,
        "weightedAverageShsOutDil": 94837492,
        "link": "https://www.sec.gov/Archives/edgar/data/1685040/000168504020000028/0001685040-20-000028-index.htm",
        "finalLink": "https://www.sec.gov/Archives/edgar/data/1685040/000168504020000028/bhf-20200630.htm"
    },
    {
        "date": "2020-03-31",
        "symbol": "BHF",
        "reportedCurrency": "USD",
        "cik": "0001685040",
        "fillingDate": "2020-05-11",
        "acceptedDate": "2020-05-11 16:20:52",
        "calendarYear": "2020",
        "period": "Q1",
        "revenue": 8985000000,
        "costOfRevenue": 2216000000,
        "grossProfit": 8983000000,
        "grossProfitRatio": 0.9997774068,
        "researchAndDevelopmentExpenses": 0,
        "generalAndAdministrativeExpenses": 137000000,
        "sellingAndMarketingExpenses": 0,
        "sellingGeneralAndAdministrativeExpenses": 137000000,
        "otherExpenses": 299000000,
        "operatingExpenses": 436000000,
        "costAndExpenses": 2652000000,
        "interestIncome": 0,
        "interestExpense": 47000000,
        "depreciationAndAmortization": 0,
        "ebitda": 6299000000,
        "ebitdaratio": 0.7010573178,
        "operatingIncome": 6299000000,
        "operatingIncomeRatio": 0.7010573178,
        "totalOtherIncomeExpensesNet": -47000000,
        "incomeBeforeTax": 6252000000,
        "incomeBeforeTaxRatio": 0.6958263773,
        "incomeTaxExpense": 1293000000,
        "netIncome": 4957000000,
        "netIncomeRatio": 0.5516972732,
        "eps": 47.26,
        "epsdiluted": 47.11,
        "weightedAverageShsOut": 104759339,
        "weightedAverageShsOutDil": 105093515,
        "link": "https://www.sec.gov/Archives/edgar/data/1685040/000168504020000018/0001685040-20-000018-index.htm",
        "finalLink": "https://www.sec.gov/Archives/edgar/data/1685040/000168504020000018/bhf-20200331x10q.htm"
    },
    {
        "date": "2019-12-31",
        "symbol": "BHF",
        "reportedCurrency": "USD",
        "cik": "0001685040",
        "fillingDate": "2020-02-26",
        "acceptedDate": "2020-02-26 17:24:17",
        "calendarYear": "2019",
        "period": "Q4",
        "revenue": 306000000,
        "costOfRevenue": 1011000000,
        "grossProfit": -705000000,
        "grossProfitRatio": -2.3039215686,
        "researchAndDevelopmentExpenses": 0,
        "generalAndAdministrativeExpenses": 197000000,
        "sellingAndMarketingExpenses": 0,
        "sellingGeneralAndAdministrativeExpenses": 197000000,
        "otherExpenses": 319000000,
        "operatingExpenses": 516000000,
        "costAndExpenses": 1631000000,
        "interestIncome": 0,
        "interestExpense": 47000000,
        "depreciationAndAmortization": 0,
        "ebitda": -1325000000,
        "ebitdaratio": -4.3300653595,
        "operatingIncome": -1325000000,
        "operatingIncomeRatio": -4.3300653595,
        "totalOtherIncomeExpensesNet": -47000000,
        "incomeBeforeTax": -1372000000,
        "incomeBeforeTaxRatio": -4.4836601307,
        "incomeTaxExpense": -303000000,
        "netIncome": -1070000000,
        "netIncomeRatio": -3.4967320261,
        "eps": -10.09,
        "epsdiluted": -9.92,
        "weightedAverageShsOut": 106027301,
        "weightedAverageShsOutDil": 107840324,
        "link": "https://www.sec.gov/Archives/edgar/data/1685040/000168504020000007/0001685040-20-000007-index.htm",
        "finalLink": "https://www.sec.gov/Archives/edgar/data/1685040/000168504020000007/brighthouse-12312019x1.htm"
    },
    {
        "date": "2019-09-30",
        "symbol": "BHF",
        "reportedCurrency": "USD",
        "cik": "0001685040",
        "fillingDate": "2019-11-05",
        "acceptedDate": "2019-11-05 16:33:58",
        "calendarYear": "2019",
        "period": "Q3",
        "revenue": 3187000000,
        "costOfRevenue": 1772000000,
        "grossProfit": 3186000000,
        "grossProfitRatio": 0.9996862253,
        "researchAndDevelopmentExpenses": 0,
        "generalAndAdministrativeExpenses": 149000000,
        "sellingAndMarketingExpenses": 0,
        "sellingGeneralAndAdministrativeExpenses": 149000000,
        "otherExpenses": 235000000,
        "operatingExpenses": 384000000,
        "costAndExpenses": 2307000000,
        "interestIncome": 0,
        "interestExpense": 49000000,
        "depreciationAndAmortization": 0,
        "ebitda": 853000000,
        "ebitdaratio": 0.2676498274,
        "operatingIncome": 853000000,
        "operatingIncomeRatio": 0.2676498274,
        "totalOtherIncomeExpensesNet": -49000000,
        "incomeBeforeTax": 804000000,
        "incomeBeforeTaxRatio": 0.2522748666,
        "incomeTaxExpense": 119000000,
        "netIncome": 683000000,
        "netIncomeRatio": 0.2143081268,
        "eps": 6.19,
        "epsdiluted": 6.06,
        "weightedAverageShsOut": 109264305,
        "weightedAverageShsOutDil": 111527480,
        "link": "https://www.sec.gov/Archives/edgar/data/1685040/000168504019000042/0001685040-19-000042-index.htm",
        "finalLink": "https://www.sec.gov/Archives/edgar/data/1685040/000168504019000042/bhf-20190930x10q.htm"
    },
    {
        "date": "2019-06-30",
        "symbol": "BHF",
        "reportedCurrency": "USD",
        "cik": "0001685040",
        "fillingDate": "2019-08-06",
        "acceptedDate": "2019-08-06 16:24:07",
        "calendarYear": "2019",
        "period": "Q2",
        "revenue": 2370000000,
        "costOfRevenue": 1280000000,
        "grossProfit": 1090000000,
        "grossProfitRatio": 0.4599156118,
        "researchAndDevelopmentExpenses": 0,
        "generalAndAdministrativeExpenses": 145000000,
        "sellingAndMarketingExpenses": 0,
        "sellingGeneralAndAdministrativeExpenses": 145000000,
        "otherExpenses": 325000000,
        "operatingExpenses": 470000000,
        "costAndExpenses": 1853000000,
        "interestIncome": 0,
        "interestExpense": 48000000,
        "depreciationAndAmortization": 0,
        "ebitda": 517000000,
        "ebitdaratio": 0.2181434599,
        "operatingIncome": 517000000,
        "operatingIncomeRatio": 0.2181434599,
        "totalOtherIncomeExpensesNet": -48000000,
        "incomeBeforeTax": 469000000,
        "incomeBeforeTaxRatio": 0.1978902954,
        "incomeTaxExpense": 85000000,
        "netIncome": 384000000,
        "netIncomeRatio": 0.1620253165,
        "eps": 3.27,
        "epsdiluted": 3.27,
        "weightedAverageShsOut": 115290519,
        "weightedAverageShsOutDil": 115536654,
        "link": "https://www.sec.gov/Archives/edgar/data/1685040/000168504019000032/0001685040-19-000032-index.htm",
        "finalLink": "https://www.sec.gov/Archives/edgar/data/1685040/000168504019000032/bhf-20190630x10q.htm"
    },
    {
        "date": "2019-03-31",
        "symbol": "BHF",
        "reportedCurrency": "USD",
        "cik": "0001685040",
        "fillingDate": "2019-05-07",
        "acceptedDate": "2019-05-07 16:26:41",
        "calendarYear": "2019",
        "period": "Q1",
        "revenue": 691000000,
        "costOfRevenue": 1052000000,
        "grossProfit": -361000000,
        "grossProfitRatio": -0.522431259,
        "researchAndDevelopmentExpenses": 0,
        "generalAndAdministrativeExpenses": 128000000,
        "sellingAndMarketingExpenses": 0,
        "sellingGeneralAndAdministrativeExpenses": 128000000,
        "otherExpenses": 313000000,
        "operatingExpenses": 441000000,
        "costAndExpenses": 1597000000,
        "interestIncome": 0,
        "interestExpense": 47000000,
        "depreciationAndAmortization": 0,
        "ebitda": -906000000,
        "ebitdaratio": -1.3111432706,
        "operatingIncome": -906000000,
        "operatingIncomeRatio": -1.3111432706,
        "totalOtherIncomeExpensesNet": -47000000,
        "incomeBeforeTax": -953000000,
        "incomeBeforeTaxRatio": -1.3791606368,
        "incomeTaxExpense": -218000000,
        "netIncome": -737000000,
        "netIncomeRatio": -1.0665701881,
        "eps": -6.31,
        "epsdiluted": -6.31,
        "weightedAverageShsOut": 116798750,
        "weightedAverageShsOutDil": 116805384,
        "link": "https://www.sec.gov/Archives/edgar/data/1685040/000168504019000020/0001685040-19-000020-index.htm",
        "finalLink": "https://www.sec.gov/Archives/edgar/data/1685040/000168504019000020/bhf-20190331x10q.htm"
    },
    {
        "date": "2018-12-31",
        "symbol": "BHF",
        "reportedCurrency": "USD",
        "cik": "0001685040",
        "fillingDate": "2019-02-26",
        "acceptedDate": "2019-02-26 17:06:39",
        "calendarYear": "2018",
        "period": "Q4",
        "revenue": 4026000000,
        "costOfRevenue": 1861000000,
        "grossProfit": 3958000000,
        "grossProfitRatio": 0.9831097864,
        "researchAndDevelopmentExpenses": 0,
        "generalAndAdministrativeExpenses": -48000000,
        "sellingAndMarketingExpenses": 0,
        "sellingGeneralAndAdministrativeExpenses": -48000000,
        "otherExpenses": 386000000,
        "operatingExpenses": 338000000,
        "costAndExpenses": 2194000000,
        "interestIncome": 0,
        "interestExpense": 45000000,
        "depreciationAndAmortization": 0,
        "ebitda": 1832000000,
        "ebitdaratio": 0.4550422255,
        "operatingIncome": 1832000000,
        "operatingIncomeRatio": 0.4550422255,
        "totalOtherIncomeExpensesNet": -45000000,
        "incomeBeforeTax": 1787000000,
        "incomeBeforeTaxRatio": 0.4438648783,
        "incomeTaxExpense": 345000000,
        "netIncome": 1442000000,
        "netIncomeRatio": 0.3581718828,
        "eps": 12.27,
        "epsdiluted": 12.14,
        "weightedAverageShsOut": 117532336,
        "weightedAverageShsOutDil": 118685082,
        "link": "https://www.sec.gov/Archives/edgar/data/1685040/000168504019000009/0001685040-19-000009-index.htm",
        "finalLink": "https://www.sec.gov/Archives/edgar/data/1685040/000168504019000009/brighthouse-12312018x10k.htm"
    },
    {
        "date": "2018-09-30",
        "symbol": "BHF",
        "reportedCurrency": "USD",
        "cik": "0001685040",
        "fillingDate": "2018-11-06",
        "acceptedDate": "2018-11-06 16:37:20",
        "calendarYear": "2018",
        "period": "Q3",
        "revenue": 1422000000,
        "costOfRevenue": 1125000000,
        "grossProfit": 297000000,
        "grossProfitRatio": 0.2088607595,
        "researchAndDevelopmentExpenses": 0,
        "generalAndAdministrativeExpenses": 130000000,
        "sellingAndMarketingExpenses": 0,
        "sellingGeneralAndAdministrativeExpenses": 130000000,
        "otherExpenses": 535000000,
        "operatingExpenses": 665000000,
        "costAndExpenses": 1750000000,
        "interestIncome": 0,
        "interestExpense": 39000000,
        "depreciationAndAmortization": 0,
        "ebitda": -328000000,
        "ebitdaratio": -0.2306610408,
        "operatingIncome": -328000000,
        "operatingIncomeRatio": -0.2306610408,
        "totalOtherIncomeExpensesNet": -40000000,
        "incomeBeforeTax": -368000000,
        "incomeBeforeTaxRatio": -0.258790436,
        "incomeTaxExpense": -99000000,
        "netIncome": -271000000,
        "netIncomeRatio": -0.1905766526,
        "eps": -2.26,
        "epsdiluted": -2.26,
        "weightedAverageShsOut": 119657443,
        "weightedAverageShsOutDil": 119657443,
        "link": "https://www.sec.gov/Archives/edgar/data/1685040/000168504018000031/0001685040-18-000031-index.htm",
        "finalLink": "https://www.sec.gov/Archives/edgar/data/1685040/000168504018000031/bhf-20180930x10q.htm"
    },
    {
        "date": "2018-06-30",
        "symbol": "BHF",
        "reportedCurrency": "USD",
        "cik": "0001685040",
        "fillingDate": "2018-08-07",
        "acceptedDate": "2018-08-07 17:24:20",
        "calendarYear": "2018",
        "period": "Q2",
        "revenue": 1702000000,
        "costOfRevenue": 1328000000,
        "grossProfit": 1690000000,
        "grossProfitRatio": 0.9929494712,
        "researchAndDevelopmentExpenses": 0,
        "generalAndAdministrativeExpenses": 160000000,
        "sellingAndMarketingExpenses": 0,
        "sellingGeneralAndAdministrativeExpenses": 160000000,
        "otherExpenses": 531000000,
        "operatingExpenses": 691000000,
        "costAndExpenses": 1986000000,
        "interestIncome": 0,
        "interestExpense": 37000000,
        "depreciationAndAmortization": 0,
        "ebitda": -284000000,
        "ebitdaratio": -0.1668625147,
        "operatingIncome": -284000000,
        "operatingIncomeRatio": -0.1668625147,
        "totalOtherIncomeExpensesNet": -2007000000,
        "incomeBeforeTax": -317000000,
        "incomeBeforeTaxRatio": -0.1862514689,
        "incomeTaxExpense": -79000000,
        "netIncome": -239000000,
        "netIncomeRatio": -0.1404230317,
        "eps": -2,
        "epsdiluted": -1.99,
        "weightedAverageShsOut": 119773106,
        "weightedAverageShsOutDil": 120200149,
        "link": "https://www.sec.gov/Archives/edgar/data/1685040/000168504018000019/0001685040-18-000019-index.htm",
        "finalLink": "https://www.sec.gov/Archives/edgar/data/1685040/000168504018000019/bhf-20180630x10q.htm"
    },
    {
        "date": "2018-03-31",
        "symbol": "BHF",
        "reportedCurrency": "USD",
        "cik": "0001685040",
        "fillingDate": "2018-05-09",
        "acceptedDate": "2018-05-09 17:30:10",
        "calendarYear": "2018",
        "period": "Q1",
        "revenue": 1815000000,
        "costOfRevenue": 1310000000,
        "grossProfit": 505000000,
        "grossProfitRatio": 0.2782369146,
        "researchAndDevelopmentExpenses": 0,
        "generalAndAdministrativeExpenses": 119000000,
        "sellingAndMarketingExpenses": 0,
        "sellingGeneralAndAdministrativeExpenses": 119000000,
        "otherExpenses": 499000000,
        "operatingExpenses": 618000000,
        "costAndExpenses": 1891000000,
        "interestIncome": 0,
        "interestExpense": 37000000,
        "depreciationAndAmortization": 0,
        "ebitda": -76000000,
        "ebitdaratio": -0.0418732782,
        "operatingIncome": -76000000,
        "operatingIncomeRatio": -0.0418732782,
        "totalOtherIncomeExpensesNet": -37000000,
        "incomeBeforeTax": -113000000,
        "incomeBeforeTaxRatio": -0.0622589532,
        "incomeTaxExpense": -48000000,
        "netIncome": -67000000,
        "netIncomeRatio": -0.0369146006,
        "eps": -0.56,
        "epsdiluted": -0.56,
        "weightedAverageShsOut": 119643070,
        "weightedAverageShsOutDil": 119773106,
        "link": "https://www.sec.gov/Archives/edgar/data/1685040/000168504018000007/0001685040-18-000007-index.htm",
        "finalLink": "https://www.sec.gov/Archives/edgar/data/1685040/000168504018000007/bhf-20180331x10q.htm"
    },
    {
        "date": "2017-12-31",
        "symbol": "BHF",
        "reportedCurrency": "USD",
        "cik": "0001685040",
        "fillingDate": "2018-03-16",
        "acceptedDate": "2018-03-15 21:37:04",
        "calendarYear": "2017",
        "period": "Q4",
        "revenue": 1880000000,
        "costOfRevenue": 1341000000,
        "grossProfit": 315000000,
        "grossProfitRatio": 0.1675531915,
        "researchAndDevelopmentExpenses": 0,
        "generalAndAdministrativeExpenses": 205000000,
        "sellingAndMarketingExpenses": 0,
        "sellingGeneralAndAdministrativeExpenses": 205000000,
        "otherExpenses": -898000000,
        "operatingExpenses": -693000000,
        "costAndExpenses": 2065000000,
        "interestIncome": 0,
        "interestExpense": 37000000,
        "depreciationAndAmortization": 0,
        "ebitda": -185000000,
        "ebitdaratio": -0.0984042553,
        "operatingIncome": -185000000,
        "operatingIncomeRatio": -0.0984042553,
        "totalOtherIncomeExpensesNet": -37000000,
        "incomeBeforeTax": -222000000,
        "incomeBeforeTaxRatio": -0.1180851064,
        "incomeTaxExpense": -890000000,
        "netIncome": 668000000,
        "netIncomeRatio": 0.3553191489,
        "eps": 5.58,
        "epsdiluted": 5.58,
        "weightedAverageShsOut": 119773106,
        "weightedAverageShsOutDil": 119773106,
        "link": "https://www.sec.gov/Archives/edgar/data/1685040/000116760918000005/0001167609-18-000005-index.htm",
        "finalLink": "https://www.sec.gov/Archives/edgar/data/1685040/000116760918000005/brighthouse-12312017x10k.htm"
    },
    {
        "date": "2017-09-30",
        "symbol": "BHF",
        "reportedCurrency": "USD",
        "cik": "0001685040",
        "fillingDate": "2017-11-09",
        "acceptedDate": "2017-11-09 17:23:36",
        "calendarYear": "2017",
        "period": "Q3",
        "revenue": 1972000000,
        "costOfRevenue": 1417000000,
        "grossProfit": 331000000,
        "grossProfitRatio": 0.1678498986,
        "researchAndDevelopmentExpenses": 0,
        "generalAndAdministrativeExpenses": 162000000,
        "sellingAndMarketingExpenses": 0,
        "sellingGeneralAndAdministrativeExpenses": 162000000,
        "otherExpenses": -160000000,
        "operatingExpenses": 2000000,
        "costAndExpenses": 2062000000,
        "interestIncome": 0,
        "interestExpense": 34000000,
        "depreciationAndAmortization": 0,
        "ebitda": -90000000,
        "ebitdaratio": -0.0456389452,
        "operatingIncome": -90000000,
        "operatingIncomeRatio": -0.0456389452,
        "totalOtherIncomeExpensesNet": -34000000,
        "incomeBeforeTax": -124000000,
        "incomeBeforeTaxRatio": -0.0628803245,
        "incomeTaxExpense": 819000000,
        "netIncome": -943000000,
        "netIncomeRatio": -0.4781947262,
        "eps": -7.87,
        "epsdiluted": -7.87,
        "weightedAverageShsOut": 119773106,
        "weightedAverageShsOutDil": 119773106,
        "link": "https://www.sec.gov/Archives/edgar/data/1685040/000116760917000091/0001167609-17-000091-index.htm",
        "finalLink": "https://www.sec.gov/Archives/edgar/data/1685040/000116760917000091/bhf-20170930x10q.htm"
    },
    {
        "date": "2017-06-30",
        "symbol": "BHF",
        "reportedCurrency": "USD",
        "cik": "0001685040",
        "fillingDate": "2017-08-15",
        "acceptedDate": "2017-08-15 07:21:47",
        "calendarYear": "2017",
        "period": "Q2",
        "revenue": 2025000000,
        "costOfRevenue": 1046000000,
        "grossProfit": 755000000,
        "grossProfitRatio": 0.3728395062,
        "researchAndDevelopmentExpenses": 0,
        "generalAndAdministrativeExpenses": 122000000,
        "sellingAndMarketingExpenses": 0,
        "sellingGeneralAndAdministrativeExpenses": 122000000,
        "otherExpenses": 312000000,
        "operatingExpenses": 434000000,
        "costAndExpenses": 1667000000,
        "interestIncome": 0,
        "interestExpense": 37000000,
        "depreciationAndAmortization": 0,
        "ebitda": 358000000,
        "ebitdaratio": 0.1767901235,
        "operatingIncome": 358000000,
        "operatingIncomeRatio": 0.1767901235,
        "totalOtherIncomeExpensesNet": -37000000,
        "incomeBeforeTax": 321000000,
        "incomeBeforeTaxRatio": 0.1585185185,
        "incomeTaxExpense": 75000000,
        "netIncome": 246000000,
        "netIncomeRatio": 0.1214814815,
        "eps": 2,
        "epsdiluted": 2,
        "weightedAverageShsOut": 120000058,
        "weightedAverageShsOutDil": 122723993,
        "link": "https://www.sec.gov/Archives/edgar/data/1685040/000116760917000067/0001167609-17-000067-index.htm",
        "finalLink": "https://www.sec.gov/Archives/edgar/data/1685040/000116760917000067/bhf-20170630x10q.htm"
    },
    {
        "date": "2017-03-31",
        "symbol": "BHF",
        "reportedCurrency": "USD",
        "cik": "0001685040",
        "fillingDate": "2017-03-31",
        "acceptedDate": "2017-03-30 20:00:00",
        "calendarYear": "2017",
        "period": "Q1",
        "revenue": 965000000,
        "costOfRevenue": 946000000,
        "grossProfit": 19000000,
        "grossProfitRatio": 0.0196891192,
        "researchAndDevelopmentExpenses": 0,
        "generalAndAdministrativeExpenses": 103000000,
        "sellingAndMarketingExpenses": 0,
        "sellingGeneralAndAdministrativeExpenses": 103000000,
        "otherExpenses": 506000000,
        "operatingExpenses": 609000000,
        "costAndExpenses": -1555000000,
        "interestIncome": 0,
        "interestExpense": 45000000,
        "depreciationAndAmortization": 0,
        "ebitda": -590000000,
        "ebitdaratio": -0.6113989637,
        "operatingIncome": -590000000,
        "operatingIncomeRatio": -0.6113989637,
        "totalOtherIncomeExpensesNet": -1554000000,
        "incomeBeforeTax": -590000000,
        "incomeBeforeTaxRatio": -0.6113989637,
        "incomeTaxExpense": -241000000,
        "netIncome": -349000000,
        "netIncomeRatio": -0.3616580311,
        "eps": -2.91,
        "epsdiluted": -2.84,
        "weightedAverageShsOut": 119773138,
        "weightedAverageShsOutDil": 122723993,
        "link": "",
        "finalLink": ""
    },
    {
        "date": "2016-12-31",
        "symbol": "BHF",
        "reportedCurrency": "USD",
        "cik": "0001685040",
        "fillingDate": "2016-12-31",
        "acceptedDate": "2016-12-30 19:00:00",
        "calendarYear": "2016",
        "period": "Q4",
        "revenue": -553000000,
        "costOfRevenue": 1904000000,
        "grossProfit": -2457000000,
        "grossProfitRatio": 4.4430379747,
        "researchAndDevelopmentExpenses": 0,
        "generalAndAdministrativeExpenses": 0,
        "sellingAndMarketingExpenses": 0,
        "sellingGeneralAndAdministrativeExpenses": 0,
        "otherExpenses": 320000000,
        "operatingExpenses": 320000000,
        "costAndExpenses": -2224000000,
        "interestIncome": 0,
        "interestExpense": 0,
        "depreciationAndAmortization": 0,
        "ebitda": -2777000000,
        "ebitdaratio": 5.0216998192,
        "operatingIncome": -2777000000,
        "operatingIncomeRatio": 5.0216998192,
        "totalOtherIncomeExpensesNet": 0,
        "incomeBeforeTax": -2777000000,
        "incomeBeforeTaxRatio": 5.0216998192,
        "incomeTaxExpense": -1012000000,
        "netIncome": -1765000000,
        "netIncomeRatio": 3.191681736,
        "eps": -14.74,
        "epsdiluted": -14.38,
        "weightedAverageShsOut": 119773108,
        "weightedAverageShsOutDil": 122723993,
        "link": "",
        "finalLink": ""
    },
    {
        "date": "2016-09-30",
        "symbol": "BHF",
        "reportedCurrency": "USD",
        "cik": "0001685040",
        "fillingDate": "2016-09-30",
        "acceptedDate": "2016-09-30 00:00:00",
        "calendarYear": "2016",
        "period": "Q3",
        "revenue": 1766000000,
        "costOfRevenue": 1282000000,
        "grossProfit": 484000000,
        "grossProfitRatio": 0.2740656852,
        "researchAndDevelopmentExpenses": 0,
        "generalAndAdministrativeExpenses": 0,
        "sellingAndMarketingExpenses": 0,
        "sellingGeneralAndAdministrativeExpenses": 0,
        "otherExpenses": 623000000,
        "operatingExpenses": 736000000,
        "costAndExpenses": 2018000000,
        "interestIncome": 0,
        "interestExpense": 44000000,
        "depreciationAndAmortization": 0,
        "ebitda": -252000000,
        "ebitdaratio": -0.1426953567,
        "operatingIncome": -91000000,
        "operatingIncomeRatio": -0.0515288788,
        "totalOtherIncomeExpensesNet": -161000000,
        "incomeBeforeTax": -252000000,
        "incomeBeforeTaxRatio": -0.1426953567,
        "incomeTaxExpense": -94000000,
        "netIncome": -158000000,
        "netIncomeRatio": -0.0894677237,
        "eps": -1.32,
        "epsdiluted": -1.29,
        "weightedAverageShsOut": 119773188,
        "weightedAverageShsOutDil": 122723993,
        "link": "",
        "finalLink": ""
    },
    {
        "date": "2016-06-30",
        "symbol": "BHF",
        "reportedCurrency": "USD",
        "cik": "0001685040",
        "fillingDate": "2016-06-30",
        "acceptedDate": "2016-06-30 00:00:00",
        "calendarYear": "2016",
        "period": "Q2",
        "revenue": -584000000,
        "costOfRevenue": 1079000000,
        "grossProfit": -1663000000,
        "grossProfitRatio": 2.8476027397,
        "researchAndDevelopmentExpenses": 0,
        "generalAndAdministrativeExpenses": 140000000,
        "sellingAndMarketingExpenses": 0,
        "sellingGeneralAndAdministrativeExpenses": 140000000,
        "otherExpenses": 437000000,
        "operatingExpenses": 577000000,
        "costAndExpenses": 1656000000,
        "interestIncome": 0,
        "interestExpense": 45000000,
        "depreciationAndAmortization": 0,
        "ebitda": -2195000000,
        "ebitdaratio": 3.7585616438,
        "operatingIncome": -2195000000,
        "operatingIncomeRatio": 3.7585616438,
        "totalOtherIncomeExpensesNet": -1643000000,
        "incomeBeforeTax": -2240000000,
        "incomeBeforeTaxRatio": 3.8356164384,
        "incomeTaxExpense": -817000000,
        "netIncome": -1423000000,
        "netIncomeRatio": 2.4366438356,
        "eps": -11.6,
        "epsdiluted": -11.6,
        "weightedAverageShsOut": 122723993,
        "weightedAverageShsOutDil": 122723993,
        "link": "",
        "finalLink": ""
    },
    {
        "date": "2016-03-31",
        "symbol": "BHF",
        "reportedCurrency": "USD",
        "cik": "0001685040",
        "fillingDate": "2016-03-31",
        "acceptedDate": "2016-03-31 00:00:00",
        "calendarYear": "2016",
        "period": "Q1",
        "revenue": 2389000000,
        "costOfRevenue": 1273000000,
        "grossProfit": 1116000000,
        "grossProfitRatio": 0.4671410632,
        "researchAndDevelopmentExpenses": 0,
        "generalAndAdministrativeExpenses": 0,
        "sellingAndMarketingExpenses": 0,
        "sellingGeneralAndAdministrativeExpenses": 0,
        "otherExpenses": 552000000,
        "operatingExpenses": 552000000,
        "costAndExpenses": 0,
        "interestIncome": 0,
        "interestExpense": 0,
        "depreciationAndAmortization": 0,
        "ebitda": 564000000,
        "ebitdaratio": 0.2360820427,
        "operatingIncome": 564000000,
        "operatingIncomeRatio": 0.2360820427,
        "totalOtherIncomeExpensesNet": -1825000000,
        "incomeBeforeTax": 564000000,
        "incomeBeforeTaxRatio": 0.2360820427,
        "incomeTaxExpense": 157000000,
        "netIncome": 407000000,
        "netIncomeRatio": 0.1703641691,
        "eps": 3.32,
        "epsdiluted": 3.32,
        "weightedAverageShsOut": 122723993,
        "weightedAverageShsOutDil": 122723993,
        "link": "",
        "finalLink": ""
    },
    {
        "date": "2015-12-31",
        "symbol": "BHF",
        "reportedCurrency": "USD",
        "cik": "0001685040",
        "fillingDate": "2015-12-31",
        "acceptedDate": "2015-12-30 19:00:00",
        "calendarYear": "2015",
        "period": "Q4",
        "revenue": 2115000000,
        "costOfRevenue": 0,
        "grossProfit": 2115000000,
        "grossProfitRatio": 1,
        "researchAndDevelopmentExpenses": 0,
        "generalAndAdministrativeExpenses": 0,
        "sellingAndMarketingExpenses": 0,
        "sellingGeneralAndAdministrativeExpenses": 8000000,
        "otherExpenses": 0,
        "operatingExpenses": 8000000,
        "costAndExpenses": 8000000,
        "interestIncome": 150000000,
        "interestExpense": 0,
        "depreciationAndAmortization": -226000000,
        "ebitda": 2107000000,
        "ebitdaratio": 0.9962174941,
        "operatingIncome": 226000000,
        "operatingIncomeRatio": 0.106855792,
        "totalOtherIncomeExpensesNet": 0,
        "incomeBeforeTax": 76000000,
        "incomeBeforeTaxRatio": 0.0359338061,
        "incomeTaxExpense": 15000000,
        "netIncome": 91000000,
        "netIncomeRatio": 0.0430260047,
        "eps": 0.75,
        "epsdiluted": 0.74,
        "weightedAverageShsOut": 121248550,
        "weightedAverageShsOutDil": 122723993,
        "link": null,
        "finalLink": null
    },
    {
        "date": "2015-09-30",
        "symbol": "BHF",
        "reportedCurrency": "USD",
        "cik": "0001685040",
        "fillingDate": "2015-09-30",
        "acceptedDate": "2015-09-29 20:00:00",
        "calendarYear": "2015",
        "period": "Q3",
        "revenue": 2296000000,
        "costOfRevenue": 0,
        "grossProfit": 2296000000,
        "grossProfitRatio": 1,
        "researchAndDevelopmentExpenses": 0,
        "generalAndAdministrativeExpenses": 0,
        "sellingAndMarketingExpenses": 0,
        "sellingGeneralAndAdministrativeExpenses": 0,
        "otherExpenses": 1873000000,
        "operatingExpenses": 1873000000,
        "costAndExpenses": 0,
        "interestIncome": 10000000,
        "interestExpense": 0,
        "depreciationAndAmortization": -423000000,
        "ebitda": -10000000,
        "ebitdaratio": -0.0043554007,
        "operatingIncome": 423000000,
        "operatingIncomeRatio": 0.1842334495,
        "totalOtherIncomeExpensesNet": -1883000000,
        "incomeBeforeTax": 413000000,
        "incomeBeforeTaxRatio": 0.1798780488,
        "incomeTaxExpense": 90000000,
        "netIncome": 323000000,
        "netIncomeRatio": 0.1406794425,
        "eps": 2.66,
        "epsdiluted": 2.63,
        "weightedAverageShsOut": 121248550,
        "weightedAverageShsOutDil": 122723993,
        "link": null,
        "finalLink": null
    },
    {
        "date": "2015-06-30",
        "symbol": "BHF",
        "reportedCurrency": "USD",
        "cik": "0001685040",
        "fillingDate": "2015-06-30",
        "acceptedDate": "2015-06-29 20:00:00",
        "calendarYear": "2015",
        "period": "Q2",
        "revenue": 2239000000,
        "costOfRevenue": 0,
        "grossProfit": 2239000000,
        "grossProfitRatio": 1,
        "researchAndDevelopmentExpenses": 0,
        "generalAndAdministrativeExpenses": 0,
        "sellingAndMarketingExpenses": 0,
        "sellingGeneralAndAdministrativeExpenses": 0,
        "otherExpenses": 0,
        "operatingExpenses": 0,
        "costAndExpenses": 0,
        "interestIncome": 0,
        "interestExpense": 0,
        "depreciationAndAmortization": -486500000,
        "ebitda": 3991500000,
        "ebitdaratio": 1.782715498,
        "operatingIncome": 486500000,
        "operatingIncomeRatio": 0.217284502,
        "totalOtherIncomeExpensesNet": -1752500000,
        "incomeBeforeTax": 486500000,
        "incomeBeforeTaxRatio": 0.217284502,
        "incomeTaxExpense": 134000000,
        "netIncome": 352500000,
        "netIncomeRatio": 0.1574363555,
        "eps": 2.91,
        "epsdiluted": 2.87,
        "weightedAverageShsOut": 121248550,
        "weightedAverageShsOutDil": 122723993,
        "link": null,
        "finalLink": null
    },
    {
        "date": "2015-03-31",
        "symbol": "BHF",
        "reportedCurrency": "USD",
        "cik": "0001685040",
        "fillingDate": "2015-03-31",
        "acceptedDate": "2015-03-30 20:00:00",
        "calendarYear": "2015",
        "period": "Q1",
        "revenue": 2239000000,
        "costOfRevenue": 0,
        "grossProfit": 2239000000,
        "grossProfitRatio": 1,
        "researchAndDevelopmentExpenses": 0,
        "generalAndAdministrativeExpenses": 0,
        "sellingAndMarketingExpenses": 0,
        "sellingGeneralAndAdministrativeExpenses": 0,
        "otherExpenses": 0,
        "operatingExpenses": 0,
        "costAndExpenses": 0,
        "interestIncome": 0,
        "interestExpense": 0,
        "depreciationAndAmortization": -486500000,
        "ebitda": 3991500000,
        "ebitdaratio": 1.782715498,
        "operatingIncome": 486500000,
        "operatingIncomeRatio": 0.217284502,
        "totalOtherIncomeExpensesNet": -1752500000,
        "incomeBeforeTax": 486500000,
        "incomeBeforeTaxRatio": 0.217284502,
        "incomeTaxExpense": 134000000,
        "netIncome": 352500000,
        "netIncomeRatio": 0.1574363555,
        "eps": 2.91,
        "epsdiluted": 2.87,
        "weightedAverageShsOut": 121248550,
        "weightedAverageShsOutDil": 122723993,
        "link": null,
        "finalLink": null
    }
]