[
    {
        "date": "2024-08-03",
        "symbol": "BIG",
        "reportedCurrency": "USD",
        "cik": "0000768835",
        "fillingDate": "2024-09-12",
        "acceptedDate": "2024-09-12 16:48:54",
        "calendarYear": "2024",
        "period": "Q2",
        "revenue": 1046552000,
        "costOfRevenue": 681386000,
        "grossProfit": 365166000,
        "grossProfitRatio": 0.3489229393,
        "researchAndDevelopmentExpenses": 0,
        "generalAndAdministrativeExpenses": 0,
        "sellingAndMarketingExpenses": 0,
        "sellingGeneralAndAdministrativeExpenses": 553725000,
        "otherExpenses": 2000,
        "operatingExpenses": 586979000,
        "costAndExpenses": 1268365000,
        "interestIncome": 0,
        "interestExpense": 16295000,
        "depreciationAndAmortization": 34095000,
        "ebitda": -187716000,
        "ebitdaratio": -0.1793661471,
        "operatingIncome": -221813000,
        "operatingIncomeRatio": -0.211946468,
        "totalOtherIncomeExpensesNet": -16293000,
        "incomeBeforeTax": -238106000,
        "incomeBeforeTaxRatio": -0.2275147341,
        "incomeTaxExpense": 350000,
        "netIncome": -238456000,
        "netIncomeRatio": -0.2278491656,
        "eps": -8.04,
        "epsdiluted": -8.04,
        "weightedAverageShsOut": 29642000,
        "weightedAverageShsOutDil": 29642000,
        "link": "https://www.sec.gov/Archives/edgar/data/768835/000076883524000067/0000768835-24-000067-index.htm",
        "finalLink": "https://www.sec.gov/Archives/edgar/data/768835/000076883524000067/big-20240803.htm"
    },
    {
        "date": "2024-05-04",
        "symbol": "BIG",
        "reportedCurrency": "USD",
        "cik": "0000768835",
        "fillingDate": "2024-06-13",
        "acceptedDate": "2024-06-13 16:14:13",
        "calendarYear": "2024",
        "period": "Q1",
        "revenue": 1009112000,
        "costOfRevenue": 668964000,
        "grossProfit": 340148000,
        "grossProfitRatio": 0.3370765584,
        "researchAndDevelopmentExpenses": 0,
        "generalAndAdministrativeExpenses": 439804000,
        "sellingAndMarketingExpenses": 24100000,
        "sellingGeneralAndAdministrativeExpenses": 463904000,
        "otherExpenses": 1000,
        "operatingExpenses": 463904000,
        "costAndExpenses": 1132868000,
        "interestIncome": 0,
        "interestExpense": 11989000,
        "depreciationAndAmortization": 32424000,
        "ebitda": -161305000,
        "ebitdaratio": -0.1598484608,
        "operatingIncome": -123756000,
        "operatingIncomeRatio": -0.1226385178,
        "totalOtherIncomeExpensesNet": -43539000,
        "incomeBeforeTax": -204844000,
        "incomeBeforeTaxRatio": -0.2029943158,
        "incomeTaxExpense": 191000,
        "netIncome": -205035000,
        "netIncomeRatio": -0.2031835911,
        "eps": -6.99,
        "epsdiluted": -6.99,
        "weightedAverageShsOut": 29350000,
        "weightedAverageShsOutDil": 29350000,
        "link": "https://www.sec.gov/Archives/edgar/data/768835/000076883524000049/0000768835-24-000049-index.htm",
        "finalLink": "https://www.sec.gov/Archives/edgar/data/768835/000076883524000049/big-20240504.htm"
    },
    {
        "date": "2024-02-03",
        "symbol": "BIG",
        "reportedCurrency": "USD",
        "cik": "0000768835",
        "fillingDate": "2024-04-18",
        "acceptedDate": "2024-04-18 17:15:47",
        "calendarYear": "2023",
        "period": "Q4",
        "revenue": 1432484000,
        "costOfRevenue": 921559000,
        "grossProfit": 510925000,
        "grossProfitRatio": 0.3566706504,
        "researchAndDevelopmentExpenses": 0,
        "generalAndAdministrativeExpenses": 459249000,
        "sellingAndMarketingExpenses": 62200000,
        "sellingGeneralAndAdministrativeExpenses": 521449000,
        "otherExpenses": 2000,
        "operatingExpenses": 521449000,
        "costAndExpenses": 1443008000,
        "interestIncome": 0,
        "interestExpense": 10842000,
        "depreciationAndAmortization": 34297000,
        "ebitda": 23773000,
        "ebitdaratio": 0.0165956478,
        "operatingIncome": -10524000,
        "operatingIncomeRatio": -0.0073466789,
        "totalOtherIncomeExpensesNet": -24089000,
        "incomeBeforeTax": -34613000,
        "incomeBeforeTaxRatio": -0.0241629226,
        "incomeTaxExpense": -3904000,
        "netIncome": -30709000,
        "netIncomeRatio": -0.0214375867,
        "eps": -1.05,
        "epsdiluted": -1.05,
        "weightedAverageShsOut": 29217000,
        "weightedAverageShsOutDil": 29217000,
        "link": "https://www.sec.gov/Archives/edgar/data/768835/000076883524000026/0000768835-24-000026-index.htm",
        "finalLink": "https://www.sec.gov/Archives/edgar/data/768835/000076883524000026/big-20240203.htm"
    },
    {
        "date": "2023-10-28",
        "symbol": "BIG",
        "reportedCurrency": "USD",
        "cik": "0000768835",
        "fillingDate": "2023-12-06",
        "acceptedDate": "2023-12-06 16:09:25",
        "calendarYear": "2023",
        "period": "Q3",
        "revenue": 1026677000,
        "costOfRevenue": 652862000,
        "grossProfit": 373815000,
        "grossProfitRatio": 0.3641018548,
        "researchAndDevelopmentExpenses": 0,
        "generalAndAdministrativeExpenses": 507830000,
        "sellingAndMarketingExpenses": 17900000,
        "sellingGeneralAndAdministrativeExpenses": 525730000,
        "otherExpenses": 0,
        "operatingExpenses": 558852000,
        "costAndExpenses": 1211714000,
        "interestIncome": 0,
        "interestExpense": 13592000,
        "depreciationAndAmortization": 33664000,
        "ebitda": 53346000,
        "ebitdaratio": 0.0519598666,
        "operatingIncome": 19682000,
        "operatingIncomeRatio": 0.0191705863,
        "totalOtherIncomeExpensesNet": -13592000,
        "incomeBeforeTax": 6090000,
        "incomeBeforeTaxRatio": 0.0059317585,
        "incomeTaxExpense": 1347000,
        "netIncome": 4743000,
        "netIncomeRatio": 0.0046197587,
        "eps": 0.16,
        "epsdiluted": 0.16,
        "weightedAverageShsOut": 29204000,
        "weightedAverageShsOutDil": 29300000,
        "link": "https://www.sec.gov/Archives/edgar/data/768835/000076883523000112/0000768835-23-000112-index.htm",
        "finalLink": "https://www.sec.gov/Archives/edgar/data/768835/000076883523000112/big-20231028.htm"
    },
    {
        "date": "2023-07-29",
        "symbol": "BIG",
        "reportedCurrency": "USD",
        "cik": "0000768835",
        "fillingDate": "2023-09-06",
        "acceptedDate": "2023-09-06 16:16:32",
        "calendarYear": "2023",
        "period": "Q2",
        "revenue": 1139361000,
        "costOfRevenue": 763477000,
        "grossProfit": 375884000,
        "grossProfitRatio": 0.329907729,
        "researchAndDevelopmentExpenses": 0,
        "generalAndAdministrativeExpenses": 437289000,
        "sellingAndMarketingExpenses": 19400000,
        "sellingGeneralAndAdministrativeExpenses": 456689000,
        "otherExpenses": 0,
        "operatingExpenses": 497971000,
        "costAndExpenses": 1261448000,
        "interestIncome": 0,
        "interestExpense": 11175000,
        "depreciationAndAmortization": 94989000,
        "ebitda": -80805000,
        "ebitdaratio": -0.0709213322,
        "operatingIncome": -122087000,
        "operatingIncomeRatio": -0.1071539222,
        "totalOtherIncomeExpensesNet": -23575000,
        "incomeBeforeTax": -133262000,
        "incomeBeforeTaxRatio": -0.1169620515,
        "incomeTaxExpense": 116575000,
        "netIncome": -249837000,
        "netIncomeRatio": -0.2192781743,
        "eps": -8.56,
        "epsdiluted": -8.56,
        "weightedAverageShsOut": 29175000,
        "weightedAverageShsOutDil": 29175000,
        "link": "https://www.sec.gov/Archives/edgar/data/768835/000076883523000104/0000768835-23-000104-index.htm",
        "finalLink": "https://www.sec.gov/Archives/edgar/data/768835/000076883523000104/big-20230729.htm"
    },
    {
        "date": "2023-04-29",
        "symbol": "BIG",
        "reportedCurrency": "USD",
        "cik": "0000768835",
        "fillingDate": "2023-06-07",
        "acceptedDate": "2023-06-07 16:43:56",
        "calendarYear": "2023",
        "period": "Q1",
        "revenue": 1123577000,
        "costOfRevenue": 731108000,
        "grossProfit": 392469000,
        "grossProfitRatio": 0.349303163,
        "researchAndDevelopmentExpenses": 0,
        "generalAndAdministrativeExpenses": 592266000,
        "sellingAndMarketingExpenses": 24800000,
        "sellingGeneralAndAdministrativeExpenses": 617066000,
        "otherExpenses": -1270714000,
        "operatingExpenses": -653648000,
        "costAndExpenses": 77460000,
        "interestIncome": 0,
        "interestExpense": 9149000,
        "depreciationAndAmortization": 156117000,
        "ebitda": -224597000,
        "ebitdaratio": -0.1998946223,
        "operatingIncome": -261179000,
        "operatingIncomeRatio": -0.2324531385,
        "totalOtherIncomeExpensesNet": -9144000,
        "incomeBeforeTax": -270323000,
        "incomeBeforeTaxRatio": -0.2405914325,
        "incomeTaxExpense": -64250000,
        "netIncome": -206073000,
        "netIncomeRatio": -0.1834079907,
        "eps": -7.1,
        "epsdiluted": -7.1,
        "weightedAverageShsOut": 29018000,
        "weightedAverageShsOutDil": 29018000,
        "link": "https://www.sec.gov/Archives/edgar/data/768835/000076883523000091/0000768835-23-000091-index.htm",
        "finalLink": "https://www.sec.gov/Archives/edgar/data/768835/000076883523000091/big-20230429.htm"
    },
    {
        "date": "2023-01-28",
        "symbol": "BIG",
        "reportedCurrency": "USD",
        "cik": "0000768835",
        "fillingDate": "2023-03-28",
        "acceptedDate": "2023-03-28 16:06:49",
        "calendarYear": "2022",
        "period": "Q4",
        "revenue": 1543113000,
        "costOfRevenue": 982212000,
        "grossProfit": 560901000,
        "grossProfitRatio": 0.3634866662,
        "researchAndDevelopmentExpenses": 0,
        "generalAndAdministrativeExpenses": 491905000,
        "sellingAndMarketingExpenses": 34000000,
        "sellingGeneralAndAdministrativeExpenses": 525905000,
        "otherExpenses": 43051000,
        "operatingExpenses": 568956000,
        "costAndExpenses": 1551168000,
        "interestIncome": 0,
        "interestExpense": 7370000,
        "depreciationAndAmortization": 110073000,
        "ebitda": 35558000,
        "ebitdaratio": 0.0230430305,
        "operatingIncome": -8051000,
        "operatingIncomeRatio": -0.0052173755,
        "totalOtherIncomeExpensesNet": -14906000,
        "incomeBeforeTax": -15421000,
        "incomeBeforeTaxRatio": -0.0099934353,
        "incomeTaxExpense": -2958000,
        "netIncome": -12463000,
        "netIncomeRatio": -0.008076531,
        "eps": -0.43,
        "epsdiluted": -0.43,
        "weightedAverageShsOut": 28957000,
        "weightedAverageShsOutDil": 28957000,
        "link": "https://www.sec.gov/Archives/edgar/data/768835/000076883523000033/0000768835-23-000033-index.htm",
        "finalLink": "https://www.sec.gov/Archives/edgar/data/768835/000076883523000033/big-20230128.htm"
    },
    {
        "date": "2022-10-29",
        "symbol": "BIG",
        "reportedCurrency": "USD",
        "cik": "0000768835",
        "fillingDate": "2022-12-07",
        "acceptedDate": "2022-12-07 17:26:03",
        "calendarYear": "2022",
        "period": "Q3",
        "revenue": 1204281000,
        "costOfRevenue": 794821000,
        "grossProfit": 409460000,
        "grossProfitRatio": 0.3400037035,
        "researchAndDevelopmentExpenses": 0,
        "generalAndAdministrativeExpenses": 482116000,
        "sellingAndMarketingExpenses": 20900000,
        "sellingGeneralAndAdministrativeExpenses": 503016000,
        "otherExpenses": 37255000,
        "operatingExpenses": 540271000,
        "costAndExpenses": 1335092000,
        "interestIncome": 0,
        "interestExpense": 6256000,
        "depreciationAndAmortization": 105529000,
        "ebitda": -93083000,
        "ebitdaratio": -0.0772934224,
        "operatingIncome": -130811000,
        "operatingIncomeRatio": -0.1086216589,
        "totalOtherIncomeExpensesNet": -6194000,
        "incomeBeforeTax": -137005000,
        "incomeBeforeTaxRatio": -0.1137649768,
        "incomeTaxExpense": -33992000,
        "netIncome": -103013000,
        "netIncomeRatio": -0.0855390063,
        "eps": -3.56,
        "epsdiluted": -3.56,
        "weightedAverageShsOut": 28943000,
        "weightedAverageShsOutDil": 28943000,
        "link": "https://www.sec.gov/Archives/edgar/data/768835/000076883522000131/0000768835-22-000131-index.htm",
        "finalLink": "https://www.sec.gov/Archives/edgar/data/768835/000076883522000131/big-20221029.htm"
    },
    {
        "date": "2022-07-30",
        "symbol": "BIG",
        "reportedCurrency": "USD",
        "cik": "0000768835",
        "fillingDate": "2022-09-07",
        "acceptedDate": "2022-09-07 16:48:20",
        "calendarYear": "2022",
        "period": "Q2",
        "revenue": 1346221000,
        "costOfRevenue": 944870000,
        "grossProfit": 401351000,
        "grossProfitRatio": 0.2981315846,
        "researchAndDevelopmentExpenses": 0,
        "generalAndAdministrativeExpenses": 488444000,
        "sellingAndMarketingExpenses": 22000000,
        "sellingGeneralAndAdministrativeExpenses": 510444000,
        "otherExpenses": 257000,
        "operatingExpenses": 510444000,
        "costAndExpenses": 1455314000,
        "interestIncome": 0,
        "interestExpense": 3904000,
        "depreciationAndAmortization": 106666000,
        "ebitda": -71315000,
        "ebitdaratio": -0.0529742145,
        "operatingIncome": -109093000,
        "operatingIncomeRatio": -0.0810364717,
        "totalOtherIncomeExpensesNet": -3647000,
        "incomeBeforeTax": -112740000,
        "incomeBeforeTaxRatio": -0.0837455366,
        "incomeTaxExpense": -28590000,
        "netIncome": -84150000,
        "netIncomeRatio": -0.0625083103,
        "eps": -2.91,
        "epsdiluted": -2.91,
        "weightedAverageShsOut": 28919000,
        "weightedAverageShsOutDil": 28919000,
        "link": "https://www.sec.gov/Archives/edgar/data/768835/000076883522000114/0000768835-22-000114-index.htm",
        "finalLink": "https://www.sec.gov/Archives/edgar/data/768835/000076883522000114/big-20220730.htm"
    },
    {
        "date": "2022-04-30",
        "symbol": "BIG",
        "reportedCurrency": "USD",
        "cik": "0000768835",
        "fillingDate": "2022-06-08",
        "acceptedDate": "2022-06-08 16:14:23",
        "calendarYear": "2022",
        "period": "Q1",
        "revenue": 1374714000,
        "costOfRevenue": 870120000,
        "grossProfit": 504594000,
        "grossProfitRatio": 0.3670538017,
        "researchAndDevelopmentExpenses": 0,
        "generalAndAdministrativeExpenses": 459379000,
        "sellingAndMarketingExpenses": 21400000,
        "sellingGeneralAndAdministrativeExpenses": 480779000,
        "otherExpenses": 37356000,
        "operatingExpenses": 518135000,
        "costAndExpenses": 1388255000,
        "interestIncome": 0,
        "interestExpense": 2750000,
        "depreciationAndAmortization": 106104000,
        "ebitda": 25130000,
        "ebitdaratio": 0.0182801659,
        "operatingIncome": -12501000,
        "operatingIncomeRatio": -0.0090935278,
        "totalOtherIncomeExpensesNet": -1710000,
        "incomeBeforeTax": -15251000,
        "incomeBeforeTaxRatio": -0.0110939439,
        "incomeTaxExpense": -4169000,
        "netIncome": -11082000,
        "netIncomeRatio": -0.0080613131,
        "eps": -0.39,
        "epsdiluted": -0.39,
        "weightedAverageShsOut": 28415384,
        "weightedAverageShsOutDil": 28621000,
        "link": "https://www.sec.gov/Archives/edgar/data/768835/000076883522000099/0000768835-22-000099-index.htm",
        "finalLink": "https://www.sec.gov/Archives/edgar/data/768835/000076883522000099/big-20220430.htm"
    },
    {
        "date": "2022-01-29",
        "symbol": "BIG",
        "reportedCurrency": "USD",
        "cik": "0000768835",
        "fillingDate": "2022-03-29",
        "acceptedDate": "2022-03-29 16:06:12",
        "calendarYear": "2021",
        "period": "Q4",
        "revenue": 1732021000,
        "costOfRevenue": 1085939000,
        "grossProfit": 646082000,
        "grossProfitRatio": 0.3730220361,
        "researchAndDevelopmentExpenses": 0,
        "generalAndAdministrativeExpenses": 505628000,
        "sellingAndMarketingExpenses": 35600000,
        "sellingGeneralAndAdministrativeExpenses": 541228000,
        "otherExpenses": 227000,
        "operatingExpenses": 578604000,
        "costAndExpenses": 1664543000,
        "interestIncome": 0,
        "interestExpense": 2133000,
        "depreciationAndAmortization": 106230000,
        "ebitda": 105360000,
        "ebitdaratio": 0.0608306712,
        "operatingIncome": 67478000,
        "operatingIncomeRatio": 0.0389591119,
        "totalOtherIncomeExpensesNet": -1906000,
        "incomeBeforeTax": 65572000,
        "incomeBeforeTaxRatio": 0.0378586634,
        "incomeTaxExpense": 15734000,
        "netIncome": 49838000,
        "netIncomeRatio": 0.0287744779,
        "eps": 1.67,
        "epsdiluted": 1.63,
        "weightedAverageShsOut": 29860000,
        "weightedAverageShsOutDil": 30667000,
        "link": "https://www.sec.gov/Archives/edgar/data/768835/000076883522000038/0000768835-22-000038-index.htm",
        "finalLink": "https://www.sec.gov/Archives/edgar/data/768835/000076883522000038/big-20220129.htm"
    },
    {
        "date": "2021-10-30",
        "symbol": "BIG",
        "reportedCurrency": "USD",
        "cik": "0000768835",
        "fillingDate": "2021-12-08",
        "acceptedDate": "2021-12-08 16:03:42",
        "calendarYear": "2021",
        "period": "Q3",
        "revenue": 1335646000,
        "costOfRevenue": 816465000,
        "grossProfit": 519181000,
        "grossProfitRatio": 0.3887115299,
        "researchAndDevelopmentExpenses": 0,
        "generalAndAdministrativeExpenses": 469078000,
        "sellingAndMarketingExpenses": 18300000,
        "sellingGeneralAndAdministrativeExpenses": 487378000,
        "otherExpenses": 285000,
        "operatingExpenses": 523308000,
        "costAndExpenses": 1339773000,
        "interestIncome": 0,
        "interestExpense": 2284000,
        "depreciationAndAmortization": 103257000,
        "ebitda": 32547000,
        "ebitdaratio": 0.0243679837,
        "operatingIncome": -4127000,
        "operatingIncomeRatio": -0.0030898906,
        "totalOtherIncomeExpensesNet": -1999000,
        "incomeBeforeTax": -6126000,
        "incomeBeforeTaxRatio": -0.0045865446,
        "incomeTaxExpense": -1796000,
        "netIncome": -4330000,
        "netIncomeRatio": -0.003241877,
        "eps": -0.14,
        "epsdiluted": -0.14,
        "weightedAverageShsOut": 30928571,
        "weightedAverageShsOutDil": 31679000,
        "link": "https://www.sec.gov/Archives/edgar/data/768835/000076883521000116/0000768835-21-000116-index.htm",
        "finalLink": "https://www.sec.gov/Archives/edgar/data/768835/000076883521000116/big-20211030.htm"
    },
    {
        "date": "2021-07-31",
        "symbol": "BIG",
        "reportedCurrency": "USD",
        "cik": "0000768835",
        "fillingDate": "2021-09-08",
        "acceptedDate": "2021-09-08 16:02:32",
        "calendarYear": "2021",
        "period": "Q2",
        "revenue": 1457374000,
        "costOfRevenue": 879577000,
        "grossProfit": 577797000,
        "grossProfitRatio": 0.3964644628,
        "researchAndDevelopmentExpenses": 0,
        "generalAndAdministrativeExpenses": 466758000,
        "sellingAndMarketingExpenses": 21900000,
        "sellingGeneralAndAdministrativeExpenses": 488658000,
        "otherExpenses": -133000,
        "operatingExpenses": 523947000,
        "costAndExpenses": 1403524000,
        "interestIncome": 0,
        "interestExpense": 2296000,
        "depreciationAndAmortization": 101054000,
        "ebitda": 89270000,
        "ebitdaratio": 0.0612540089,
        "operatingIncome": 53850000,
        "operatingIncomeRatio": 0.0369500211,
        "totalOtherIncomeExpensesNet": -2429000,
        "incomeBeforeTax": 51421000,
        "incomeBeforeTaxRatio": 0.0352833247,
        "incomeTaxExpense": 13714000,
        "netIncome": 37707000,
        "netIncomeRatio": 0.0258732487,
        "eps": 1.11,
        "epsdiluted": 1.09,
        "weightedAverageShsOut": 34004000,
        "weightedAverageShsOutDil": 34716000,
        "link": "https://www.sec.gov/Archives/edgar/data/768835/000076883521000102/0000768835-21-000102-index.htm",
        "finalLink": "https://www.sec.gov/Archives/edgar/data/768835/000076883521000102/big-20210731.htm"
    },
    {
        "date": "2021-05-01",
        "symbol": "BIG",
        "reportedCurrency": "USD",
        "cik": "0000768835",
        "fillingDate": "2021-06-09",
        "acceptedDate": "2021-06-09 16:02:39",
        "calendarYear": "2021",
        "period": "Q1",
        "revenue": 1625552000,
        "costOfRevenue": 971605000,
        "grossProfit": 653947000,
        "grossProfitRatio": 0.4022922675,
        "researchAndDevelopmentExpenses": 0,
        "generalAndAdministrativeExpenses": 475618000,
        "sellingAndMarketingExpenses": 21800000,
        "sellingGeneralAndAdministrativeExpenses": 497418000,
        "otherExpenses": 960000,
        "operatingExpenses": 531395000,
        "costAndExpenses": 1503000000,
        "interestIncome": 0,
        "interestExpense": 2568000,
        "depreciationAndAmortization": 98573000,
        "ebitda": 157628000,
        "ebitdaratio": 0.0969689066,
        "operatingIncome": 122552000,
        "operatingIncomeRatio": 0.0753910056,
        "totalOtherIncomeExpensesNet": -1608000,
        "incomeBeforeTax": 120944000,
        "incomeBeforeTaxRatio": 0.0744018032,
        "incomeTaxExpense": 26381000,
        "netIncome": 94563000,
        "netIncomeRatio": 0.0581728545,
        "eps": 2.68,
        "epsdiluted": 2.62,
        "weightedAverageShsOut": 35349000,
        "weightedAverageShsOutDil": 36042000,
        "link": "https://www.sec.gov/Archives/edgar/data/768835/000076883521000089/0000768835-21-000089-index.htm",
        "finalLink": "https://www.sec.gov/Archives/edgar/data/768835/000076883521000089/big-20210501.htm"
    },
    {
        "date": "2021-01-30",
        "symbol": "BIG",
        "reportedCurrency": "USD",
        "cik": "0000768835",
        "fillingDate": "2021-03-30",
        "acceptedDate": "2021-03-30 16:46:28",
        "calendarYear": "2020",
        "period": "Q4",
        "revenue": 1737915000,
        "costOfRevenue": 1052742000,
        "grossProfit": 685173000,
        "grossProfitRatio": 0.3942500065,
        "researchAndDevelopmentExpenses": 0,
        "generalAndAdministrativeExpenses": 488601000,
        "sellingAndMarketingExpenses": 32016000,
        "sellingGeneralAndAdministrativeExpenses": 520617000,
        "otherExpenses": 1533000,
        "operatingExpenses": 554203000,
        "costAndExpenses": 1606945000,
        "interestIncome": 0,
        "interestExpense": 2575000,
        "depreciationAndAmortization": 33586000,
        "ebitda": 166215000,
        "ebitdaratio": 0.0956404657,
        "operatingIncome": 130970000,
        "operatingIncomeRatio": 0.0753604175,
        "totalOtherIncomeExpensesNet": -1042000,
        "incomeBeforeTax": 129928000,
        "incomeBeforeTaxRatio": 0.0747608485,
        "incomeTaxExpense": 31942000,
        "netIncome": 97986000,
        "netIncomeRatio": 0.0563813535,
        "eps": 2.68,
        "epsdiluted": 2.59,
        "weightedAverageShsOut": 36509000,
        "weightedAverageShsOutDil": 37825000,
        "link": "https://www.sec.gov/Archives/edgar/data/768835/000076883521000028/0000768835-21-000028-index.htm",
        "finalLink": "https://www.sec.gov/Archives/edgar/data/768835/000076883521000028/big-20210130.htm"
    },
    {
        "date": "2020-10-31",
        "symbol": "BIG",
        "reportedCurrency": "USD",
        "cik": "0000768835",
        "fillingDate": "2020-12-09",
        "acceptedDate": "2020-12-09 16:03:04",
        "calendarYear": "2020",
        "period": "Q3",
        "revenue": 1377925000,
        "costOfRevenue": 820032000,
        "grossProfit": 557893000,
        "grossProfitRatio": 0.4048790754,
        "researchAndDevelopmentExpenses": 0,
        "generalAndAdministrativeExpenses": 457907000,
        "sellingAndMarketingExpenses": 24400000,
        "sellingGeneralAndAdministrativeExpenses": 482307000,
        "otherExpenses": -484000,
        "operatingExpenses": 515393000,
        "costAndExpenses": 1335425000,
        "interestIncome": 0,
        "interestExpense": 2586000,
        "depreciationAndAmortization": 33086000,
        "ebitda": 75228000,
        "ebitdaratio": 0.054595134,
        "operatingIncome": 42500000,
        "operatingIncomeRatio": 0.0308434784,
        "totalOtherIncomeExpensesNet": -3070000,
        "incomeBeforeTax": 39430000,
        "incomeBeforeTaxRatio": 0.0286154907,
        "incomeTaxExpense": 9520000,
        "netIncome": 29910000,
        "netIncomeRatio": 0.0217065515,
        "eps": 0.79,
        "epsdiluted": 0.76,
        "weightedAverageShsOut": 38054000,
        "weightedAverageShsOutDil": 39191000,
        "link": "https://www.sec.gov/Archives/edgar/data/768835/000076883520000159/0000768835-20-000159-index.htm",
        "finalLink": "https://www.sec.gov/Archives/edgar/data/768835/000076883520000159/big-20201031.htm"
    },
    {
        "date": "2020-08-01",
        "symbol": "BIG",
        "reportedCurrency": "USD",
        "cik": "0000768835",
        "fillingDate": "2020-09-09",
        "acceptedDate": "2020-09-09 16:03:57",
        "calendarYear": "2020",
        "period": "Q2",
        "revenue": 1644197000,
        "costOfRevenue": 960633000,
        "grossProfit": 683564000,
        "grossProfitRatio": 0.415743369,
        "researchAndDevelopmentExpenses": 0,
        "generalAndAdministrativeExpenses": 482100000,
        "sellingAndMarketingExpenses": 21900000,
        "sellingGeneralAndAdministrativeExpenses": 504000000,
        "otherExpenses": 1357000,
        "operatingExpenses": 537974000,
        "costAndExpenses": 1498607000,
        "interestIncome": 0,
        "interestExpense": 2548000,
        "depreciationAndAmortization": 33974000,
        "ebitda": 644105000,
        "ebitdaratio": 0.3917444199,
        "operatingIncome": 608643000,
        "operatingIncomeRatio": 0.3701764448,
        "totalOtherIncomeExpensesNet": -1191000,
        "incomeBeforeTax": 607452000,
        "incomeBeforeTaxRatio": 0.369452079,
        "incomeTaxExpense": 155480000,
        "netIncome": 451972000,
        "netIncomeRatio": 0.2748892012,
        "eps": 11.52,
        "epsdiluted": 11.29,
        "weightedAverageShsOut": 39239000,
        "weightedAverageShsOutDil": 40040000,
        "link": "https://www.sec.gov/Archives/edgar/data/768835/000076883520000137/0000768835-20-000137-index.htm",
        "finalLink": "https://www.sec.gov/Archives/edgar/data/768835/000076883520000137/big-20200801.htm"
    },
    {
        "date": "2020-05-02",
        "symbol": "BIG",
        "reportedCurrency": "USD",
        "cik": "0000768835",
        "fillingDate": "2020-06-10",
        "acceptedDate": "2020-06-10 16:21:02",
        "calendarYear": "2020",
        "period": "Q1",
        "revenue": 1439149000,
        "costOfRevenue": 868393000,
        "grossProfit": 570756000,
        "grossProfitRatio": 0.3965927086,
        "researchAndDevelopmentExpenses": 0,
        "generalAndAdministrativeExpenses": 435631000,
        "sellingAndMarketingExpenses": 23000000,
        "sellingGeneralAndAdministrativeExpenses": 458631000,
        "otherExpenses": -3317000,
        "operatingExpenses": 496321000,
        "costAndExpenses": 1364714000,
        "interestIncome": 0,
        "interestExpense": 3322000,
        "depreciationAndAmortization": 37690000,
        "ebitda": 108937000,
        "ebitdaratio": 0.0756954283,
        "operatingIncome": 74435000,
        "operatingIncomeRatio": 0.0517215382,
        "totalOtherIncomeExpensesNet": -6639000,
        "incomeBeforeTax": 67796000,
        "incomeBeforeTaxRatio": 0.0471083953,
        "incomeTaxExpense": 18473000,
        "netIncome": 49323000,
        "netIncomeRatio": 0.0342723373,
        "eps": 1.26,
        "epsdiluted": 1.26,
        "weightedAverageShsOut": 39129000,
        "weightedAverageShsOutDil": 39240000,
        "link": "https://www.sec.gov/Archives/edgar/data/768835/000076883520000087/0000768835-20-000087-index.htm",
        "finalLink": "https://www.sec.gov/Archives/edgar/data/768835/000076883520000087/big-202052x10q.htm"
    },
    {
        "date": "2020-02-01",
        "symbol": "BIG",
        "reportedCurrency": "USD",
        "cik": "0000768835",
        "fillingDate": "2020-03-31",
        "acceptedDate": "2020-03-31 16:05:20",
        "calendarYear": "2019",
        "period": "Q4",
        "revenue": 1606982000,
        "costOfRevenue": 972963000,
        "grossProfit": 634019000,
        "grossProfitRatio": 0.3945402002,
        "researchAndDevelopmentExpenses": 0,
        "generalAndAdministrativeExpenses": 439359000,
        "sellingAndMarketingExpenses": 31705000,
        "sellingGeneralAndAdministrativeExpenses": 471064000,
        "otherExpenses": -250000,
        "operatingExpenses": 508473000,
        "costAndExpenses": 1481436000,
        "interestIncome": 0,
        "interestExpense": 3170000,
        "depreciationAndAmortization": 37409000,
        "ebitda": 162829000,
        "ebitdaratio": 0.1013259638,
        "operatingIncome": 125546000,
        "operatingIncomeRatio": 0.0781253306,
        "totalOtherIncomeExpensesNet": -3420000,
        "incomeBeforeTax": 122126000,
        "incomeBeforeTaxRatio": 0.0759971176,
        "incomeTaxExpense": 28362000,
        "netIncome": 93764000,
        "netIncomeRatio": 0.0583478844,
        "eps": 2.4,
        "epsdiluted": 2.39,
        "weightedAverageShsOut": 39037000,
        "weightedAverageShsOutDil": 39202000,
        "link": "https://www.sec.gov/Archives/edgar/data/768835/000076883520000033/0000768835-20-000033-index.htm",
        "finalLink": "https://www.sec.gov/Archives/edgar/data/768835/000076883520000033/big-202021x10k.htm"
    },
    {
        "date": "2019-11-02",
        "symbol": "BIG",
        "reportedCurrency": "USD",
        "cik": "0000768835",
        "fillingDate": "2019-12-11",
        "acceptedDate": "2019-12-11 16:09:52",
        "calendarYear": "2019",
        "period": "Q3",
        "revenue": 1167988000,
        "costOfRevenue": 704602000,
        "grossProfit": 463386000,
        "grossProfitRatio": 0.3967386651,
        "researchAndDevelopmentExpenses": 0,
        "generalAndAdministrativeExpenses": 418514000,
        "sellingAndMarketingExpenses": 18200000,
        "sellingGeneralAndAdministrativeExpenses": 436714000,
        "otherExpenses": -322000,
        "operatingExpenses": 471466000,
        "costAndExpenses": 1176068000,
        "interestIncome": 0,
        "interestExpense": 5359000,
        "depreciationAndAmortization": 34752000,
        "ebitda": 205026000,
        "ebitdaratio": 0.1755377624,
        "operatingIncome": 170454000,
        "operatingIncomeRatio": 0.1459381432,
        "totalOtherIncomeExpensesNet": -5681000,
        "incomeBeforeTax": 164773000,
        "incomeBeforeTaxRatio": 0.1410742234,
        "incomeTaxExpense": 37791000,
        "netIncome": 126982000,
        "netIncomeRatio": 0.1087185827,
        "eps": 3.25,
        "epsdiluted": 3.25,
        "weightedAverageShsOut": 39017000,
        "weightedAverageShsOutDil": 39094000,
        "link": "https://www.sec.gov/Archives/edgar/data/768835/000076883519000084/0000768835-19-000084-index.htm",
        "finalLink": "https://www.sec.gov/Archives/edgar/data/768835/000076883519000084/big-2019112x10q.htm"
    },
    {
        "date": "2019-08-03",
        "symbol": "BIG",
        "reportedCurrency": "USD",
        "cik": "0000768835",
        "fillingDate": "2019-09-11",
        "acceptedDate": "2019-09-11 16:09:24",
        "calendarYear": "2019",
        "period": "Q2",
        "revenue": 1252414000,
        "costOfRevenue": 754184000,
        "grossProfit": 498230000,
        "grossProfitRatio": 0.3978157382,
        "researchAndDevelopmentExpenses": 0,
        "generalAndAdministrativeExpenses": 437726000,
        "sellingAndMarketingExpenses": 17300000,
        "sellingGeneralAndAdministrativeExpenses": 455026000,
        "otherExpenses": -789000,
        "operatingExpenses": 485049000,
        "costAndExpenses": 1239233000,
        "interestIncome": 0,
        "interestExpense": 4565000,
        "depreciationAndAmortization": 30023000,
        "ebitda": 42547000,
        "ebitdaratio": 0.0339719933,
        "operatingIncome": 13181000,
        "operatingIncomeRatio": 0.0105244751,
        "totalOtherIncomeExpensesNet": -5354000,
        "incomeBeforeTax": 7827000,
        "incomeBeforeTaxRatio": 0.0062495309,
        "incomeTaxExpense": 1649000,
        "netIncome": 6178000,
        "netIncomeRatio": 0.0049328736,
        "eps": 0.16,
        "epsdiluted": 0.16,
        "weightedAverageShsOut": 39000000,
        "weightedAverageShsOutDil": 39077000,
        "link": "https://www.sec.gov/Archives/edgar/data/768835/000076883519000073/0000768835-19-000073-index.htm",
        "finalLink": "https://www.sec.gov/Archives/edgar/data/768835/000076883519000073/big-201983x10q.htm"
    },
    {
        "date": "2019-05-04",
        "symbol": "BIG",
        "reportedCurrency": "USD",
        "cik": "0000768835",
        "fillingDate": "2019-06-12",
        "acceptedDate": "2019-06-12 16:08:55",
        "calendarYear": "2019",
        "period": "Q1",
        "revenue": 1295796000,
        "costOfRevenue": 776749000,
        "grossProfit": 519047000,
        "grossProfitRatio": 0.4005622799,
        "researchAndDevelopmentExpenses": 0,
        "generalAndAdministrativeExpenses": 438205000,
        "sellingAndMarketingExpenses": 22400000,
        "sellingGeneralAndAdministrativeExpenses": 460605000,
        "otherExpenses": 910000,
        "operatingExpenses": 493402000,
        "costAndExpenses": 1270151000,
        "interestIncome": 0,
        "interestExpense": 3733000,
        "depreciationAndAmortization": 32797000,
        "ebitda": 59659000,
        "ebitdaratio": 0.0460404261,
        "operatingIncome": 25645000,
        "operatingIncomeRatio": 0.0197909239,
        "totalOtherIncomeExpensesNet": -2823000,
        "incomeBeforeTax": 22822000,
        "incomeBeforeTaxRatio": 0.0176123402,
        "incomeTaxExpense": 7282000,
        "netIncome": 15540000,
        "netIncomeRatio": 0.0119926285,
        "eps": 0.39,
        "epsdiluted": 0.39,
        "weightedAverageShsOut": 39922000,
        "weightedAverageShsOutDil": 40002000,
        "link": "https://www.sec.gov/Archives/edgar/data/768835/000076883519000055/0000768835-19-000055-index.htm",
        "finalLink": "https://www.sec.gov/Archives/edgar/data/768835/000076883519000055/big-201954x10q.htm"
    },
    {
        "date": "2019-02-02",
        "symbol": "BIG",
        "reportedCurrency": "USD",
        "cik": "0000768835",
        "fillingDate": "2019-04-02",
        "acceptedDate": "2019-04-02 16:06:03",
        "calendarYear": "2018",
        "period": "Q4",
        "revenue": 1598551000,
        "costOfRevenue": 939207000,
        "grossProfit": 659344000,
        "grossProfitRatio": 0.4124635373,
        "researchAndDevelopmentExpenses": 0,
        "generalAndAdministrativeExpenses": 445676000,
        "sellingAndMarketingExpenses": 31217000,
        "sellingGeneralAndAdministrativeExpenses": 476893000,
        "otherExpenses": -1274000,
        "operatingExpenses": 510927000,
        "costAndExpenses": 1450134000,
        "interestIncome": 0,
        "interestExpense": 3217000,
        "depreciationAndAmortization": 34034000,
        "ebitda": 181177000,
        "ebitdaratio": 0.113338267,
        "operatingIncome": 148417000,
        "operatingIncomeRatio": 0.0928447075,
        "totalOtherIncomeExpensesNet": -4491000,
        "incomeBeforeTax": 143926000,
        "incomeBeforeTaxRatio": 0.0900352882,
        "incomeTaxExpense": 35879000,
        "netIncome": 108047000,
        "netIncomeRatio": 0.0675905867,
        "eps": 2.7,
        "epsdiluted": 2.68,
        "weightedAverageShsOut": 40043000,
        "weightedAverageShsOutDil": 40361000,
        "link": "https://www.sec.gov/Archives/edgar/data/768835/000076883519000021/0000768835-19-000021-index.htm",
        "finalLink": "https://www.sec.gov/Archives/edgar/data/768835/000076883519000021/big-201922x10k.htm"
    },
    {
        "date": "2018-11-03",
        "symbol": "BIG",
        "reportedCurrency": "USD",
        "cik": "0000768835",
        "fillingDate": "2018-12-12",
        "acceptedDate": "2018-12-12 16:19:25",
        "calendarYear": "2018",
        "period": "Q3",
        "revenue": 1149402000,
        "costOfRevenue": 690228000,
        "grossProfit": 459174000,
        "grossProfitRatio": 0.3994894737,
        "researchAndDevelopmentExpenses": 0,
        "generalAndAdministrativeExpenses": 420426000,
        "sellingAndMarketingExpenses": 16400000,
        "sellingGeneralAndAdministrativeExpenses": 436826000,
        "otherExpenses": 59000,
        "operatingExpenses": 468737000,
        "costAndExpenses": 1158965000,
        "interestIncome": 0,
        "interestExpense": 3138000,
        "depreciationAndAmortization": 28670000,
        "ebitda": 19107000,
        "ebitdaratio": 0.0166234268,
        "operatingIncome": -9563000,
        "operatingIncomeRatio": -0.0083199786,
        "totalOtherIncomeExpensesNet": -3079000,
        "incomeBeforeTax": -12642000,
        "incomeBeforeTaxRatio": -0.0109987628,
        "incomeTaxExpense": -6086000,
        "netIncome": -6556000,
        "netIncomeRatio": -0.0057038356,
        "eps": -0.16,
        "epsdiluted": -0.16,
        "weightedAverageShsOut": 40021000,
        "weightedAverageShsOutDil": 40021000,
        "link": "https://www.sec.gov/Archives/edgar/data/768835/000076883518000105/0000768835-18-000105-index.htm",
        "finalLink": "https://www.sec.gov/Archives/edgar/data/768835/000076883518000105/big-20181103x10q.htm"
    },
    {
        "date": "2018-08-04",
        "symbol": "BIG",
        "reportedCurrency": "USD",
        "cik": "0000768835",
        "fillingDate": "2018-09-12",
        "acceptedDate": "2018-09-12 16:15:28",
        "calendarYear": "2018",
        "period": "Q2",
        "revenue": 1222169000,
        "costOfRevenue": 730750000,
        "grossProfit": 491419000,
        "grossProfitRatio": 0.4020876,
        "researchAndDevelopmentExpenses": 0,
        "generalAndAdministrativeExpenses": 410205000,
        "sellingAndMarketingExpenses": 16400000,
        "sellingGeneralAndAdministrativeExpenses": 426605000,
        "otherExpenses": 149000,
        "operatingExpenses": 457101000,
        "costAndExpenses": 1187851000,
        "interestIncome": 0,
        "interestExpense": 2407000,
        "depreciationAndAmortization": 30496000,
        "ebitda": 64963000,
        "ebitdaratio": 0.0531538601,
        "operatingIncome": 34318000,
        "operatingIncomeRatio": 0.0280795864,
        "totalOtherIncomeExpensesNet": -2258000,
        "incomeBeforeTax": 32060000,
        "incomeBeforeTaxRatio": 0.0262320514,
        "incomeTaxExpense": 7896000,
        "netIncome": 24164000,
        "netIncomeRatio": 0.0197714064,
        "eps": 0.59,
        "epsdiluted": 0.59,
        "weightedAverageShsOut": 41061000,
        "weightedAverageShsOutDil": 41281000,
        "link": "https://www.sec.gov/Archives/edgar/data/768835/000076883518000092/0000768835-18-000092-index.htm",
        "finalLink": "https://www.sec.gov/Archives/edgar/data/768835/000076883518000092/big-201884x10q.htm"
    },
    {
        "date": "2018-05-05",
        "symbol": "BIG",
        "reportedCurrency": "USD",
        "cik": "0000768835",
        "fillingDate": "2018-06-13",
        "acceptedDate": "2018-06-13 16:04:08",
        "calendarYear": "2018",
        "period": "Q1",
        "revenue": 1267983000,
        "costOfRevenue": 756025000,
        "grossProfit": 511958000,
        "grossProfitRatio": 0.4037577791,
        "researchAndDevelopmentExpenses": 0,
        "generalAndAdministrativeExpenses": 416092000,
        "sellingAndMarketingExpenses": 22000000,
        "sellingGeneralAndAdministrativeExpenses": 438092000,
        "otherExpenses": 508000,
        "operatingExpenses": 466621000,
        "costAndExpenses": 1222646000,
        "interestIncome": 0,
        "interestExpense": 1576000,
        "depreciationAndAmortization": 28529000,
        "ebitda": 74374000,
        "ebitdaratio": 0.0586553605,
        "operatingIncome": 45337000,
        "operatingIncomeRatio": 0.0357552112,
        "totalOtherIncomeExpensesNet": -1068000,
        "incomeBeforeTax": 44269000,
        "incomeBeforeTaxRatio": 0.0349129286,
        "incomeTaxExpense": 13030000,
        "netIncome": 31239000,
        "netIncomeRatio": 0.0246367656,
        "eps": 0.74,
        "epsdiluted": 0.74,
        "weightedAverageShsOut": 42113000,
        "weightedAverageShsOutDil": 42218000,
        "link": "https://www.sec.gov/Archives/edgar/data/768835/000076883518000064/0000768835-18-000064-index.htm",
        "finalLink": "https://www.sec.gov/Archives/edgar/data/768835/000076883518000064/big-201855x10q.htm"
    },
    {
        "date": "2018-02-03",
        "symbol": "BIG",
        "reportedCurrency": "USD",
        "cik": "0000768835",
        "fillingDate": "2018-04-03",
        "acceptedDate": "2018-04-03 16:07:45",
        "calendarYear": "2017",
        "period": "Q4",
        "revenue": 1642068000,
        "costOfRevenue": 960027000,
        "grossProfit": 682041000,
        "grossProfitRatio": 0.4153549061,
        "researchAndDevelopmentExpenses": 0,
        "generalAndAdministrativeExpenses": 453157000,
        "sellingAndMarketingExpenses": 31399000,
        "sellingGeneralAndAdministrativeExpenses": 484556000,
        "otherExpenses": 389000,
        "operatingExpenses": 514160000,
        "costAndExpenses": 1474187000,
        "interestIncome": 0,
        "interestExpense": 2006000,
        "depreciationAndAmortization": 29604000,
        "ebitda": 197874000,
        "ebitdaratio": 0.1205029268,
        "operatingIncome": 167881000,
        "operatingIncomeRatio": 0.1022375444,
        "totalOtherIncomeExpensesNet": -1617000,
        "incomeBeforeTax": 166264000,
        "incomeBeforeTaxRatio": 0.1012528105,
        "incomeTaxExpense": 61436000,
        "netIncome": 104828000,
        "netIncomeRatio": 0.0638390128,
        "eps": 2.5,
        "epsdiluted": 2.46,
        "weightedAverageShsOut": 41878000,
        "weightedAverageShsOutDil": 42601000,
        "link": "https://www.sec.gov/Archives/edgar/data/768835/000076883518000030/0000768835-18-000030-index.htm",
        "finalLink": "https://www.sec.gov/Archives/edgar/data/768835/000076883518000030/big-201823x10k.htm"
    },
    {
        "date": "2017-10-28",
        "symbol": "BIG",
        "reportedCurrency": "USD",
        "cik": "0000768835",
        "fillingDate": "2017-12-06",
        "acceptedDate": "2017-12-06 16:07:36",
        "calendarYear": "2017",
        "period": "Q3",
        "revenue": 1110824000,
        "costOfRevenue": 667198000,
        "grossProfit": 443626000,
        "grossProfitRatio": 0.3993665963,
        "researchAndDevelopmentExpenses": 0,
        "generalAndAdministrativeExpenses": 393014000,
        "sellingAndMarketingExpenses": 15300000,
        "sellingGeneralAndAdministrativeExpenses": 408314000,
        "otherExpenses": 405000,
        "operatingExpenses": 437822000,
        "costAndExpenses": 1105020000,
        "interestIncome": 0,
        "interestExpense": 2077000,
        "depreciationAndAmortization": 26682000,
        "ebitda": 32486000,
        "ebitdaratio": 0.0292449569,
        "operatingIncome": 5804000,
        "operatingIncomeRatio": 0.0052249501,
        "totalOtherIncomeExpensesNet": -1672000,
        "incomeBeforeTax": 4132000,
        "incomeBeforeTaxRatio": 0.0037197612,
        "incomeTaxExpense": -240000,
        "netIncome": 4372000,
        "netIncomeRatio": 0.003935817,
        "eps": 0.1,
        "epsdiluted": 0.1,
        "weightedAverageShsOut": 41967000,
        "weightedAverageShsOutDil": 42524000,
        "link": "https://www.sec.gov/Archives/edgar/data/768835/000076883517000102/0000768835-17-000102-index.htm",
        "finalLink": "https://www.sec.gov/Archives/edgar/data/768835/000076883517000102/big-20171028x10q.htm"
    },
    {
        "date": "2017-07-29",
        "symbol": "BIG",
        "reportedCurrency": "USD",
        "cik": "0000768835",
        "fillingDate": "2017-09-06",
        "acceptedDate": "2017-09-06 16:06:03",
        "calendarYear": "2017",
        "period": "Q2",
        "revenue": 1221301000,
        "costOfRevenue": 728801000,
        "grossProfit": 492500000,
        "grossProfitRatio": 0.4032584924,
        "researchAndDevelopmentExpenses": 0,
        "generalAndAdministrativeExpenses": 399254000,
        "sellingAndMarketingExpenses": 15900000,
        "sellingGeneralAndAdministrativeExpenses": 415154000,
        "otherExpenses": 435000,
        "operatingExpenses": 444540000,
        "costAndExpenses": 1173341000,
        "interestIncome": 0,
        "interestExpense": 1619000,
        "depreciationAndAmortization": 29386000,
        "ebitda": 77781000,
        "ebitdaratio": 0.0636870026,
        "operatingIncome": 47960000,
        "operatingIncomeRatio": 0.0392695986,
        "totalOtherIncomeExpensesNet": -1184000,
        "incomeBeforeTax": 46776000,
        "incomeBeforeTaxRatio": 0.0383001406,
        "incomeTaxExpense": 17656000,
        "netIncome": 29120000,
        "netIncomeRatio": 0.023843426,
        "eps": 0.68,
        "epsdiluted": 0.67,
        "weightedAverageShsOut": 43136000,
        "weightedAverageShsOutDil": 43564000,
        "link": "https://www.sec.gov/Archives/edgar/data/768835/000076883517000087/0000768835-17-000087-index.htm",
        "finalLink": "https://www.sec.gov/Archives/edgar/data/768835/000076883517000087/big-2017729x10q.htm"
    },
    {
        "date": "2017-04-29",
        "symbol": "BIG",
        "reportedCurrency": "USD",
        "cik": "0000768835",
        "fillingDate": "2017-06-07",
        "acceptedDate": "2017-06-07 16:03:47",
        "calendarYear": "2017",
        "period": "Q1",
        "revenue": 1296787000,
        "costOfRevenue": 772512000,
        "grossProfit": 524275000,
        "grossProfitRatio": 0.4042876741,
        "researchAndDevelopmentExpenses": 0,
        "generalAndAdministrativeExpenses": 396072000,
        "sellingAndMarketingExpenses": 19900000,
        "sellingGeneralAndAdministrativeExpenses": 415972000,
        "otherExpenses": -517000,
        "operatingExpenses": 444567000,
        "costAndExpenses": 1217079000,
        "interestIncome": 0,
        "interestExpense": 1009000,
        "depreciationAndAmortization": 26030000,
        "ebitda": 105738000,
        "ebitdaratio": 0.0815384485,
        "operatingIncome": 79708000,
        "operatingIncomeRatio": 0.0614657611,
        "totalOtherIncomeExpensesNet": -1526000,
        "incomeBeforeTax": 78182000,
        "incomeBeforeTaxRatio": 0.0602890066,
        "incomeTaxExpense": 26670000,
        "netIncome": 51512000,
        "netIncomeRatio": 0.0397227918,
        "eps": 1.16,
        "epsdiluted": 1.15,
        "weightedAverageShsOut": 44361000,
        "weightedAverageShsOutDil": 44728000,
        "link": "https://www.sec.gov/Archives/edgar/data/768835/000076883517000068/0000768835-17-000068-index.htm",
        "finalLink": "https://www.sec.gov/Archives/edgar/data/768835/000076883517000068/big-2017429x10q.htm"
    },
    {
        "date": "2017-01-28",
        "symbol": "BIG",
        "reportedCurrency": "USD",
        "cik": "0000768835",
        "fillingDate": "2017-03-28",
        "acceptedDate": "2017-03-28 16:05:53",
        "calendarYear": "2016",
        "period": "Q4",
        "revenue": 1579211000,
        "costOfRevenue": 925888000,
        "grossProfit": 653323000,
        "grossProfitRatio": 0.4137021589,
        "researchAndDevelopmentExpenses": 0,
        "generalAndAdministrativeExpenses": 439101000,
        "sellingAndMarketingExpenses": 40000000,
        "sellingGeneralAndAdministrativeExpenses": 479101000,
        "otherExpenses": 359000,
        "operatingExpenses": 508791000,
        "costAndExpenses": 1434679000,
        "interestIncome": 0,
        "interestExpense": 1298000,
        "depreciationAndAmortization": 29690000,
        "ebitda": 174581000,
        "ebitdaratio": 0.1105495086,
        "operatingIncome": 144532000,
        "operatingIncomeRatio": 0.0915216523,
        "totalOtherIncomeExpensesNet": -939000,
        "incomeBeforeTax": 143593000,
        "incomeBeforeTaxRatio": 0.0909270515,
        "incomeTaxExpense": 53516000,
        "netIncome": 90078000,
        "netIncomeRatio": 0.0570398762,
        "eps": 2.04,
        "epsdiluted": 1.99,
        "weightedAverageShsOut": 44231000,
        "weightedAverageShsOutDil": 45153000,
        "link": "https://www.sec.gov/Archives/edgar/data/768835/000076883517000033/0000768835-17-000033-index.htm",
        "finalLink": "https://www.sec.gov/Archives/edgar/data/768835/000076883517000033/big-2017128x10k.htm"
    },
    {
        "date": "2016-10-29",
        "symbol": "BIG",
        "reportedCurrency": "USD",
        "cik": "0000768835",
        "fillingDate": "2016-12-07",
        "acceptedDate": "2016-12-07 16:05:11",
        "calendarYear": "2016",
        "period": "Q3",
        "revenue": 1105498000,
        "costOfRevenue": 663506000,
        "grossProfit": 441992000,
        "grossProfitRatio": 0.3998125732,
        "researchAndDevelopmentExpenses": 0,
        "generalAndAdministrativeExpenses": 394153000,
        "sellingAndMarketingExpenses": 15600000,
        "sellingGeneralAndAdministrativeExpenses": 409753000,
        "otherExpenses": 698000,
        "operatingExpenses": 440047000,
        "costAndExpenses": 1103553000,
        "interestIncome": 0,
        "interestExpense": 1665000,
        "depreciationAndAmortization": 30294000,
        "ebitda": 32239000,
        "ebitdaratio": 0.0291624227,
        "operatingIncome": 1945000,
        "operatingIncomeRatio": 0.0017593881,
        "totalOtherIncomeExpensesNet": -967000,
        "incomeBeforeTax": 978000,
        "incomeBeforeTaxRatio": 0.0008846692,
        "incomeTaxExpense": -378000,
        "netIncome": 1376000,
        "netIncomeRatio": 0.0012446879,
        "eps": 0.03,
        "epsdiluted": 0.03,
        "weightedAverageShsOut": 44165000,
        "weightedAverageShsOutDil": 44926000,
        "link": "https://www.sec.gov/Archives/edgar/data/768835/000076883516000162/0000768835-16-000162-index.htm",
        "finalLink": "https://www.sec.gov/Archives/edgar/data/768835/000076883516000162/big-20161029x10q.htm"
    },
    {
        "date": "2016-07-30",
        "symbol": "BIG",
        "reportedCurrency": "USD",
        "cik": "0000768835",
        "fillingDate": "2016-09-07",
        "acceptedDate": "2016-09-07 16:08:56",
        "calendarYear": "2016",
        "period": "Q2",
        "revenue": 1203155000,
        "costOfRevenue": 716732000,
        "grossProfit": 486423000,
        "grossProfitRatio": 0.4042895554,
        "researchAndDevelopmentExpenses": 0,
        "generalAndAdministrativeExpenses": 400140000,
        "sellingAndMarketingExpenses": 16600000,
        "sellingGeneralAndAdministrativeExpenses": 416740000,
        "otherExpenses": -377000,
        "operatingExpenses": 447497000,
        "costAndExpenses": 1164229000,
        "interestIncome": 0,
        "interestExpense": 1494000,
        "depreciationAndAmortization": 30757000,
        "ebitda": 66716000,
        "ebitdaratio": 0.0554508771,
        "operatingIncome": 38926000,
        "operatingIncomeRatio": 0.0323532712,
        "totalOtherIncomeExpensesNet": -1871000,
        "incomeBeforeTax": 37055000,
        "incomeBeforeTaxRatio": 0.0307981931,
        "incomeTaxExpense": 14318000,
        "netIncome": 22715000,
        "netIncomeRatio": 0.0188795292,
        "eps": 0.51,
        "epsdiluted": 0.5,
        "weightedAverageShsOut": 44402000,
        "weightedAverageShsOutDil": 45014000,
        "link": "https://www.sec.gov/Archives/edgar/data/768835/000076883516000149/0000768835-16-000149-index.htm",
        "finalLink": "https://www.sec.gov/Archives/edgar/data/768835/000076883516000149/big-2016730x10q.htm"
    },
    {
        "date": "2016-04-30",
        "symbol": "BIG",
        "reportedCurrency": "USD",
        "cik": "0000768835",
        "fillingDate": "2016-06-08",
        "acceptedDate": "2016-06-08 16:03:40",
        "calendarYear": "2016",
        "period": "Q1",
        "revenue": 1312575000,
        "costOfRevenue": 794894000,
        "grossProfit": 517681000,
        "grossProfitRatio": 0.3944010818,
        "researchAndDevelopmentExpenses": 0,
        "generalAndAdministrativeExpenses": 405312000,
        "sellingAndMarketingExpenses": 20100000,
        "sellingGeneralAndAdministrativeExpenses": 425412000,
        "otherExpenses": 679000,
        "operatingExpenses": 455111000,
        "costAndExpenses": 1250005000,
        "interestIncome": 0,
        "interestExpense": 634000,
        "depreciationAndAmortization": 29699000,
        "ebitda": 89350000,
        "ebitdaratio": 0.0680723006,
        "operatingIncome": 62570000,
        "operatingIncomeRatio": 0.047669657,
        "totalOtherIncomeExpensesNet": 56000,
        "incomeBeforeTax": 62615000,
        "incomeBeforeTaxRatio": 0.0477039407,
        "incomeTaxExpense": 24002000,
        "netIncome": 38659000,
        "netIncomeRatio": 0.0294527932,
        "eps": 0.8,
        "epsdiluted": 0.79,
        "weightedAverageShsOut": 48466000,
        "weightedAverageShsOutDil": 48888000,
        "link": "https://www.sec.gov/Archives/edgar/data/768835/000076883516000121/0000768835-16-000121-index.htm",
        "finalLink": "https://www.sec.gov/Archives/edgar/data/768835/000076883516000121/big-2016430x10q.htm"
    },
    {
        "date": "2016-01-30",
        "symbol": "BIG",
        "reportedCurrency": "USD",
        "cik": "0000768835",
        "fillingDate": "2016-03-29",
        "acceptedDate": "2016-03-29 16:05:09",
        "calendarYear": "2015",
        "period": "Q4",
        "revenue": 1583967000,
        "costOfRevenue": 936738000,
        "grossProfit": 647229000,
        "grossProfitRatio": 0.4086126794,
        "researchAndDevelopmentExpenses": 0,
        "generalAndAdministrativeExpenses": 430397000,
        "sellingAndMarketingExpenses": 31775000,
        "sellingGeneralAndAdministrativeExpenses": 462172000,
        "otherExpenses": -2812000,
        "operatingExpenses": 492521000,
        "costAndExpenses": 1429259000,
        "interestIncome": 0,
        "interestExpense": 946000,
        "depreciationAndAmortization": 30349000,
        "ebitda": 182245000,
        "ebitdaratio": 0.1150560586,
        "operatingIncome": 154708000,
        "operatingIncomeRatio": 0.0976712267,
        "totalOtherIncomeExpensesNet": -3758000,
        "incomeBeforeTax": 150950000,
        "incomeBeforeTaxRatio": 0.0952987026,
        "incomeTaxExpense": 56258000,
        "netIncome": 94532000,
        "netIncomeRatio": 0.0596805363,
        "eps": 1.93,
        "epsdiluted": 1.91,
        "weightedAverageShsOut": 49094000,
        "weightedAverageShsOutDil": 49546000,
        "link": "https://www.sec.gov/Archives/edgar/data/768835/000076883516000096/0000768835-16-000096-index.htm",
        "finalLink": "https://www.sec.gov/Archives/edgar/data/768835/000076883516000096/big-2016130x10k.htm"
    },
    {
        "date": "2015-10-31",
        "symbol": "BIG",
        "reportedCurrency": "USD",
        "cik": "0000768835",
        "fillingDate": "2015-12-09",
        "acceptedDate": "2015-12-09 16:05:30",
        "calendarYear": "2015",
        "period": "Q3",
        "revenue": 1116474000,
        "costOfRevenue": 676467000,
        "grossProfit": 440007000,
        "grossProfitRatio": 0.3941041171,
        "researchAndDevelopmentExpenses": 0,
        "generalAndAdministrativeExpenses": 396094000,
        "sellingAndMarketingExpenses": 15900000,
        "sellingGeneralAndAdministrativeExpenses": 411994000,
        "otherExpenses": -673000,
        "operatingExpenses": 442165000,
        "costAndExpenses": 1118632000,
        "interestIncome": 0,
        "interestExpense": 1272000,
        "depreciationAndAmortization": 30171000,
        "ebitda": 27340000,
        "ebitdaratio": 0.0244878072,
        "operatingIncome": -2158000,
        "operatingIncomeRatio": -0.0019328708,
        "totalOtherIncomeExpensesNet": -1945000,
        "incomeBeforeTax": -4103000,
        "incomeBeforeTaxRatio": -0.0036749624,
        "incomeTaxExpense": -2400000,
        "netIncome": -1508000,
        "netIncomeRatio": -0.0013506808,
        "eps": -0.0307,
        "epsdiluted": -0.0307,
        "weightedAverageShsOut": 49057000,
        "weightedAverageShsOutDil": 49057000,
        "link": "https://www.sec.gov/Archives/edgar/data/768835/000076883515000070/0000768835-15-000070-index.htm",
        "finalLink": "https://www.sec.gov/Archives/edgar/data/768835/000076883515000070/big-20151031x10q.htm"
    },
    {
        "date": "2015-08-01",
        "symbol": "BIG",
        "reportedCurrency": "USD",
        "cik": "0000768835",
        "fillingDate": "2015-09-09",
        "acceptedDate": "2015-09-09 16:18:51",
        "calendarYear": "2015",
        "period": "Q2",
        "revenue": 1209686000,
        "costOfRevenue": 733852000,
        "grossProfit": 475834000,
        "grossProfitRatio": 0.3933533165,
        "researchAndDevelopmentExpenses": 0,
        "generalAndAdministrativeExpenses": 398205000,
        "sellingAndMarketingExpenses": 16100000,
        "sellingGeneralAndAdministrativeExpenses": 414305000,
        "otherExpenses": -1742000,
        "operatingExpenses": 445297000,
        "costAndExpenses": 1179149000,
        "interestIncome": 0,
        "interestExpense": 969000,
        "depreciationAndAmortization": 30992000,
        "ebitda": 59787000,
        "ebitdaratio": 0.0494235694,
        "operatingIncome": 30537000,
        "operatingIncomeRatio": 0.0252437409,
        "totalOtherIncomeExpensesNet": -2711000,
        "incomeBeforeTax": 27826000,
        "incomeBeforeTaxRatio": 0.0230026635,
        "incomeTaxExpense": 10115000,
        "netIncome": 17636000,
        "netIncomeRatio": 0.0145789899,
        "eps": 0.35,
        "epsdiluted": 0.34,
        "weightedAverageShsOut": 50831000,
        "weightedAverageShsOutDil": 51336000,
        "link": "https://www.sec.gov/Archives/edgar/data/768835/000076883515000059/0000768835-15-000059-index.htm",
        "finalLink": "https://www.sec.gov/Archives/edgar/data/768835/000076883515000059/big-201581x10q.htm"
    },
    {
        "date": "2015-05-02",
        "symbol": "BIG",
        "reportedCurrency": "USD",
        "cik": "0000768835",
        "fillingDate": "2015-06-10",
        "acceptedDate": "2015-06-10 16:05:00",
        "calendarYear": "2015",
        "period": "Q1",
        "revenue": 1280455000,
        "costOfRevenue": 776339000,
        "grossProfit": 504116000,
        "grossProfitRatio": 0.3937006767,
        "researchAndDevelopmentExpenses": 0,
        "generalAndAdministrativeExpenses": 398546000,
        "sellingAndMarketingExpenses": 21700000,
        "sellingGeneralAndAdministrativeExpenses": 420246000,
        "otherExpenses": 28000,
        "operatingExpenses": 451471000,
        "costAndExpenses": 1227810000,
        "interestIncome": 0,
        "interestExpense": 496000,
        "depreciationAndAmortization": 31225000,
        "ebitda": 83898000,
        "ebitdaratio": 0.0655220215,
        "operatingIncome": 52645000,
        "operatingIncomeRatio": 0.0411142914,
        "totalOtherIncomeExpensesNet": -468000,
        "incomeBeforeTax": 52177000,
        "incomeBeforeTaxRatio": 0.0407487963,
        "incomeTaxExpense": 19869000,
        "netIncome": 32213000,
        "netIncomeRatio": 0.0251574636,
        "eps": 0.61,
        "epsdiluted": 0.6,
        "weightedAverageShsOut": 53087000,
        "weightedAverageShsOutDil": 53657000,
        "link": "https://www.sec.gov/Archives/edgar/data/768835/000076883515000047/0000768835-15-000047-index.htm",
        "finalLink": "https://www.sec.gov/Archives/edgar/data/768835/000076883515000047/big-201552x10q.htm"
    },
    {
        "date": "2015-01-31",
        "symbol": "BIG",
        "reportedCurrency": "USD",
        "cik": "0000768835",
        "fillingDate": "2015-03-31",
        "acceptedDate": "2015-03-31 16:04:13",
        "calendarYear": "2014",
        "period": "Q4",
        "revenue": 1593349000,
        "costOfRevenue": 943420000,
        "grossProfit": 649929000,
        "grossProfitRatio": 0.4079012194,
        "researchAndDevelopmentExpenses": 0,
        "generalAndAdministrativeExpenses": 433338000,
        "sellingAndMarketingExpenses": 32006000,
        "sellingGeneralAndAdministrativeExpenses": 465344000,
        "otherExpenses": 31167000,
        "operatingExpenses": 496511000,
        "costAndExpenses": 1439931000,
        "interestIncome": 0,
        "interestExpense": 972000,
        "depreciationAndAmortization": 31167000,
        "ebitda": 184585000,
        "ebitdaratio": 0.1158471873,
        "operatingIncome": 153418000,
        "operatingIncomeRatio": 0.0962865009,
        "totalOtherIncomeExpensesNet": -972000,
        "incomeBeforeTax": 152446000,
        "incomeBeforeTaxRatio": 0.0956764651,
        "incomeTaxExpense": 58463000,
        "netIncome": 94431000,
        "netIncomeRatio": 0.0592657353,
        "eps": 1.79,
        "epsdiluted": 1.77,
        "weightedAverageShsOut": 52889000,
        "weightedAverageShsOutDil": 53467000,
        "link": "https://www.sec.gov/Archives/edgar/data/768835/000076883515000022/0000768835-15-000022-index.htm",
        "finalLink": "https://www.sec.gov/Archives/edgar/data/768835/000076883515000022/big-2015131x10k.htm"
    },
    {
        "date": "2014-11-01",
        "symbol": "BIG",
        "reportedCurrency": "USD",
        "cik": "0000768835",
        "fillingDate": "2014-12-10",
        "acceptedDate": "2014-12-10 16:13:27",
        "calendarYear": "2014",
        "period": "Q3",
        "revenue": 1107095000,
        "costOfRevenue": 676153000,
        "grossProfit": 430942000,
        "grossProfitRatio": 0.3892547613,
        "researchAndDevelopmentExpenses": 0,
        "generalAndAdministrativeExpenses": 387832000,
        "sellingAndMarketingExpenses": 16900000,
        "sellingGeneralAndAdministrativeExpenses": 404732000,
        "otherExpenses": 30267000,
        "operatingExpenses": 434999000,
        "costAndExpenses": 1111152000,
        "interestIncome": 0,
        "interestExpense": 756000,
        "depreciationAndAmortization": 30267000,
        "ebitda": 26210000,
        "ebitdaratio": 0.0236745717,
        "operatingIncome": -4057000,
        "operatingIncomeRatio": -0.0036645455,
        "totalOtherIncomeExpensesNet": -756000,
        "incomeBeforeTax": -4813000,
        "incomeBeforeTaxRatio": -0.0043474137,
        "incomeTaxExpense": -1698000,
        "netIncome": -3441000,
        "netIncomeRatio": -0.0031081344,
        "eps": -0.0627,
        "epsdiluted": -0.0627,
        "weightedAverageShsOut": 54850000,
        "weightedAverageShsOutDil": 54850000,
        "link": "https://www.sec.gov/Archives/edgar/data/768835/000076883514000065/0000768835-14-000065-index.htm",
        "finalLink": "https://www.sec.gov/Archives/edgar/data/768835/000076883514000065/big-2014111x10q.htm"
    },
    {
        "date": "2014-08-02",
        "symbol": "BIG",
        "reportedCurrency": "USD",
        "cik": "0000768835",
        "fillingDate": "2014-09-10",
        "acceptedDate": "2014-09-10 16:04:43",
        "calendarYear": "2014",
        "period": "Q2",
        "revenue": 1195363000,
        "costOfRevenue": 725836000,
        "grossProfit": 469527000,
        "grossProfitRatio": 0.3927903072,
        "researchAndDevelopmentExpenses": 0,
        "generalAndAdministrativeExpenses": 393242000,
        "sellingAndMarketingExpenses": 18900000,
        "sellingGeneralAndAdministrativeExpenses": 412142000,
        "otherExpenses": 29443000,
        "operatingExpenses": 441585000,
        "costAndExpenses": 1167421000,
        "interestIncome": 0,
        "interestExpense": 510000,
        "depreciationAndAmortization": 29443000,
        "ebitda": 27942000,
        "ebitdaratio": 0.0233753262,
        "operatingIncome": 27942000,
        "operatingIncomeRatio": 0.0233753262,
        "totalOtherIncomeExpensesNet": -510000,
        "incomeBeforeTax": 27432000,
        "incomeBeforeTaxRatio": 0.0229486775,
        "incomeTaxExpense": 10220000,
        "netIncome": 19938000,
        "netIncomeRatio": 0.0166794522,
        "eps": 0.36,
        "epsdiluted": 0.36,
        "weightedAverageShsOut": 54991000,
        "weightedAverageShsOutDil": 55689000,
        "link": "https://www.sec.gov/Archives/edgar/data/768835/000076883514000050/0000768835-14-000050-index.htm",
        "finalLink": "https://www.sec.gov/Archives/edgar/data/768835/000076883514000050/big-201482x10q.htm"
    },
    {
        "date": "2014-05-03",
        "symbol": "BIG",
        "reportedCurrency": "USD",
        "cik": "0000768835",
        "fillingDate": "2014-06-11",
        "acceptedDate": "2014-06-11 16:07:43",
        "calendarYear": "2014",
        "period": "Q1",
        "revenue": 1281271000,
        "costOfRevenue": 787715000,
        "grossProfit": 493556000,
        "grossProfitRatio": 0.3852081254,
        "researchAndDevelopmentExpenses": 0,
        "generalAndAdministrativeExpenses": 395646000,
        "sellingAndMarketingExpenses": 21900000,
        "sellingGeneralAndAdministrativeExpenses": 417546000,
        "otherExpenses": 28825000,
        "operatingExpenses": 446371000,
        "costAndExpenses": 1234086000,
        "interestIncome": 0,
        "interestExpense": 350000,
        "depreciationAndAmortization": 28825000,
        "ebitda": 47185000,
        "ebitdaratio": 0.0368267135,
        "operatingIncome": 47185000,
        "operatingIncomeRatio": 0.0368267135,
        "totalOtherIncomeExpensesNet": -350000,
        "incomeBeforeTax": 46835000,
        "incomeBeforeTaxRatio": 0.0365535472,
        "incomeTaxExpense": 18254000,
        "netIncome": 3348000,
        "netIncomeRatio": 0.0026130303,
        "eps": 0.06,
        "epsdiluted": 0.06,
        "weightedAverageShsOut": 57010000,
        "weightedAverageShsOutDil": 57536000,
        "link": "https://www.sec.gov/Archives/edgar/data/768835/000076883514000035/0000768835-14-000035-index.htm",
        "finalLink": "https://www.sec.gov/Archives/edgar/data/768835/000076883514000035/big-201453x10q.htm"
    },
    {
        "date": "2014-02-01",
        "symbol": "BIG",
        "reportedCurrency": "USD",
        "cik": "0000768835",
        "fillingDate": "2014-04-01",
        "acceptedDate": "2014-04-01 16:02:19",
        "calendarYear": "2013",
        "period": "Q4",
        "revenue": 1636277000,
        "costOfRevenue": 1010614000,
        "grossProfit": 625663000,
        "grossProfitRatio": 0.3823698555,
        "researchAndDevelopmentExpenses": 0,
        "generalAndAdministrativeExpenses": 453031000,
        "sellingAndMarketingExpenses": 34255000,
        "sellingGeneralAndAdministrativeExpenses": 487286000,
        "otherExpenses": -802000,
        "operatingExpenses": 517438000,
        "costAndExpenses": 1528052000,
        "interestIncome": 0,
        "interestExpense": 841000,
        "depreciationAndAmortization": 30152000,
        "ebitda": 137575000,
        "ebitdaratio": 0.0840780626,
        "operatingIncome": 112921000,
        "operatingIncomeRatio": 0.0690109315,
        "totalOtherIncomeExpensesNet": -1643000,
        "incomeBeforeTax": 106582000,
        "incomeBeforeTaxRatio": 0.0651368931,
        "incomeTaxExpense": 25603000,
        "netIncome": 84353000,
        "netIncomeRatio": 0.0515517849,
        "eps": 1.47,
        "epsdiluted": 1.45,
        "weightedAverageShsOut": 57513000,
        "weightedAverageShsOutDil": 58059000,
        "link": "https://www.sec.gov/Archives/edgar/data/768835/000076883514000016/0000768835-14-000016-index.htm",
        "finalLink": "https://www.sec.gov/Archives/edgar/data/768835/000076883514000016/big-2014201x10k.htm"
    },
    {
        "date": "2013-11-02",
        "symbol": "BIG",
        "reportedCurrency": "USD",
        "cik": "0000768835",
        "fillingDate": "2013-12-11",
        "acceptedDate": "2013-12-11 16:04:13",
        "calendarYear": "2013",
        "period": "Q3",
        "revenue": 1152444000,
        "costOfRevenue": 708985000,
        "grossProfit": 443459000,
        "grossProfitRatio": 0.3847987408,
        "researchAndDevelopmentExpenses": 0,
        "generalAndAdministrativeExpenses": 407785000,
        "sellingAndMarketingExpenses": 18200000,
        "sellingGeneralAndAdministrativeExpenses": 425985000,
        "otherExpenses": -147000,
        "operatingExpenses": 455444000,
        "costAndExpenses": 1164429000,
        "interestIncome": 0,
        "interestExpense": 1039000,
        "depreciationAndAmortization": 29459000,
        "ebitda": 23116000,
        "ebitdaratio": 0.0200582414,
        "operatingIncome": -11985000,
        "operatingIncomeRatio": -0.0103996376,
        "totalOtherIncomeExpensesNet": -1034000,
        "incomeBeforeTax": -13171000,
        "incomeBeforeTaxRatio": -0.0114287549,
        "incomeTaxExpense": -3655000,
        "netIncome": -9517000,
        "netIncomeRatio": -0.0082581019,
        "eps": -0.17,
        "epsdiluted": -0.17,
        "weightedAverageShsOut": 57461000,
        "weightedAverageShsOutDil": 57461000,
        "link": "https://www.sec.gov/Archives/edgar/data/768835/000076883513000107/0000768835-13-000107-index.htm",
        "finalLink": "https://www.sec.gov/Archives/edgar/data/768835/000076883513000107/big-2013112x10q.htm"
    },
    {
        "date": "2013-08-03",
        "symbol": "BIG",
        "reportedCurrency": "USD",
        "cik": "0000768835",
        "fillingDate": "2013-09-10",
        "acceptedDate": "2013-09-10 16:12:24",
        "calendarYear": "2013",
        "period": "Q2",
        "revenue": 1225572000,
        "costOfRevenue": 746117000,
        "grossProfit": 479455000,
        "grossProfitRatio": 0.391209166,
        "researchAndDevelopmentExpenses": 0,
        "generalAndAdministrativeExpenses": 398895000,
        "sellingAndMarketingExpenses": 19600000,
        "sellingGeneralAndAdministrativeExpenses": 418495000,
        "otherExpenses": -118000,
        "operatingExpenses": 446644000,
        "costAndExpenses": 1192761000,
        "interestIncome": 0,
        "interestExpense": 733000,
        "depreciationAndAmortization": 28149000,
        "ebitda": 61127000,
        "ebitdaratio": 0.0498763027,
        "operatingIncome": 32811000,
        "operatingIncomeRatio": 0.0267719889,
        "totalOtherIncomeExpensesNet": -741000,
        "incomeBeforeTax": 31960000,
        "incomeBeforeTaxRatio": 0.0260776193,
        "incomeTaxExpense": 13835000,
        "netIncome": 18126000,
        "netIncomeRatio": 0.0147898287,
        "eps": 0.32,
        "epsdiluted": 0.31,
        "weightedAverageShsOut": 57382000,
        "weightedAverageShsOutDil": 57924000,
        "link": "https://www.sec.gov/Archives/edgar/data/768835/000076883513000085/0000768835-13-000085-index.htm",
        "finalLink": "https://www.sec.gov/Archives/edgar/data/768835/000076883513000085/big-201383x10q.htm"
    },
    {
        "date": "2013-05-04",
        "symbol": "BIG",
        "reportedCurrency": "USD",
        "cik": "0000768835",
        "fillingDate": "2013-06-12",
        "acceptedDate": "2013-06-12 16:01:57",
        "calendarYear": "2013",
        "period": "Q1",
        "revenue": 1311338000,
        "costOfRevenue": 794709000,
        "grossProfit": 516629000,
        "grossProfitRatio": 0.3939708908,
        "researchAndDevelopmentExpenses": 0,
        "generalAndAdministrativeExpenses": 409067000,
        "sellingAndMarketingExpenses": 23400000,
        "sellingGeneralAndAdministrativeExpenses": 432467000,
        "otherExpenses": -146000,
        "operatingExpenses": 459937000,
        "costAndExpenses": 1254646000,
        "interestIncome": 0,
        "interestExpense": 726000,
        "depreciationAndAmortization": 27470000,
        "ebitda": 84016000,
        "ebitdaratio": 0.0640689128,
        "operatingIncome": 56692000,
        "operatingIncomeRatio": 0.0432321797,
        "totalOtherIncomeExpensesNet": -726000,
        "incomeBeforeTax": 55820000,
        "incomeBeforeTaxRatio": 0.04256721,
        "incomeTaxExpense": 23487000,
        "netIncome": 32333000,
        "netIncomeRatio": 0.0246564959,
        "eps": 0.56,
        "epsdiluted": 0.56,
        "weightedAverageShsOut": 57305000,
        "weightedAverageShsOutDil": 57843000,
        "link": "https://www.sec.gov/Archives/edgar/data/768835/000076883513000058/0000768835-13-000058-index.htm",
        "finalLink": "https://www.sec.gov/Archives/edgar/data/768835/000076883513000058/big-201354x10q.htm"
    },
    {
        "date": "2013-02-02",
        "symbol": "BIG",
        "reportedCurrency": "USD",
        "cik": "0000768835",
        "fillingDate": "2013-04-02",
        "acceptedDate": "2013-04-02 16:21:01",
        "calendarYear": "2012",
        "period": "Q4",
        "revenue": 1753396000,
        "costOfRevenue": 1058620000,
        "grossProfit": 694776000,
        "grossProfitRatio": 0.3962459136,
        "researchAndDevelopmentExpenses": 0,
        "generalAndAdministrativeExpenses": 435412000,
        "sellingAndMarketingExpenses": 34267000,
        "sellingGeneralAndAdministrativeExpenses": 469679000,
        "otherExpenses": 6000,
        "operatingExpenses": 497816000,
        "costAndExpenses": 1556436000,
        "interestIncome": 0,
        "interestExpense": 1470000,
        "depreciationAndAmortization": 28137000,
        "ebitda": 225103000,
        "ebitdaratio": 0.1283811529,
        "operatingIncome": 196960000,
        "operatingIncomeRatio": 0.1123305859,
        "totalOtherIncomeExpensesNet": -1464000,
        "incomeBeforeTax": 195496000,
        "incomeBeforeTaxRatio": 0.1114956348,
        "incomeTaxExpense": 75213000,
        "netIncome": 120287000,
        "netIncomeRatio": 0.0686023009,
        "eps": 2.1,
        "epsdiluted": 2.09,
        "weightedAverageShsOut": 57266000,
        "weightedAverageShsOutDil": 57684000,
        "link": "https://www.sec.gov/Archives/edgar/data/768835/000076883513000024/0000768835-13-000024-index.htm",
        "finalLink": "https://www.sec.gov/Archives/edgar/data/768835/000076883513000024/big-2013202x10k.htm"
    },
    {
        "date": "2012-10-27",
        "symbol": "BIG",
        "reportedCurrency": "USD",
        "cik": "0000768835",
        "fillingDate": "2012-12-05",
        "acceptedDate": "2012-12-05 17:20:45",
        "calendarYear": "2012",
        "period": "Q3",
        "revenue": 1134205000,
        "costOfRevenue": 701615000,
        "grossProfit": 432590000,
        "grossProfitRatio": 0.3814037145,
        "researchAndDevelopmentExpenses": 0,
        "generalAndAdministrativeExpenses": 396492000,
        "sellingAndMarketingExpenses": 16200000,
        "sellingGeneralAndAdministrativeExpenses": 412692000,
        "otherExpenses": 46000,
        "operatingExpenses": 439282000,
        "costAndExpenses": 1140897000,
        "interestIncome": 0,
        "interestExpense": 1491000,
        "depreciationAndAmortization": 26590000,
        "ebitda": 19944000,
        "ebitdaratio": 0.0175841228,
        "operatingIncome": -6692000,
        "operatingIncomeRatio": -0.005900168,
        "totalOtherIncomeExpensesNet": -1445000,
        "incomeBeforeTax": -8137000,
        "incomeBeforeTaxRatio": -0.0071741881,
        "incomeTaxExpense": -2149000,
        "netIncome": -5987000,
        "netIncomeRatio": -0.0052785872,
        "eps": -0.1,
        "epsdiluted": -0.1,
        "weightedAverageShsOut": 57756000,
        "weightedAverageShsOutDil": 57756000,
        "link": "https://www.sec.gov/Archives/edgar/data/768835/000076883512000098/0000768835-12-000098-index.htm",
        "finalLink": "https://www.sec.gov/Archives/edgar/data/768835/000076883512000098/big-20121027x10q.htm"
    },
    {
        "date": "2012-07-28",
        "symbol": "BIG",
        "reportedCurrency": "USD",
        "cik": "0000768835",
        "fillingDate": "2012-09-05",
        "acceptedDate": "2012-09-05 16:06:15",
        "calendarYear": "2012",
        "period": "Q2",
        "revenue": 1218037000,
        "costOfRevenue": 740202000,
        "grossProfit": 477835000,
        "grossProfitRatio": 0.3922992487,
        "researchAndDevelopmentExpenses": 0,
        "generalAndAdministrativeExpenses": 0,
        "sellingAndMarketingExpenses": 0,
        "sellingGeneralAndAdministrativeExpenses": 412220000,
        "otherExpenses": -38000,
        "operatingExpenses": 438491000,
        "costAndExpenses": 1178693000,
        "interestIncome": 0,
        "interestExpense": 895000,
        "depreciationAndAmortization": 26271000,
        "ebitda": 65577000,
        "ebitdaratio": 0.053838266,
        "operatingIncome": 39344000,
        "operatingIncomeRatio": 0.0323011534,
        "totalOtherIncomeExpensesNet": -933000,
        "incomeBeforeTax": 38411000,
        "incomeBeforeTaxRatio": 0.0315351668,
        "incomeTaxExpense": 16321000,
        "netIncome": 22075000,
        "netIncomeRatio": 0.0181234232,
        "eps": 0.37,
        "epsdiluted": 0.36,
        "weightedAverageShsOut": 60466000,
        "weightedAverageShsOutDil": 60997000,
        "link": "https://www.sec.gov/Archives/edgar/data/768835/000076883512000095/0000768835-12-000095-index.htm",
        "finalLink": "https://www.sec.gov/Archives/edgar/data/768835/000076883512000095/big-2012728x10q.htm"
    },
    {
        "date": "2012-04-28",
        "symbol": "BIG",
        "reportedCurrency": "USD",
        "cik": "0000768835",
        "fillingDate": "2012-06-06",
        "acceptedDate": "2012-06-06 16:03:35",
        "calendarYear": "2012",
        "period": "Q1",
        "revenue": 1294481000,
        "costOfRevenue": 782032000,
        "grossProfit": 512449000,
        "grossProfitRatio": 0.3958721681,
        "researchAndDevelopmentExpenses": 0,
        "generalAndAdministrativeExpenses": 0,
        "sellingAndMarketingExpenses": 0,
        "sellingGeneralAndAdministrativeExpenses": 418319000,
        "otherExpenses": 37000,
        "operatingExpenses": 443607000,
        "costAndExpenses": 1225639000,
        "interestIncome": 0,
        "interestExpense": 336000,
        "depreciationAndAmortization": 25288000,
        "ebitda": 94167000,
        "ebitdaratio": 0.0727449843,
        "operatingIncome": 68842000,
        "operatingIncomeRatio": 0.0531811591,
        "totalOtherIncomeExpensesNet": -299000,
        "incomeBeforeTax": 68543000,
        "incomeBeforeTaxRatio": 0.0529501785,
        "incomeTaxExpense": 27763000,
        "netIncome": 40746000,
        "netIncomeRatio": 0.0314767077,
        "eps": 0.64,
        "epsdiluted": 0.63,
        "weightedAverageShsOut": 64119000,
        "weightedAverageShsOutDil": 65165000,
        "link": "https://www.sec.gov/Archives/edgar/data/768835/000076883512000073/0000768835-12-000073-index.htm",
        "finalLink": "https://www.sec.gov/Archives/edgar/data/768835/000076883512000073/big-2012428x10q.htm"
    },
    {
        "date": "2012-01-28",
        "symbol": "BIG",
        "reportedCurrency": "USD",
        "cik": "0000768835",
        "fillingDate": "2012-03-26",
        "acceptedDate": "2012-03-26 16:49:56",
        "calendarYear": "2011",
        "period": "Q4",
        "revenue": 1669574000,
        "costOfRevenue": 998192000,
        "grossProfit": 671382000,
        "grossProfitRatio": 0.4021277284,
        "researchAndDevelopmentExpenses": 0,
        "generalAndAdministrativeExpenses": 426261000,
        "sellingAndMarketingExpenses": 29176000,
        "sellingGeneralAndAdministrativeExpenses": 455437000,
        "otherExpenses": -120000,
        "operatingExpenses": 480752000,
        "costAndExpenses": 1478944000,
        "interestIncome": 0,
        "interestExpense": 773000,
        "depreciationAndAmortization": 25315000,
        "ebitda": 215825000,
        "ebitdaratio": 0.1292695023,
        "operatingIncome": 190630000,
        "operatingIncomeRatio": 0.1141788265,
        "totalOtherIncomeExpensesNet": -893000,
        "incomeBeforeTax": 189737000,
        "incomeBeforeTaxRatio": 0.1136439595,
        "incomeTaxExpense": 74988000,
        "netIncome": 114720000,
        "netIncomeRatio": 0.0687121385,
        "eps": 1.79,
        "epsdiluted": 1.75,
        "weightedAverageShsOut": 64140000,
        "weightedAverageShsOutDil": 65398000,
        "link": "https://www.sec.gov/Archives/edgar/data/768835/000076883512000045/0000768835-12-000045-index.htm",
        "finalLink": "https://www.sec.gov/Archives/edgar/data/768835/000076883512000045/big-2012128x10k.htm"
    },
    {
        "date": "2011-10-29",
        "symbol": "BIG",
        "reportedCurrency": "USD",
        "cik": "0000768835",
        "fillingDate": "2011-12-07",
        "acceptedDate": "2011-12-07 16:26:44",
        "calendarYear": "2011",
        "period": "Q3",
        "revenue": 1138286000,
        "costOfRevenue": 693926000,
        "grossProfit": 444360000,
        "grossProfitRatio": 0.390376408,
        "researchAndDevelopmentExpenses": 0,
        "generalAndAdministrativeExpenses": 0,
        "sellingAndMarketingExpenses": 0,
        "sellingGeneralAndAdministrativeExpenses": 412581000,
        "otherExpenses": 22873000,
        "operatingExpenses": 435454000,
        "costAndExpenses": 1129380000,
        "interestIncome": 0,
        "interestExpense": 922000,
        "depreciationAndAmortization": 16729000,
        "ebitda": 31560000,
        "ebitdaratio": 0.0277258967,
        "operatingIncome": 8906000,
        "operatingIncomeRatio": 0.0078240442,
        "totalOtherIncomeExpensesNet": -1141000,
        "incomeBeforeTax": 7765000,
        "incomeBeforeTaxRatio": 0.0068216599,
        "incomeTaxExpense": 3524000,
        "netIncome": 4190000,
        "netIncomeRatio": 0.003680973,
        "eps": 0.06,
        "epsdiluted": 0.06,
        "weightedAverageShsOut": 64949000,
        "weightedAverageShsOutDil": 65931000,
        "link": "https://www.sec.gov/Archives/edgar/data/768835/000076883511000057/0000768835-11-000057-index.htm",
        "finalLink": "https://www.sec.gov/Archives/edgar/data/768835/000076883511000057/big-20111029x10q.htm"
    },
    {
        "date": "2011-07-30",
        "symbol": "BIG",
        "reportedCurrency": "USD",
        "cik": "0000768835",
        "fillingDate": "2011-09-07",
        "acceptedDate": "2011-09-07 16:24:26",
        "calendarYear": "2011",
        "period": "Q2",
        "revenue": 1167135000,
        "costOfRevenue": 706599000,
        "grossProfit": 460536000,
        "grossProfitRatio": 0.3945867445,
        "researchAndDevelopmentExpenses": 0,
        "generalAndAdministrativeExpenses": 0,
        "sellingAndMarketingExpenses": 0,
        "sellingGeneralAndAdministrativeExpenses": 379347000,
        "otherExpenses": 21428000,
        "operatingExpenses": 400775000,
        "costAndExpenses": 1107374000,
        "interestIncome": 0,
        "interestExpense": 1334000,
        "depreciationAndAmortization": 21428000,
        "ebitda": 81243000,
        "ebitdaratio": 0.0696089141,
        "operatingIncome": 59761000,
        "operatingIncomeRatio": 0.0512031599,
        "totalOtherIncomeExpensesNet": -1280000,
        "incomeBeforeTax": 58481000,
        "incomeBeforeTaxRatio": 0.0501064573,
        "incomeTaxExpense": 22767000,
        "netIncome": 35683000,
        "netIncomeRatio": 0.0305731556,
        "eps": 0.51,
        "epsdiluted": 0.5,
        "weightedAverageShsOut": 70130000,
        "weightedAverageShsOutDil": 71049000,
        "link": "https://www.sec.gov/Archives/edgar/data/768835/000076883511000049/0000768835-11-000049-index.htm",
        "finalLink": "https://www.sec.gov/Archives/edgar/data/768835/000076883511000049/big-2011730x10q.htm"
    },
    {
        "date": "2011-04-30",
        "symbol": "BIG",
        "reportedCurrency": "USD",
        "cik": "0000768835",
        "fillingDate": "2011-06-07",
        "acceptedDate": "2011-06-07 16:03:23",
        "calendarYear": "2011",
        "period": "Q1",
        "revenue": 1227274000,
        "costOfRevenue": 733145000,
        "grossProfit": 494129000,
        "grossProfitRatio": 0.4026232121,
        "researchAndDevelopmentExpenses": 0,
        "generalAndAdministrativeExpenses": 0,
        "sellingAndMarketingExpenses": 0,
        "sellingGeneralAndAdministrativeExpenses": 387167000,
        "otherExpenses": 20664000,
        "operatingExpenses": 407831000,
        "costAndExpenses": 1140976000,
        "interestIncome": 112000,
        "interestExpense": 501000,
        "depreciationAndAmortization": 20664000,
        "ebitda": 107074000,
        "ebitdaratio": 0.087245391,
        "operatingIncome": 86298000,
        "operatingIncomeRatio": 0.070316816,
        "totalOtherIncomeExpensesNet": -389000,
        "incomeBeforeTax": 85909000,
        "incomeBeforeTaxRatio": 0.0699998533,
        "incomeTaxExpense": 33378000,
        "netIncome": 52471000,
        "netIncomeRatio": 0.0427541038,
        "eps": 0.71,
        "epsdiluted": 0.7,
        "weightedAverageShsOut": 74047000,
        "weightedAverageShsOutDil": 75266000,
        "link": "https://www.sec.gov/Archives/edgar/data/768835/000114036111031723/0001140361-11-031723-index.htm",
        "finalLink": "https://www.sec.gov/Archives/edgar/data/768835/000114036111031723/form10q.htm"
    },
    {
        "date": "2011-01-29",
        "symbol": "BIG",
        "reportedCurrency": "USD",
        "cik": "0000768835",
        "fillingDate": "2011-03-30",
        "acceptedDate": "2011-03-30 16:01:46",
        "calendarYear": "2010",
        "period": "Q4",
        "revenue": 1518943000,
        "costOfRevenue": 898979000,
        "grossProfit": 619964000,
        "grossProfitRatio": 0.4081548814,
        "researchAndDevelopmentExpenses": 0,
        "generalAndAdministrativeExpenses": 391516000,
        "sellingAndMarketingExpenses": 30210000,
        "sellingGeneralAndAdministrativeExpenses": 421726000,
        "otherExpenses": 21074000,
        "operatingExpenses": 442800000,
        "costAndExpenses": 1341779000,
        "interestIncome": 41000,
        "interestExpense": 808000,
        "depreciationAndAmortization": 19624000,
        "ebitda": 198279000,
        "ebitdaratio": 0.1305374856,
        "operatingIncome": 177164000,
        "operatingIncomeRatio": 0.1166363715,
        "totalOtherIncomeExpensesNet": -767000,
        "incomeBeforeTax": 176397000,
        "incomeBeforeTaxRatio": 0.1161314151,
        "incomeTaxExpense": 66372000,
        "netIncome": 110055000,
        "netIncomeRatio": 0.0724549901,
        "eps": 1.49,
        "epsdiluted": 1.46,
        "weightedAverageShsOut": 74047000,
        "weightedAverageShsOutDil": 75266000,
        "link": "https://www.sec.gov/Archives/edgar/data/768835/000120677411000661/0001206774-11-000661-index.htm",
        "finalLink": "https://www.sec.gov/Archives/edgar/data/768835/000120677411000661/biglots_10k.htm"
    },
    {
        "date": "2010-10-30",
        "symbol": "BIG",
        "reportedCurrency": "USD",
        "cik": "0000768835",
        "fillingDate": "2010-12-08",
        "acceptedDate": "2010-12-08 16:18:23",
        "calendarYear": "2010",
        "period": "Q3",
        "revenue": 1055830000,
        "costOfRevenue": 627723000,
        "grossProfit": 428107000,
        "grossProfitRatio": 0.4054696305,
        "researchAndDevelopmentExpenses": 0,
        "generalAndAdministrativeExpenses": 0,
        "sellingAndMarketingExpenses": 0,
        "sellingGeneralAndAdministrativeExpenses": 381620000,
        "otherExpenses": 19584000,
        "operatingExpenses": 401204000,
        "costAndExpenses": 1028927000,
        "interestIncome": 51000,
        "interestExpense": 756000,
        "depreciationAndAmortization": 18248000,
        "ebitda": 46538000,
        "ebitdaratio": 0.0440771715,
        "operatingIncome": 26903000,
        "operatingIncomeRatio": 0.0254804277,
        "totalOtherIncomeExpensesNet": -705000,
        "incomeBeforeTax": 26198000,
        "incomeBeforeTaxRatio": 0.0248127066,
        "incomeTaxExpense": 8453000,
        "netIncome": 17694000,
        "netIncomeRatio": 0.0167583797,
        "eps": 0.23,
        "epsdiluted": 0.23,
        "weightedAverageShsOut": 75481000,
        "weightedAverageShsOutDil": 76369000,
        "link": "https://www.sec.gov/Archives/edgar/data/768835/000114036110048808/0001140361-10-048808-index.htm",
        "finalLink": "https://www.sec.gov/Archives/edgar/data/768835/000114036110048808/form10q.htm"
    },
    {
        "date": "2010-07-31",
        "symbol": "BIG",
        "reportedCurrency": "USD",
        "cik": "0000768835",
        "fillingDate": "2010-09-08",
        "acceptedDate": "2010-09-08 16:01:57",
        "calendarYear": "2010",
        "period": "Q2",
        "revenue": 1142309000,
        "costOfRevenue": 679884000,
        "grossProfit": 462425000,
        "grossProfitRatio": 0.4048160349,
        "researchAndDevelopmentExpenses": 0,
        "generalAndAdministrativeExpenses": 0,
        "sellingAndMarketingExpenses": 0,
        "sellingGeneralAndAdministrativeExpenses": 380374000,
        "otherExpenses": 18848000,
        "operatingExpenses": 399222000,
        "costAndExpenses": 1079106000,
        "interestIncome": 177000,
        "interestExpense": 503000,
        "depreciationAndAmortization": 18848000,
        "ebitda": 82228000,
        "ebitdaratio": 0.0719840253,
        "operatingIncome": 63203000,
        "operatingIncomeRatio": 0.0553291622,
        "totalOtherIncomeExpensesNet": -326000,
        "incomeBeforeTax": 62877000,
        "incomeBeforeTaxRatio": 0.0550437754,
        "incomeTaxExpense": 24098000,
        "netIncome": 38877000,
        "netIncomeRatio": 0.0340336984,
        "eps": 0.49,
        "epsdiluted": 0.48,
        "weightedAverageShsOut": 79467000,
        "weightedAverageShsOutDil": 80333000,
        "link": "https://www.sec.gov/Archives/edgar/data/768835/000114036110036489/0001140361-10-036489-index.htm",
        "finalLink": "https://www.sec.gov/Archives/edgar/data/768835/000114036110036489/form10q.htm"
    },
    {
        "date": "2010-05-01",
        "symbol": "BIG",
        "reportedCurrency": "USD",
        "cik": "0000768835",
        "fillingDate": "2010-06-10",
        "acceptedDate": "2010-06-10 16:15:41",
        "calendarYear": "2010",
        "period": "Q1",
        "revenue": 1235162000,
        "costOfRevenue": 733207000,
        "grossProfit": 501955000,
        "grossProfitRatio": 0.406387988,
        "researchAndDevelopmentExpenses": 0,
        "generalAndAdministrativeExpenses": 0,
        "sellingAndMarketingExpenses": 0,
        "sellingGeneralAndAdministrativeExpenses": 392780000,
        "otherExpenses": 19100000,
        "operatingExpenses": 411880000,
        "costAndExpenses": 1145087000,
        "interestIncome": 343000,
        "interestExpense": 506000,
        "depreciationAndAmortization": 19100000,
        "ebitda": 109518000,
        "ebitdaratio": 0.0886669117,
        "operatingIncome": 90075000,
        "operatingIncomeRatio": 0.0729256567,
        "totalOtherIncomeExpensesNet": -163000,
        "incomeBeforeTax": 89912000,
        "incomeBeforeTaxRatio": 0.0727936902,
        "incomeTaxExpense": 33914000,
        "netIncome": 55898000,
        "netIncomeRatio": 0.0452556021,
        "eps": 0.69,
        "epsdiluted": 0.68,
        "weightedAverageShsOut": 80932000,
        "weightedAverageShsOutDil": 82385000,
        "link": "https://www.sec.gov/Archives/edgar/data/768835/000114036110025097/0001140361-10-025097-index.htm",
        "finalLink": "https://www.sec.gov/Archives/edgar/data/768835/000114036110025097/form10q.htm"
    },
    {
        "date": "2010-01-30",
        "symbol": "BIG",
        "reportedCurrency": "USD",
        "cik": "0000768835",
        "fillingDate": "2010-03-30",
        "acceptedDate": "2010-03-30 16:40:27",
        "calendarYear": "2009",
        "period": "Q4",
        "revenue": 1463280000,
        "costOfRevenue": 858528000,
        "grossProfit": 604752000,
        "grossProfitRatio": 0.4132852222,
        "researchAndDevelopmentExpenses": 0,
        "generalAndAdministrativeExpenses": 387523000,
        "sellingAndMarketingExpenses": 29176000,
        "sellingGeneralAndAdministrativeExpenses": 416699000,
        "otherExpenses": 18556000,
        "operatingExpenses": 435255000,
        "costAndExpenses": 1293783000,
        "interestIncome": 136000,
        "interestExpense": 506000,
        "depreciationAndAmortization": 17629000,
        "ebitda": 188189000,
        "ebitdaratio": 0.1286076486,
        "operatingIncome": 169497000,
        "operatingIncomeRatio": 0.1158336067,
        "totalOtherIncomeExpensesNet": -370000,
        "incomeBeforeTax": 169127000,
        "incomeBeforeTaxRatio": 0.1155807501,
        "incomeTaxExpense": 62939000,
        "netIncome": 105366000,
        "netIncomeRatio": 0.0720067246,
        "eps": 1.3,
        "epsdiluted": 1.28,
        "weightedAverageShsOut": 80932000,
        "weightedAverageShsOutDil": 82385000,
        "link": "https://www.sec.gov/Archives/edgar/data/768835/000120677410000795/0001206774-10-000795-index.htm",
        "finalLink": "https://www.sec.gov/Archives/edgar/data/768835/000120677410000795/biglots_10k.htm"
    },
    {
        "date": "2009-10-31",
        "symbol": "BIG",
        "reportedCurrency": "USD",
        "cik": "0000768835",
        "fillingDate": "2009-12-10",
        "acceptedDate": "2009-12-10 16:14:08",
        "calendarYear": "2009",
        "period": "Q3",
        "revenue": 1035269000,
        "costOfRevenue": 617278000,
        "grossProfit": 417991000,
        "grossProfitRatio": 0.4037511024,
        "researchAndDevelopmentExpenses": 0,
        "generalAndAdministrativeExpenses": 0,
        "sellingAndMarketingExpenses": 0,
        "sellingGeneralAndAdministrativeExpenses": 365194000,
        "otherExpenses": 5220000,
        "operatingExpenses": 370414000,
        "costAndExpenses": 987692000,
        "interestIncome": 14000,
        "interestExpense": 507000,
        "depreciationAndAmortization": 18184000,
        "ebitda": 65775000,
        "ebitdaratio": 0.0635342119,
        "operatingIncome": 47577000,
        "operatingIncomeRatio": 0.0459561718,
        "totalOtherIncomeExpensesNet": -493000,
        "incomeBeforeTax": 47084000,
        "incomeBeforeTaxRatio": 0.045479967,
        "incomeTaxExpense": 16828000,
        "netIncome": 30329000,
        "netIncomeRatio": 0.0292957676,
        "eps": 0.37,
        "epsdiluted": 0.37,
        "weightedAverageShsOut": 81674000,
        "weightedAverageShsOutDil": 82733000,
        "link": "https://www.sec.gov/Archives/edgar/data/768835/000114036109028749/0001140361-09-028749-index.htm",
        "finalLink": "https://www.sec.gov/Archives/edgar/data/768835/000114036109028749/form10q.htm"
    },
    {
        "date": "2009-08-01",
        "symbol": "BIG",
        "reportedCurrency": "USD",
        "cik": "0000768835",
        "fillingDate": "2009-09-09",
        "acceptedDate": "2009-09-09 16:08:51",
        "calendarYear": "2009",
        "period": "Q2",
        "revenue": 1086567000,
        "costOfRevenue": 652184000,
        "grossProfit": 434383000,
        "grossProfitRatio": 0.3997756236,
        "researchAndDevelopmentExpenses": 0,
        "generalAndAdministrativeExpenses": 0,
        "sellingAndMarketingExpenses": 0,
        "sellingGeneralAndAdministrativeExpenses": 367781000,
        "otherExpenses": 18949000,
        "operatingExpenses": 386730000,
        "costAndExpenses": 1038914000,
        "interestIncome": 19000,
        "interestExpense": 506000,
        "depreciationAndAmortization": 18949000,
        "ebitda": 66621000,
        "ebitdaratio": 0.0613132922,
        "operatingIncome": 47653000,
        "operatingIncomeRatio": 0.0438564764,
        "totalOtherIncomeExpensesNet": -487000,
        "incomeBeforeTax": 47166000,
        "incomeBeforeTaxRatio": 0.0434082758,
        "incomeTaxExpense": 18550000,
        "netIncome": 28443000,
        "netIncomeRatio": 0.0261769408,
        "eps": 0.35,
        "epsdiluted": 0.34,
        "weightedAverageShsOut": 81623000,
        "weightedAverageShsOutDil": 82516000,
        "link": "https://www.sec.gov/Archives/edgar/data/768835/000114036109020453/0001140361-09-020453-index.htm",
        "finalLink": "https://www.sec.gov/Archives/edgar/data/768835/000114036109020453/form10q.htm"
    },
    {
        "date": "2009-05-02",
        "symbol": "BIG",
        "reportedCurrency": "USD",
        "cik": "0000768835",
        "fillingDate": "2009-06-11",
        "acceptedDate": "2009-06-11 16:15:36",
        "calendarYear": "2009",
        "period": "Q1",
        "revenue": 1141656000,
        "costOfRevenue": 679476000,
        "grossProfit": 462180000,
        "grossProfitRatio": 0.4048329795,
        "researchAndDevelopmentExpenses": 0,
        "generalAndAdministrativeExpenses": 0,
        "sellingAndMarketingExpenses": 0,
        "sellingGeneralAndAdministrativeExpenses": 382682000,
        "otherExpenses": 19215000,
        "operatingExpenses": 401897000,
        "costAndExpenses": 1081373000,
        "interestIncome": 6000,
        "interestExpense": 321000,
        "depreciationAndAmortization": 18372000,
        "ebitda": 79504000,
        "ebitdaratio": 0.0696391908,
        "operatingIncome": 60283000,
        "operatingIncomeRatio": 0.0528031211,
        "totalOtherIncomeExpensesNet": -315000,
        "incomeBeforeTax": 59968000,
        "incomeBeforeTaxRatio": 0.0525272061,
        "incomeTaxExpense": 23658000,
        "netIncome": 36231000,
        "netIncomeRatio": 0.031735479,
        "eps": 0.45,
        "epsdiluted": 0.44,
        "weightedAverageShsOut": 81408000,
        "weightedAverageShsOutDil": 82324000,
        "link": "https://www.sec.gov/Archives/edgar/data/768835/000114036109014509/0001140361-09-014509-index.htm",
        "finalLink": "https://www.sec.gov/Archives/edgar/data/768835/000114036109014509/form10q.htm"
    },
    {
        "date": "2009-01-31",
        "symbol": "BIG",
        "reportedCurrency": "USD",
        "cik": "0000768835",
        "fillingDate": "2009-03-30",
        "acceptedDate": "2009-03-30 16:52:01",
        "calendarYear": "2008",
        "period": "Q4",
        "revenue": 1366925000,
        "costOfRevenue": 814353000,
        "grossProfit": 552572000,
        "grossProfitRatio": 0.4042445635,
        "researchAndDevelopmentExpenses": 0,
        "generalAndAdministrativeExpenses": 370962000,
        "sellingAndMarketingExpenses": 28674000,
        "sellingGeneralAndAdministrativeExpenses": 399636000,
        "otherExpenses": 19756000,
        "operatingExpenses": 419392000,
        "costAndExpenses": 1233745000,
        "interestIncome": 0,
        "interestExpense": 0,
        "depreciationAndAmortization": 18237000,
        "ebitda": 152936000,
        "ebitdaratio": 0.1118832416,
        "operatingIncome": 133180000,
        "operatingIncomeRatio": 0.0974303638,
        "totalOtherIncomeExpensesNet": -1100000,
        "incomeBeforeTax": 132080000,
        "incomeBeforeTaxRatio": 0.0966256378,
        "incomeTaxExpense": 50273000,
        "netIncome": 78765000,
        "netIncomeRatio": 0.0576220349,
        "eps": 0.97,
        "epsdiluted": 0.96,
        "weightedAverageShsOut": 81408000,
        "weightedAverageShsOutDil": 82324000,
        "link": "https://www.sec.gov/Archives/edgar/data/768835/000120677409000649/0001206774-09-000649-index.htm",
        "finalLink": "https://www.sec.gov/Archives/edgar/data/768835/000120677409000649/biglots_10k.htm"
    },
    {
        "date": "2008-11-01",
        "symbol": "BIG",
        "reportedCurrency": "USD",
        "cik": "0000768835",
        "fillingDate": "2008-12-09",
        "acceptedDate": "2008-12-09 16:19:05",
        "calendarYear": "2008",
        "period": "Q3",
        "revenue": 1021580000,
        "costOfRevenue": 615318000,
        "grossProfit": 406262000,
        "grossProfitRatio": 0.3976800642,
        "researchAndDevelopmentExpenses": 0,
        "generalAndAdministrativeExpenses": 0,
        "sellingAndMarketingExpenses": 0,
        "sellingGeneralAndAdministrativeExpenses": 366505000,
        "otherExpenses": 19632000,
        "operatingExpenses": 386137000,
        "costAndExpenses": 1001455000,
        "interestIncome": 10000,
        "interestExpense": 1635000,
        "depreciationAndAmortization": 18458000,
        "ebitda": 39757000,
        "ebitdaratio": 0.0389171675,
        "operatingIncome": 20125000,
        "operatingIncomeRatio": 0.0196998767,
        "totalOtherIncomeExpensesNet": -1625000,
        "incomeBeforeTax": 18500000,
        "incomeBeforeTaxRatio": 0.0181092034,
        "incomeTaxExpense": 6142000,
        "netIncome": 12248000,
        "netIncomeRatio": 0.0119892715,
        "eps": 0.15,
        "epsdiluted": 0.15,
        "weightedAverageShsOut": 81255000,
        "weightedAverageShsOutDil": 82384000,
        "link": "https://www.sec.gov/Archives/edgar/data/768835/000114036108027374/0001140361-08-027374-index.htm",
        "finalLink": "https://www.sec.gov/Archives/edgar/data/768835/000114036108027374/form10q.htm"
    },
    {
        "date": "2008-08-02",
        "symbol": "BIG",
        "reportedCurrency": "USD",
        "cik": "0000768835",
        "fillingDate": "2008-09-09",
        "acceptedDate": "2008-09-09 16:10:10",
        "calendarYear": "2008",
        "period": "Q2",
        "revenue": 1105189000,
        "costOfRevenue": 670385000,
        "grossProfit": 434804000,
        "grossProfitRatio": 0.3934204919,
        "researchAndDevelopmentExpenses": 0,
        "generalAndAdministrativeExpenses": 0,
        "sellingAndMarketingExpenses": 0,
        "sellingGeneralAndAdministrativeExpenses": 370885000,
        "otherExpenses": 20458000,
        "operatingExpenses": 391343000,
        "costAndExpenses": 1061728000,
        "interestIncome": 0,
        "interestExpense": 0,
        "depreciationAndAmortization": 19362000,
        "ebitda": 63919000,
        "ebitdaratio": 0.0578353567,
        "operatingIncome": 43461000,
        "operatingIncomeRatio": 0.0393244956,
        "totalOtherIncomeExpensesNet": -1092000,
        "incomeBeforeTax": 42369000,
        "incomeBeforeTaxRatio": 0.0383364293,
        "incomeTaxExpense": 16222000,
        "netIncome": 26025000,
        "netIncomeRatio": 0.0235480085,
        "eps": 0.32,
        "epsdiluted": 0.32,
        "weightedAverageShsOut": 80772000,
        "weightedAverageShsOutDil": 81968000,
        "link": "https://www.sec.gov/Archives/edgar/data/768835/000114036108020971/0001140361-08-020971-index.htm",
        "finalLink": "https://www.sec.gov/Archives/edgar/data/768835/000114036108020971/form10q.htm"
    },
    {
        "date": "2008-05-03",
        "symbol": "BIG",
        "reportedCurrency": "USD",
        "cik": "0000768835",
        "fillingDate": "2008-06-10",
        "acceptedDate": "2008-06-10 16:23:55",
        "calendarYear": "2008",
        "period": "Q1",
        "revenue": 1151589000,
        "costOfRevenue": 687798000,
        "grossProfit": 463791000,
        "grossProfitRatio": 0.4027400401,
        "researchAndDevelopmentExpenses": 0,
        "generalAndAdministrativeExpenses": 0,
        "sellingAndMarketingExpenses": 0,
        "sellingGeneralAndAdministrativeExpenses": 386856000,
        "otherExpenses": 18778000,
        "operatingExpenses": 405634000,
        "costAndExpenses": 1093432000,
        "interestIncome": 0,
        "interestExpense": 0,
        "depreciationAndAmortization": 17730000,
        "ebitda": 76935000,
        "ebitdaratio": 0.0668076892,
        "operatingIncome": 58157000,
        "operatingIncomeRatio": 0.0505015244,
        "totalOtherIncomeExpensesNet": -1400000,
        "incomeBeforeTax": 56757000,
        "incomeBeforeTaxRatio": 0.0492858129,
        "incomeTaxExpense": 22271000,
        "netIncome": 34509000,
        "netIncomeRatio": 0.0299664203,
        "eps": 0.43,
        "epsdiluted": 0.42,
        "weightedAverageShsOut": 80918000,
        "weightedAverageShsOutDil": 81716000,
        "link": "https://www.sec.gov/Archives/edgar/data/768835/000114036108014743/0001140361-08-014743-index.htm",
        "finalLink": "https://www.sec.gov/Archives/edgar/data/768835/000114036108014743/form10q.htm"
    },
    {
        "date": "2008-02-02",
        "symbol": "BIG",
        "reportedCurrency": "USD",
        "cik": "0000768835",
        "fillingDate": "2008-04-01",
        "acceptedDate": "2008-04-01 16:18:53",
        "calendarYear": "2007",
        "period": "Q4",
        "revenue": 1412374000,
        "costOfRevenue": 851824000,
        "grossProfit": 560550000,
        "grossProfitRatio": 0.3968849611,
        "researchAndDevelopmentExpenses": 0,
        "generalAndAdministrativeExpenses": 370162000,
        "sellingAndMarketingExpenses": 28902000,
        "sellingGeneralAndAdministrativeExpenses": 399064000,
        "otherExpenses": 23624000,
        "operatingExpenses": 422688000,
        "costAndExpenses": 1274512000,
        "interestIncome": 0,
        "interestExpense": 0,
        "depreciationAndAmortization": 22384000,
        "ebitda": 161486000,
        "ebitdaratio": 0.1143365709,
        "operatingIncome": 137862000,
        "operatingIncomeRatio": 0.0976101231,
        "totalOtherIncomeExpensesNet": -2025000,
        "incomeBeforeTax": 135837000,
        "incomeBeforeTaxRatio": 0.0961763669,
        "incomeTaxExpense": 50189000,
        "netIncome": 92015000,
        "netIncomeRatio": 0.0651491744,
        "eps": 1.14,
        "epsdiluted": 1.13,
        "weightedAverageShsOut": 80918000,
        "weightedAverageShsOutDil": 81716000,
        "link": "https://www.sec.gov/Archives/edgar/data/768835/000120677408000667/0001206774-08-000667-index.htm",
        "finalLink": "https://www.sec.gov/Archives/edgar/data/768835/000120677408000667/biglots_10k.htm"
    },
    {
        "date": "2007-11-03",
        "symbol": "BIG",
        "reportedCurrency": "USD",
        "cik": "0000768835",
        "fillingDate": "2007-12-10",
        "acceptedDate": "2007-12-10 16:12:27",
        "calendarYear": "2007",
        "period": "Q3",
        "revenue": 1030638000,
        "costOfRevenue": 618832000,
        "grossProfit": 411806000,
        "grossProfitRatio": 0.3995641535,
        "researchAndDevelopmentExpenses": 0,
        "generalAndAdministrativeExpenses": 0,
        "sellingAndMarketingExpenses": 0,
        "sellingGeneralAndAdministrativeExpenses": 367806000,
        "otherExpenses": 21268000,
        "operatingExpenses": 389074000,
        "costAndExpenses": 1007906000,
        "interestIncome": 0,
        "interestExpense": 0,
        "depreciationAndAmortization": 20001000,
        "ebitda": 44000000,
        "ebitdaratio": 0.0426920024,
        "operatingIncome": 22732000,
        "operatingIncomeRatio": 0.0220562409,
        "totalOtherIncomeExpensesNet": 343000,
        "incomeBeforeTax": 23075000,
        "incomeBeforeTaxRatio": 0.0223890445,
        "incomeTaxExpense": 8702000,
        "netIncome": 14298000,
        "netIncomeRatio": 0.0138729602,
        "eps": 0.14,
        "epsdiluted": 0.14,
        "weightedAverageShsOut": 101188000,
        "weightedAverageShsOutDil": 102243000,
        "link": "https://www.sec.gov/Archives/edgar/data/768835/000114036107023844/0001140361-07-023844-index.htm",
        "finalLink": "https://www.sec.gov/Archives/edgar/data/768835/000114036107023844/form10q.htm"
    },
    {
        "date": "2007-08-04",
        "symbol": "BIG",
        "reportedCurrency": "USD",
        "cik": "0000768835",
        "fillingDate": "2007-09-07",
        "acceptedDate": "2007-09-07 16:22:04",
        "calendarYear": "2007",
        "period": "Q2",
        "revenue": 1084891000,
        "costOfRevenue": 663817000,
        "grossProfit": 421074000,
        "grossProfitRatio": 0.3881256274,
        "researchAndDevelopmentExpenses": 0,
        "generalAndAdministrativeExpenses": 0,
        "sellingAndMarketingExpenses": 0,
        "sellingGeneralAndAdministrativeExpenses": 365823000,
        "otherExpenses": 21828000,
        "operatingExpenses": 387651000,
        "costAndExpenses": 1051468000,
        "interestIncome": 0,
        "interestExpense": 0,
        "depreciationAndAmortization": 20244000,
        "ebitda": 55251000,
        "ebitdaratio": 0.0509276969,
        "operatingIncome": 33423000,
        "operatingIncomeRatio": 0.0308077033,
        "totalOtherIncomeExpensesNet": 1487000,
        "incomeBeforeTax": 34910000,
        "incomeBeforeTaxRatio": 0.0321783479,
        "incomeTaxExpense": 12775000,
        "netIncome": 23384000,
        "netIncomeRatio": 0.0215542391,
        "eps": 0.22,
        "epsdiluted": 0.22,
        "weightedAverageShsOut": 106490000,
        "weightedAverageShsOutDil": 107752000,
        "link": "https://www.sec.gov/Archives/edgar/data/768835/000114036107017893/0001140361-07-017893-index.htm",
        "finalLink": "https://www.sec.gov/Archives/edgar/data/768835/000114036107017893/form10-q.htm"
    },
    {
        "date": "2007-05-05",
        "symbol": "BIG",
        "reportedCurrency": "USD",
        "cik": "0000768835",
        "fillingDate": "2007-06-13",
        "acceptedDate": "2007-06-13 16:35:30",
        "calendarYear": "2007",
        "period": "Q1",
        "revenue": 1128399000,
        "costOfRevenue": 681486000,
        "grossProfit": 446913000,
        "grossProfitRatio": 0.3960593726,
        "researchAndDevelopmentExpenses": 0,
        "generalAndAdministrativeExpenses": 0,
        "sellingAndMarketingExpenses": 0,
        "sellingGeneralAndAdministrativeExpenses": 382686000,
        "otherExpenses": 21764000,
        "operatingExpenses": 404450000,
        "costAndExpenses": 1085936000,
        "interestIncome": 0,
        "interestExpense": 0,
        "depreciationAndAmortization": 20474000,
        "ebitda": 64227000,
        "ebitdaratio": 0.0569186963,
        "operatingIncome": 42463000,
        "operatingIncomeRatio": 0.0376311925,
        "totalOtherIncomeExpensesNet": 2918000,
        "incomeBeforeTax": 45381000,
        "incomeBeforeTaxRatio": 0.0402171572,
        "incomeTaxExpense": 16357000,
        "netIncome": 28764000,
        "netIncomeRatio": 0.0254909832,
        "eps": 0.26,
        "epsdiluted": 0.26,
        "weightedAverageShsOut": 109919000,
        "weightedAverageShsOutDil": 111684000,
        "link": "https://www.sec.gov/Archives/edgar/data/768835/000114036107012250/0001140361-07-012250-index.htm",
        "finalLink": "https://www.sec.gov/Archives/edgar/data/768835/000114036107012250/form10-q.htm"
    },
    {
        "date": "2007-02-03",
        "symbol": "BIG",
        "reportedCurrency": "USD",
        "cik": "0000768835",
        "fillingDate": "2007-04-04",
        "acceptedDate": "2007-04-03 17:46:34",
        "calendarYear": "2006",
        "period": "Q4",
        "revenue": 1545354000,
        "costOfRevenue": 919882000,
        "grossProfit": 625472000,
        "grossProfitRatio": 0.4047435086,
        "researchAndDevelopmentExpenses": 0,
        "generalAndAdministrativeExpenses": 432417000,
        "sellingAndMarketingExpenses": 29376000,
        "sellingGeneralAndAdministrativeExpenses": 461793000,
        "otherExpenses": 26711000,
        "operatingExpenses": 488504000,
        "costAndExpenses": 1408386000,
        "interestIncome": 0,
        "interestExpense": 0,
        "depreciationAndAmortization": 25246000,
        "ebitda": 163679000,
        "ebitdaratio": 0.105916832,
        "operatingIncome": 136968000,
        "operatingIncomeRatio": 0.0886321192,
        "totalOtherIncomeExpensesNet": 1857000,
        "incomeBeforeTax": 138825000,
        "incomeBeforeTaxRatio": 0.0898337857,
        "incomeTaxExpense": 47234000,
        "netIncome": 104299000,
        "netIncomeRatio": 0.0674919792,
        "eps": 0.95,
        "epsdiluted": 0.93,
        "weightedAverageShsOut": 109919000,
        "weightedAverageShsOutDil": 111684000,
        "link": "https://www.sec.gov/Archives/edgar/data/768835/000120677407000893/0001206774-07-000893-index.htm",
        "finalLink": "https://www.sec.gov/Archives/edgar/data/768835/000120677407000893/biglots_10k.htm"
    },
    {
        "date": "2006-10-28",
        "symbol": "BIG",
        "reportedCurrency": "USD",
        "cik": "0000768835",
        "fillingDate": "2006-12-01",
        "acceptedDate": "2006-12-01 16:06:56",
        "calendarYear": "2006",
        "period": "Q3",
        "revenue": 1049537000,
        "costOfRevenue": 634192000,
        "grossProfit": 415345000,
        "grossProfitRatio": 0.3957411697,
        "researchAndDevelopmentExpenses": 0,
        "generalAndAdministrativeExpenses": 0,
        "sellingAndMarketingExpenses": 0,
        "sellingGeneralAndAdministrativeExpenses": 388041000,
        "otherExpenses": 24988000,
        "operatingExpenses": 413029000,
        "costAndExpenses": 1047221000,
        "interestIncome": 0,
        "interestExpense": 0,
        "depreciationAndAmortization": 23543000,
        "ebitda": 27304000,
        "ebitdaratio": 0.026015281,
        "operatingIncome": 2316000,
        "operatingIncomeRatio": 0.0022066873,
        "totalOtherIncomeExpensesNet": -124000,
        "incomeBeforeTax": 2192000,
        "incomeBeforeTaxRatio": 0.00208854,
        "incomeTaxExpense": 373000,
        "netIncome": 1734000,
        "netIncomeRatio": 0.0016521571,
        "eps": 0.02,
        "epsdiluted": 0.02,
        "weightedAverageShsOut": 108239000,
        "weightedAverageShsOutDil": 109895000,
        "link": "https://www.sec.gov/Archives/edgar/data/768835/000114036106017356/0001140361-06-017356-index.htm",
        "finalLink": "https://www.sec.gov/Archives/edgar/data/768835/000114036106017356/form10-q.htm"
    },
    {
        "date": "2006-07-29",
        "symbol": "BIG",
        "reportedCurrency": "USD",
        "cik": "0000768835",
        "fillingDate": "2006-09-01",
        "acceptedDate": "2006-09-01 16:11:48",
        "calendarYear": "2006",
        "period": "Q2",
        "revenue": 1056535000,
        "costOfRevenue": 644242000,
        "grossProfit": 412293000,
        "grossProfitRatio": 0.3902312749,
        "researchAndDevelopmentExpenses": 0,
        "generalAndAdministrativeExpenses": 0,
        "sellingAndMarketingExpenses": 0,
        "sellingGeneralAndAdministrativeExpenses": 380116000,
        "otherExpenses": 24927000,
        "operatingExpenses": 405043000,
        "costAndExpenses": 1049285000,
        "interestIncome": 0,
        "interestExpense": 0,
        "depreciationAndAmortization": 23543000,
        "ebitda": 32177000,
        "ebitdaratio": 0.0304552145,
        "operatingIncome": 7250000,
        "operatingIncomeRatio": 0.0068620538,
        "totalOtherIncomeExpensesNet": 639000,
        "incomeBeforeTax": 7889000,
        "incomeBeforeTaxRatio": 0.007466861,
        "incomeTaxExpense": 3185000,
        "netIncome": 4299000,
        "netIncomeRatio": 0.0040689613,
        "eps": 0.04,
        "epsdiluted": 0.04,
        "weightedAverageShsOut": 111094000,
        "weightedAverageShsOutDil": 112233000,
        "link": "https://www.sec.gov/Archives/edgar/data/768835/000095015206007411/0000950152-06-007411-index.htm",
        "finalLink": "https://www.sec.gov/Archives/edgar/data/768835/000095015206007411/l21973ae10vq.htm"
    },
    {
        "date": "2006-04-29",
        "symbol": "BIG",
        "reportedCurrency": "USD",
        "cik": "0000768835",
        "fillingDate": "2006-06-07",
        "acceptedDate": "2006-06-07 17:14:47",
        "calendarYear": "2006",
        "period": "Q1",
        "revenue": 1091622000,
        "costOfRevenue": 653300000,
        "grossProfit": 438322000,
        "grossProfitRatio": 0.401532765,
        "researchAndDevelopmentExpenses": 0,
        "generalAndAdministrativeExpenses": 0,
        "sellingAndMarketingExpenses": 0,
        "sellingGeneralAndAdministrativeExpenses": 392389000,
        "otherExpenses": 24653000,
        "operatingExpenses": 417042000,
        "costAndExpenses": 1070342000,
        "interestIncome": 0,
        "interestExpense": 0,
        "depreciationAndAmortization": 23281000,
        "ebitda": 45933000,
        "ebitdaratio": 0.0420777522,
        "operatingIncome": 21280000,
        "operatingIncomeRatio": 0.0194939274,
        "totalOtherIncomeExpensesNet": 304000,
        "incomeBeforeTax": 21584000,
        "incomeBeforeTaxRatio": 0.0197724121,
        "incomeTaxExpense": 7080000,
        "netIncome": 13713000,
        "netIncomeRatio": 0.0125620407,
        "eps": 0.12,
        "epsdiluted": 0.12,
        "weightedAverageShsOut": 113014000,
        "weightedAverageShsOutDil": 114508000,
        "link": "https://www.sec.gov/Archives/edgar/data/768835/000095015206004986/0000950152-06-004986-index.htm",
        "finalLink": "https://www.sec.gov/Archives/edgar/data/768835/000095015206004986/l20712ae10vq.htm"
    },
    {
        "date": "2006-01-28",
        "symbol": "BIG",
        "reportedCurrency": "USD",
        "cik": "0000768835",
        "fillingDate": "2006-04-13",
        "acceptedDate": "2006-04-13 13:38:40",
        "calendarYear": "2005",
        "period": "Q4",
        "revenue": 1238716000,
        "costOfRevenue": 784181000,
        "grossProfit": 454535000,
        "grossProfitRatio": 0.3669404448,
        "researchAndDevelopmentExpenses": 0,
        "generalAndAdministrativeExpenses": 0,
        "sellingAndMarketingExpenses": 0,
        "sellingGeneralAndAdministrativeExpenses": 364794000,
        "otherExpenses": 22387000,
        "operatingExpenses": 387181000,
        "costAndExpenses": 1171362000,
        "interestIncome": 0,
        "interestExpense": 0,
        "depreciationAndAmortization": 34255000,
        "ebitda": 101609000,
        "ebitdaratio": 0.0820276803,
        "operatingIncome": 67354000,
        "operatingIncomeRatio": 0.0543740454,
        "totalOtherIncomeExpensesNet": -1142000,
        "incomeBeforeTax": 66212000,
        "incomeBeforeTaxRatio": 0.053452123,
        "incomeTaxExpense": 25747000,
        "netIncome": 14652000,
        "netIncomeRatio": 0.0118283771,
        "eps": 0.13,
        "epsdiluted": 0.13,
        "weightedAverageShsOut": 113014000,
        "weightedAverageShsOutDil": 114508000,
        "link": "https://www.sec.gov/Archives/edgar/data/768835/000120677406000762/0001206774-06-000762-index.htm",
        "finalLink": "https://www.sec.gov/Archives/edgar/data/768835/000120677406000762/d19008_10k.htm"
    },
    {
        "date": "2005-10-29",
        "symbol": "BIG",
        "reportedCurrency": "USD",
        "cik": "0000768835",
        "fillingDate": "2005-12-07",
        "acceptedDate": "2005-12-07 16:53:05",
        "calendarYear": "2005",
        "period": "Q3",
        "revenue": 1041046000,
        "costOfRevenue": 634330000,
        "grossProfit": 406716000,
        "grossProfitRatio": 0.3906801429,
        "researchAndDevelopmentExpenses": 0,
        "generalAndAdministrativeExpenses": 0,
        "sellingAndMarketingExpenses": 0,
        "sellingGeneralAndAdministrativeExpenses": 410583000,
        "otherExpenses": 30806000,
        "operatingExpenses": 441389000,
        "costAndExpenses": 1075719000,
        "interestIncome": 0,
        "interestExpense": 2359000,
        "depreciationAndAmortization": 27606000,
        "ebitda": -3867000,
        "ebitdaratio": -0.0037145333,
        "operatingIncome": -34673000,
        "operatingIncomeRatio": -0.033305925,
        "totalOtherIncomeExpensesNet": -2359000,
        "incomeBeforeTax": -37032000,
        "incomeBeforeTaxRatio": -0.0355719152,
        "incomeTaxExpense": -18244000,
        "netIncome": -18788000,
        "netIncomeRatio": -0.0180472333,
        "eps": -0.17,
        "epsdiluted": -0.17,
        "weightedAverageShsOut": 113320000,
        "weightedAverageShsOutDil": 113320000,
        "link": "https://www.sec.gov/Archives/edgar/data/768835/000095015205009791/0000950152-05-009791-index.htm",
        "finalLink": "https://www.sec.gov/Archives/edgar/data/768835/000095015205009791/l17293ae10vq.htm"
    },
    {
        "date": "2005-07-30",
        "symbol": "BIG",
        "reportedCurrency": "USD",
        "cik": "0000768835",
        "fillingDate": "2005-09-07",
        "acceptedDate": "2005-09-07 17:24:09",
        "calendarYear": "2005",
        "period": "Q2",
        "revenue": 1051053000,
        "costOfRevenue": 629307000,
        "grossProfit": 421746000,
        "grossProfitRatio": 0.4012604502,
        "researchAndDevelopmentExpenses": 0,
        "generalAndAdministrativeExpenses": 0,
        "sellingAndMarketingExpenses": 0,
        "sellingGeneralAndAdministrativeExpenses": 412421000,
        "otherExpenses": 28513000,
        "operatingExpenses": 440934000,
        "costAndExpenses": 1070241000,
        "interestIncome": 0,
        "interestExpense": 0,
        "depreciationAndAmortization": 27109000,
        "ebitda": 9325000,
        "ebitdaratio": 0.008872055,
        "operatingIncome": -19188000,
        "operatingIncomeRatio": -0.0182559776,
        "totalOtherIncomeExpensesNet": -8000,
        "incomeBeforeTax": -20503000,
        "incomeBeforeTaxRatio": -0.0195071038,
        "incomeTaxExpense": -6751000,
        "netIncome": -13752000,
        "netIncomeRatio": -0.0130840215,
        "eps": -0.12,
        "epsdiluted": -0.12,
        "weightedAverageShsOut": 113244000,
        "weightedAverageShsOutDil": 113244000,
        "link": "https://www.sec.gov/Archives/edgar/data/768835/000095015205007515/0000950152-05-007515-index.htm",
        "finalLink": "https://www.sec.gov/Archives/edgar/data/768835/000095015205007515/l15942ae10vq.htm"
    },
    {
        "date": "2005-04-30",
        "symbol": "BIG",
        "reportedCurrency": "USD",
        "cik": "0000768835",
        "fillingDate": "2005-06-06",
        "acceptedDate": "2005-06-06 16:25:29",
        "calendarYear": "2005",
        "period": "Q1",
        "revenue": 1099090000,
        "costOfRevenue": 650421000,
        "grossProfit": 448669000,
        "grossProfitRatio": 0.4082186172,
        "researchAndDevelopmentExpenses": 0,
        "generalAndAdministrativeExpenses": 0,
        "sellingAndMarketingExpenses": 0,
        "sellingGeneralAndAdministrativeExpenses": 408338000,
        "otherExpenses": 13380000,
        "operatingExpenses": 421718000,
        "costAndExpenses": 1072139000,
        "interestIncome": 0,
        "interestExpense": 100,
        "depreciationAndAmortization": 25647000,
        "ebitda": 38352000,
        "ebitdaratio": 0.0348943217,
        "operatingIncome": 26951000,
        "operatingIncomeRatio": 0.0245211948,
        "totalOtherIncomeExpensesNet": -15579000,
        "incomeBeforeTax": 12237000,
        "incomeBeforeTaxRatio": 0.0111337561,
        "incomeTaxExpense": 4437000,
        "netIncome": 7800000,
        "netIncomeRatio": 0.0070967801,
        "eps": 0.07,
        "epsdiluted": 0.07,
        "weightedAverageShsOut": 112969000,
        "weightedAverageShsOutDil": 113343000,
        "link": "https://www.sec.gov/Archives/edgar/data/768835/000095015205004971/0000950152-05-004971-index.htm",
        "finalLink": "https://www.sec.gov/Archives/edgar/data/768835/000095015205004971/l14295ae10vq.htm"
    },
    {
        "date": "2005-01-29",
        "symbol": "BIG",
        "reportedCurrency": "USD",
        "cik": "0000768835",
        "fillingDate": "2005-04-18",
        "acceptedDate": "2005-04-18 16:43:28",
        "calendarYear": "2004",
        "period": "Q4",
        "revenue": 1380897000,
        "costOfRevenue": 826209000,
        "grossProfit": 554688000,
        "grossProfitRatio": 0.4016867297,
        "researchAndDevelopmentExpenses": 0,
        "generalAndAdministrativeExpenses": 0,
        "sellingAndMarketingExpenses": 0,
        "sellingGeneralAndAdministrativeExpenses": 436172000,
        "otherExpenses": 31630000,
        "operatingExpenses": 467802000,
        "costAndExpenses": 1294011000,
        "interestIncome": 0,
        "interestExpense": 0,
        "depreciationAndAmortization": 26242000,
        "ebitda": 118516000,
        "ebitdaratio": 0.0858253729,
        "operatingIncome": 86886000,
        "operatingIncomeRatio": 0.0629199716,
        "totalOtherIncomeExpensesNet": -1521000,
        "incomeBeforeTax": 85365000,
        "incomeBeforeTaxRatio": 0.0618185136,
        "incomeTaxExpense": 29561000,
        "netIncome": 55804000,
        "netIncomeRatio": 0.0404114137,
        "eps": 0.51,
        "epsdiluted": 0.5,
        "weightedAverageShsOut": 112969000,
        "weightedAverageShsOutDil": 113343000,
        "link": "https://www.sec.gov/Archives/edgar/data/768835/000120677405000641/0001206774-05-000641-index.htm",
        "finalLink": "https://www.sec.gov/Archives/edgar/data/768835/000120677405000641/d16721_10k.htm"
    },
    {
        "date": "2004-10-30",
        "symbol": "BIG",
        "reportedCurrency": "USD",
        "cik": "0000768835",
        "fillingDate": "2004-12-06",
        "acceptedDate": "2004-12-06 17:25:28",
        "calendarYear": "2004",
        "period": "Q3",
        "revenue": 980027000,
        "costOfRevenue": 583816000,
        "grossProfit": 396211000,
        "grossProfitRatio": 0.4042858003,
        "researchAndDevelopmentExpenses": 0,
        "generalAndAdministrativeExpenses": 0,
        "sellingAndMarketingExpenses": 0,
        "sellingGeneralAndAdministrativeExpenses": 396815000,
        "otherExpenses": 25434000,
        "operatingExpenses": 422249000,
        "costAndExpenses": 1006065000,
        "interestIncome": 0,
        "interestExpense": 0,
        "depreciationAndAmortization": 27359000,
        "ebitda": 1321000,
        "ebitdaratio": 0.001347922,
        "operatingIncome": -26038000,
        "operatingIncomeRatio": -0.0265686558,
        "totalOtherIncomeExpensesNet": -14945000,
        "incomeBeforeTax": -39996000,
        "incomeBeforeTaxRatio": -0.0408111205,
        "incomeTaxExpense": -15184000,
        "netIncome": -31460000,
        "netIncomeRatio": -0.0321011564,
        "eps": -0.28,
        "epsdiluted": -0.28,
        "weightedAverageShsOut": 112403000,
        "weightedAverageShsOutDil": 112403000,
        "link": "https://www.sec.gov/Archives/edgar/data/768835/000095015204008788/0000950152-04-008788-index.htm",
        "finalLink": "https://www.sec.gov/Archives/edgar/data/768835/000095015204008788/l10856ae10vq.htm"
    },
    {
        "date": "2004-07-31",
        "symbol": "BIG",
        "reportedCurrency": "USD",
        "cik": "0000768835",
        "fillingDate": "2004-09-09",
        "acceptedDate": "2004-09-09 17:16:12",
        "calendarYear": "2004",
        "period": "Q2",
        "revenue": 994950000,
        "costOfRevenue": 588682000,
        "grossProfit": 406268000,
        "grossProfitRatio": 0.4083300668,
        "researchAndDevelopmentExpenses": 0,
        "generalAndAdministrativeExpenses": 0,
        "sellingAndMarketingExpenses": 0,
        "sellingGeneralAndAdministrativeExpenses": 413755000,
        "otherExpenses": 0,
        "operatingExpenses": 413755000,
        "costAndExpenses": 1002437000,
        "interestIncome": 0,
        "interestExpense": 0,
        "depreciationAndAmortization": 25232000,
        "ebitda": 17745000,
        "ebitdaratio": 0.0178350671,
        "operatingIncome": -7487000,
        "operatingIncomeRatio": -0.0075250013,
        "totalOtherIncomeExpensesNet": -4496000,
        "incomeBeforeTax": -11983000,
        "incomeBeforeTaxRatio": -0.0120438213,
        "incomeTaxExpense": -4695000,
        "netIncome": -7288000,
        "netIncomeRatio": -0.0073249912,
        "eps": -0.0635,
        "epsdiluted": -0.0635,
        "weightedAverageShsOut": 114686000,
        "weightedAverageShsOutDil": 114686000,
        "link": "https://www.sec.gov/Archives/edgar/data/768835/000095015204006792/0000950152-04-006792-index.htm",
        "finalLink": "https://www.sec.gov/Archives/edgar/data/768835/000095015204006792/l09509ae10vq.htm"
    },
    {
        "date": "2004-05-01",
        "symbol": "BIG",
        "reportedCurrency": "USD",
        "cik": "0000768835",
        "fillingDate": "2004-06-08",
        "acceptedDate": "2004-06-08 17:28:40",
        "calendarYear": "2004",
        "period": "Q1",
        "revenue": 1019198000,
        "costOfRevenue": 598928000,
        "grossProfit": 420270000,
        "grossProfitRatio": 0.4123536349,
        "researchAndDevelopmentExpenses": 0,
        "generalAndAdministrativeExpenses": 0,
        "sellingAndMarketingExpenses": 0,
        "sellingGeneralAndAdministrativeExpenses": 406106000,
        "otherExpenses": 0,
        "operatingExpenses": 406106000,
        "costAndExpenses": 1005034000,
        "interestIncome": 0,
        "interestExpense": 0,
        "depreciationAndAmortization": 23136000,
        "ebitda": 37300000,
        "ebitdaratio": 0.0365974031,
        "operatingIncome": 14164000,
        "operatingIncomeRatio": 0.0138972015,
        "totalOtherIncomeExpensesNet": -4252000,
        "incomeBeforeTax": 9912000,
        "incomeBeforeTaxRatio": 0.0097252938,
        "incomeTaxExpense": 3205000,
        "netIncome": 6707000,
        "netIncomeRatio": 0.0065806644,
        "eps": 0.05,
        "epsdiluted": 0.05,
        "weightedAverageShsOut": 117275000,
        "weightedAverageShsOutDil": 118294000,
        "link": "https://www.sec.gov/Archives/edgar/data/768835/000095015204004540/0000950152-04-004540-index.htm",
        "finalLink": "https://www.sec.gov/Archives/edgar/data/768835/000095015204004540/l07979ae10vq.htm"
    },
    {
        "date": "2004-01-31",
        "symbol": "BIG",
        "reportedCurrency": "USD",
        "cik": "0000768835",
        "fillingDate": "2004-03-30",
        "acceptedDate": "2004-03-30 15:46:19",
        "calendarYear": "2003",
        "period": "Q4",
        "revenue": 1328609000,
        "costOfRevenue": 764223000,
        "grossProfit": 564386000,
        "grossProfitRatio": 0.4247946537,
        "researchAndDevelopmentExpenses": 0,
        "generalAndAdministrativeExpenses": 411968000,
        "sellingAndMarketingExpenses": 29019000,
        "sellingGeneralAndAdministrativeExpenses": 440987000,
        "otherExpenses": 0,
        "operatingExpenses": 440987000,
        "costAndExpenses": 1205210000,
        "interestIncome": 0,
        "interestExpense": 16443000,
        "depreciationAndAmortization": 23992000,
        "ebitda": 147391000,
        "ebitdaratio": 0.1109363251,
        "operatingIncome": 123399000,
        "operatingIncomeRatio": 0.0928783412,
        "totalOtherIncomeExpensesNet": -3670000,
        "incomeBeforeTax": 119729000,
        "incomeBeforeTaxRatio": 0.0901160537,
        "incomeTaxExpense": 25940000,
        "netIncome": 85328000,
        "netIncomeRatio": 0.0642235601,
        "eps": 0.73,
        "epsdiluted": 0.72,
        "weightedAverageShsOut": 117275000,
        "weightedAverageShsOutDil": 118294000,
        "link": "https://www.sec.gov/Archives/edgar/data/768835/000095015204002511/0000950152-04-002511-index.htm",
        "finalLink": "https://www.sec.gov/Archives/edgar/data/768835/000095015204002511/l06594ae10vk.htm"
    },
    {
        "date": "2003-11-01",
        "symbol": "BIG",
        "reportedCurrency": "USD",
        "cik": "0000768835",
        "fillingDate": "2003-12-12",
        "acceptedDate": "2003-12-12 17:28:37",
        "calendarYear": "2003",
        "period": "Q3",
        "revenue": 948117000,
        "costOfRevenue": 555897000,
        "grossProfit": 392220000,
        "grossProfitRatio": 0.4136831214,
        "researchAndDevelopmentExpenses": 0,
        "generalAndAdministrativeExpenses": 0,
        "sellingAndMarketingExpenses": 0,
        "sellingGeneralAndAdministrativeExpenses": 396947000,
        "otherExpenses": 0,
        "operatingExpenses": 396947000,
        "costAndExpenses": 952844000,
        "interestIncome": 0,
        "interestExpense": 0,
        "depreciationAndAmortization": 24950000,
        "ebitda": 20223000,
        "ebitdaratio": 0.021329646,
        "operatingIncome": -4727000,
        "operatingIncomeRatio": -0.0049856716,
        "totalOtherIncomeExpensesNet": -3732000,
        "incomeBeforeTax": -8459000,
        "incomeBeforeTaxRatio": -0.0089218947,
        "incomeTaxExpense": -3341000,
        "netIncome": -6377000,
        "netIncomeRatio": -0.0067259631,
        "eps": -0.0546,
        "epsdiluted": -0.0546,
        "weightedAverageShsOut": 116877000,
        "weightedAverageShsOutDil": 116877000,
        "link": "https://www.sec.gov/Archives/edgar/data/768835/000095015203010297/0000950152-03-010297-index.htm",
        "finalLink": "https://www.sec.gov/Archives/edgar/data/768835/000095015203010297/l04459ae10vq.htm"
    },
    {
        "date": "2003-08-02",
        "symbol": "BIG",
        "reportedCurrency": "USD",
        "cik": "0000768835",
        "fillingDate": "2003-09-11",
        "acceptedDate": "2003-09-11 17:26:39",
        "calendarYear": "2003",
        "period": "Q2",
        "revenue": 949275000,
        "costOfRevenue": 557634000,
        "grossProfit": 391641000,
        "grossProfitRatio": 0.4125685391,
        "researchAndDevelopmentExpenses": 0,
        "generalAndAdministrativeExpenses": 0,
        "sellingAndMarketingExpenses": 0,
        "sellingGeneralAndAdministrativeExpenses": 401179000,
        "otherExpenses": 0,
        "operatingExpenses": 401179000,
        "costAndExpenses": 958813000,
        "interestIncome": 0,
        "interestExpense": 0,
        "depreciationAndAmortization": 22116000,
        "ebitda": 11615000,
        "ebitdaratio": 0.0122356535,
        "operatingIncome": -9538000,
        "operatingIncomeRatio": -0.010047668,
        "totalOtherIncomeExpensesNet": -3634000,
        "incomeBeforeTax": -13172000,
        "incomeBeforeTaxRatio": -0.0138758526,
        "incomeTaxExpense": -5203000,
        "netIncome": -7969000,
        "netIncomeRatio": -0.0083948276,
        "eps": -0.0683,
        "epsdiluted": -0.0683,
        "weightedAverageShsOut": 116754000,
        "weightedAverageShsOutDil": 116754000,
        "link": "https://www.sec.gov/Archives/edgar/data/768835/000095015203008207/0000950152-03-008207-index.htm",
        "finalLink": "https://www.sec.gov/Archives/edgar/data/768835/000095015203008207/l03014ae10vq.htm"
    },
    {
        "date": "2003-05-03",
        "symbol": "BIG",
        "reportedCurrency": "USD",
        "cik": "0000768835",
        "fillingDate": "2003-06-11",
        "acceptedDate": "2003-06-11 16:45:19",
        "calendarYear": "2003",
        "period": "Q1",
        "revenue": 948382000,
        "costOfRevenue": 550270000,
        "grossProfit": 398112000,
        "grossProfitRatio": 0.4197802151,
        "researchAndDevelopmentExpenses": 0,
        "generalAndAdministrativeExpenses": 0,
        "sellingAndMarketingExpenses": 0,
        "sellingGeneralAndAdministrativeExpenses": 376918000,
        "otherExpenses": 0,
        "operatingExpenses": 376918000,
        "costAndExpenses": 927188000,
        "interestIncome": 0,
        "interestExpense": 0,
        "depreciationAndAmortization": 20576000,
        "ebitda": 41770000,
        "ebitdaratio": 0.044043434,
        "operatingIncome": 21194000,
        "operatingIncomeRatio": 0.0223475351,
        "totalOtherIncomeExpensesNet": -4346000,
        "incomeBeforeTax": 16848000,
        "incomeBeforeTaxRatio": 0.0177649934,
        "incomeTaxExpense": 6655000,
        "netIncome": 10193000,
        "netIncomeRatio": 0.0107477788,
        "eps": 0.09,
        "epsdiluted": 0.09,
        "weightedAverageShsOut": 116479000,
        "weightedAverageShsOutDil": 116569000,
        "link": "https://www.sec.gov/Archives/edgar/data/768835/000095015203006073/0000950152-03-006073-index.htm",
        "finalLink": "https://www.sec.gov/Archives/edgar/data/768835/000095015203006073/l01309ae10vq.htm"
    },
    {
        "date": "2003-02-01",
        "symbol": "BIG",
        "reportedCurrency": "USD",
        "cik": "0000768835",
        "fillingDate": "2003-04-17",
        "acceptedDate": "2003-04-17 17:01:31",
        "calendarYear": "2002",
        "period": "Q4",
        "revenue": 1216991000,
        "costOfRevenue": 698082000,
        "grossProfit": 518909000,
        "grossProfitRatio": 0.4263868837,
        "researchAndDevelopmentExpenses": 0,
        "generalAndAdministrativeExpenses": 0,
        "sellingAndMarketingExpenses": 0,
        "sellingGeneralAndAdministrativeExpenses": 404558000,
        "otherExpenses": 0,
        "operatingExpenses": 404558000,
        "costAndExpenses": 1102640000,
        "interestIncome": 0,
        "interestExpense": 0,
        "depreciationAndAmortization": 20638000,
        "ebitda": 134989000,
        "ebitdaratio": 0.1109202944,
        "operatingIncome": 114351000,
        "operatingIncomeRatio": 0.0939620753,
        "totalOtherIncomeExpensesNet": -4915000,
        "incomeBeforeTax": 109436000,
        "incomeBeforeTaxRatio": 0.0899234259,
        "incomeTaxExpense": 43228000,
        "netIncome": 66208000,
        "netIncomeRatio": 0.0544030317,
        "eps": 0.57,
        "epsdiluted": 0.57,
        "weightedAverageShsOut": 116479000,
        "weightedAverageShsOutDil": 116569000,
        "link": "https://www.sec.gov/Archives/edgar/data/768835/000095015203004335/0000950152-03-004335-index.htm",
        "finalLink": "https://www.sec.gov/Archives/edgar/data/768835/000095015203004335/l00215ae10vk.htm"
    },
    {
        "date": "2002-11-02",
        "symbol": "BIG",
        "reportedCurrency": "USD",
        "cik": "0000768835",
        "fillingDate": "2002-12-16",
        "acceptedDate": "2002-12-16 17:16:02",
        "calendarYear": "2002",
        "period": "Q3",
        "revenue": 868163000,
        "costOfRevenue": 501919000,
        "grossProfit": 366244000,
        "grossProfitRatio": 0.4218608717,
        "researchAndDevelopmentExpenses": 0,
        "generalAndAdministrativeExpenses": 0,
        "sellingAndMarketingExpenses": 0,
        "sellingGeneralAndAdministrativeExpenses": 369160000,
        "otherExpenses": 0,
        "operatingExpenses": 369160000,
        "costAndExpenses": 871079000,
        "interestIncome": 0,
        "interestExpense": 0,
        "depreciationAndAmortization": 20970000,
        "ebitda": 18054000,
        "ebitdaratio": 0.020795634,
        "operatingIncome": -2916000,
        "operatingIncomeRatio": -0.0033588163,
        "totalOtherIncomeExpensesNet": -5474000,
        "incomeBeforeTax": -8390000,
        "incomeBeforeTaxRatio": -0.0096640838,
        "incomeTaxExpense": -3314000,
        "netIncome": -5076000,
        "netIncomeRatio": -0.0058468283,
        "eps": -0.0437,
        "epsdiluted": -0.0437,
        "weightedAverageShsOut": 116120000,
        "weightedAverageShsOutDil": 116120000,
        "link": "https://www.sec.gov/Archives/edgar/data/768835/000095015202009367/0000950152-02-009367-index.htm",
        "finalLink": "https://www.sec.gov/Archives/edgar/data/768835/000095015202009367/l97812ae10vq.htm"
    },
    {
        "date": "2002-08-03",
        "symbol": "BIG",
        "reportedCurrency": "USD",
        "cik": "0000768835",
        "fillingDate": "2002-09-16",
        "acceptedDate": "2002-09-16 17:08:04",
        "calendarYear": "2002",
        "period": "Q2",
        "revenue": 879255000,
        "costOfRevenue": 510993000,
        "grossProfit": 368262000,
        "grossProfitRatio": 0.4188341266,
        "researchAndDevelopmentExpenses": 0,
        "generalAndAdministrativeExpenses": 0,
        "sellingAndMarketingExpenses": 0,
        "sellingGeneralAndAdministrativeExpenses": 358054000,
        "otherExpenses": 0,
        "operatingExpenses": 358054000,
        "costAndExpenses": 869047000,
        "interestIncome": 0,
        "interestExpense": 0,
        "depreciationAndAmortization": 21120000,
        "ebitda": 10208000,
        "ebitdaratio": 0.0116098288,
        "operatingIncome": 10208000,
        "operatingIncomeRatio": 0.0116098288,
        "totalOtherIncomeExpensesNet": -4889000,
        "incomeBeforeTax": 5319000,
        "incomeBeforeTaxRatio": 0.0060494396,
        "incomeTaxExpense": 2101000,
        "netIncome": 3218000,
        "netIncomeRatio": 0.0036599166,
        "eps": 0.03,
        "epsdiluted": 0.03,
        "weightedAverageShsOut": 116019000,
        "weightedAverageShsOutDil": 117466000,
        "link": "https://www.sec.gov/Archives/edgar/data/768835/000095015202007036/0000950152-02-007036-index.htm",
        "finalLink": "https://www.sec.gov/Archives/edgar/data/768835/000095015202007036/l96098ae10vq.htm"
    },
    {
        "date": "2002-05-04",
        "symbol": "BIG",
        "reportedCurrency": "USD",
        "cik": "0000768835",
        "fillingDate": "2002-06-14",
        "acceptedDate": "2002-06-14 16:39:52",
        "calendarYear": "2002",
        "period": "Q1",
        "revenue": 904141000,
        "costOfRevenue": 525639000,
        "grossProfit": 378502000,
        "grossProfitRatio": 0.4186316072,
        "researchAndDevelopmentExpenses": 0,
        "generalAndAdministrativeExpenses": 0,
        "sellingAndMarketingExpenses": 0,
        "sellingGeneralAndAdministrativeExpenses": 353493000,
        "otherExpenses": 0,
        "operatingExpenses": 353493000,
        "costAndExpenses": 879132000,
        "interestIncome": 0,
        "interestExpense": 0,
        "depreciationAndAmortization": 18781000,
        "ebitda": 43790000,
        "ebitdaratio": 0.0484327113,
        "operatingIncome": 25009000,
        "operatingIncomeRatio": 0.0276605087,
        "totalOtherIncomeExpensesNet": -4833000,
        "incomeBeforeTax": 20176000,
        "incomeBeforeTaxRatio": 0.0223151035,
        "incomeTaxExpense": 7969000,
        "netIncome": 12207000,
        "netIncomeRatio": 0.0135012128,
        "eps": 0.11,
        "epsdiluted": 0.11,
        "weightedAverageShsOut": 115175000,
        "weightedAverageShsOutDil": 115538000,
        "link": "https://www.sec.gov/Archives/edgar/data/768835/000095015202004865/0000950152-02-004865-index.htm",
        "finalLink": "https://www.sec.gov/Archives/edgar/data/768835/000095015202004865/l94820ae10vq.htm"
    },
    {
        "date": "2002-02-02",
        "symbol": "BIG",
        "reportedCurrency": "USD",
        "cik": "0000768835",
        "fillingDate": "2002-05-03",
        "acceptedDate": "2002-05-02 20:24:23",
        "calendarYear": "2001",
        "period": "Q4",
        "revenue": 1138214000,
        "costOfRevenue": 727562000,
        "grossProfit": 410652000,
        "grossProfitRatio": 0.3607862845,
        "researchAndDevelopmentExpenses": 0,
        "generalAndAdministrativeExpenses": 0,
        "sellingAndMarketingExpenses": 0,
        "sellingGeneralAndAdministrativeExpenses": 409181000,
        "otherExpenses": 0,
        "operatingExpenses": 409181000,
        "costAndExpenses": 1136743000,
        "interestIncome": 0,
        "interestExpense": 20202000,
        "depreciationAndAmortization": 19570000,
        "ebitda": 21041000,
        "ebitdaratio": 0.0184859789,
        "operatingIncome": 1471000,
        "operatingIncomeRatio": 0.0012923756,
        "totalOtherIncomeExpensesNet": -4692000,
        "incomeBeforeTax": -3221000,
        "incomeBeforeTaxRatio": -0.0028298721,
        "incomeTaxExpense": -1272000,
        "netIncome": 6531000,
        "netIncomeRatio": 0.0057379368,
        "eps": 0.056,
        "epsdiluted": 0.056,
        "weightedAverageShsOut": 115175000,
        "weightedAverageShsOutDil": 115538000,
        "link": "https://www.sec.gov/Archives/edgar/data/768835/000095015202003748/0000950152-02-003748-index.htm",
        "finalLink": "https://www.sec.gov/Archives/edgar/data/768835/000095015202003748/l94122ae10-k.htm"
    },
    {
        "date": "2001-11-03",
        "symbol": "BIG",
        "reportedCurrency": "USD",
        "cik": "0000768835",
        "fillingDate": "2001-12-17",
        "acceptedDate": "2001-12-17 00:00:00",
        "calendarYear": "2001",
        "period": "Q3",
        "revenue": 773106000,
        "costOfRevenue": 456465000,
        "grossProfit": 316641000,
        "grossProfitRatio": 0.4095699684,
        "researchAndDevelopmentExpenses": 0,
        "generalAndAdministrativeExpenses": 0,
        "sellingAndMarketingExpenses": 0,
        "sellingGeneralAndAdministrativeExpenses": 336617000,
        "otherExpenses": 0,
        "operatingExpenses": 336617000,
        "costAndExpenses": 793082000,
        "interestIncome": 0,
        "interestExpense": 900,
        "depreciationAndAmortization": 16773000,
        "ebitda": -3203000,
        "ebitdaratio": -0.0041430283,
        "operatingIncome": -19976000,
        "operatingIncomeRatio": -0.0258386301,
        "totalOtherIncomeExpensesNet": -7072000,
        "incomeBeforeTax": -27048000,
        "incomeBeforeTaxRatio": -0.0349861468,
        "incomeTaxExpense": -10684000,
        "netIncome": -16364000,
        "netIncomeRatio": -0.0211665671,
        "eps": -0.14,
        "epsdiluted": -0.14,
        "weightedAverageShsOut": 113885000,
        "weightedAverageShsOutDil": 113885000,
        "link": "https://www.sec.gov/Archives/edgar/data/768835/000095015201506448/0000950152-01-506448-index.htm",
        "finalLink": "https://www.sec.gov/Archives/edgar/data/768835/000095015201506448/l91878ae10-q.htm"
    },
    {
        "date": "2001-08-04",
        "symbol": "BIG",
        "reportedCurrency": "USD",
        "cik": "0000768835",
        "fillingDate": "2001-09-18",
        "acceptedDate": "2001-09-18 00:00:00",
        "calendarYear": "2001",
        "period": "Q2",
        "revenue": 748380000,
        "costOfRevenue": 448453000,
        "grossProfit": 299927000,
        "grossProfitRatio": 0.4007683263,
        "researchAndDevelopmentExpenses": 0,
        "generalAndAdministrativeExpenses": 0,
        "sellingAndMarketingExpenses": 0,
        "sellingGeneralAndAdministrativeExpenses": 312770000,
        "otherExpenses": 0,
        "operatingExpenses": 312770000,
        "costAndExpenses": 761223000,
        "interestIncome": 0,
        "interestExpense": 0,
        "depreciationAndAmortization": 16933000,
        "ebitda": 4090000,
        "ebitdaratio": 0.005465138,
        "operatingIncome": -12843000,
        "operatingIncomeRatio": -0.0171610679,
        "totalOtherIncomeExpensesNet": -4842000,
        "incomeBeforeTax": -17685000,
        "incomeBeforeTaxRatio": -0.0236310431,
        "incomeTaxExpense": -6986000,
        "netIncome": -10699000,
        "netIncomeRatio": -0.0142962132,
        "eps": -0.0942,
        "epsdiluted": -0.0942,
        "weightedAverageShsOut": 113594000,
        "weightedAverageShsOutDil": 113594000,
        "link": "https://www.sec.gov/Archives/edgar/data/768835/000095015201504547/0000950152-01-504547-index.htm",
        "finalLink": "https://www.sec.gov/Archives/edgar/data/768835/000095015201504547/l90367ae10-q.txt"
    },
    {
        "date": "2001-05-05",
        "symbol": "BIG",
        "reportedCurrency": "USD",
        "cik": "0000768835",
        "fillingDate": "2001-06-15",
        "acceptedDate": "2001-06-15 00:00:00",
        "calendarYear": "2001",
        "period": "Q1",
        "revenue": 773621000,
        "costOfRevenue": 443993000,
        "grossProfit": 329628000,
        "grossProfitRatio": 0.4260846073,
        "researchAndDevelopmentExpenses": 0,
        "generalAndAdministrativeExpenses": 0,
        "sellingAndMarketingExpenses": 0,
        "sellingGeneralAndAdministrativeExpenses": 309829000,
        "otherExpenses": 15710000,
        "operatingExpenses": 325539000,
        "costAndExpenses": 769532000,
        "interestIncome": 0,
        "interestExpense": 0,
        "depreciationAndAmortization": 15710000,
        "ebitda": 19799000,
        "ebitdaratio": 0.0255926352,
        "operatingIncome": 4089000,
        "operatingIncomeRatio": 0.0052855339,
        "totalOtherIncomeExpensesNet": -3596000,
        "incomeBeforeTax": 493000,
        "incomeBeforeTaxRatio": 0.0006372629,
        "incomeTaxExpense": 195000,
        "netIncome": 298000,
        "netIncomeRatio": 0.0003852015,
        "eps": 0.0026,
        "epsdiluted": 0.0026,
        "weightedAverageShsOut": 112823000,
        "weightedAverageShsOutDil": 113238000,
        "link": "https://www.sec.gov/Archives/edgar/data/768835/000095015201502611/0000950152-01-502611-index.htm",
        "finalLink": "https://www.sec.gov/Archives/edgar/data/768835/000095015201502611/l88863ae10-q.htm"
    },
    {
        "date": "2001-02-03",
        "symbol": "BIG",
        "reportedCurrency": "USD",
        "cik": "0000768835",
        "fillingDate": "2001-05-01",
        "acceptedDate": "2001-05-01 00:00:00",
        "calendarYear": "2000",
        "period": "Q4",
        "revenue": 1111936000,
        "costOfRevenue": 625222000,
        "grossProfit": 486714000,
        "grossProfitRatio": 0.4377176384,
        "researchAndDevelopmentExpenses": 0,
        "generalAndAdministrativeExpenses": 0,
        "sellingAndMarketingExpenses": 0,
        "sellingGeneralAndAdministrativeExpenses": 351623000,
        "otherExpenses": 15748000,
        "operatingExpenses": 367371000,
        "costAndExpenses": 992593000,
        "interestIncome": 0,
        "interestExpense": 0,
        "depreciationAndAmortization": 15748000,
        "ebitda": 135091000,
        "ebitdaratio": 0.1214917046,
        "operatingIncome": 119343000,
        "operatingIncomeRatio": 0.1073290189,
        "totalOtherIncomeExpensesNet": -6693000,
        "incomeBeforeTax": 112650000,
        "incomeBeforeTaxRatio": 0.1013097876,
        "incomeTaxExpense": 44497000,
        "netIncome": 95222000,
        "netIncomeRatio": 0.0856362237,
        "eps": 0.84,
        "epsdiluted": 0.84,
        "weightedAverageShsOut": 112823000,
        "weightedAverageShsOutDil": 113238000,
        "link": "https://www.sec.gov/Archives/edgar/data/768835/000095015201501312/0000950152-01-501312-index.htm",
        "finalLink": "https://www.sec.gov/Archives/edgar/data/768835/000095015201501312/l87834ae10-k.htm"
    },
    {
        "date": "2000-10-28",
        "symbol": "BIG",
        "reportedCurrency": "USD",
        "cik": "0000768835",
        "fillingDate": "2000-12-12",
        "acceptedDate": "2000-12-12 20:32:52",
        "calendarYear": "2000",
        "period": "Q3",
        "revenue": 733495000,
        "costOfRevenue": 405030000,
        "grossProfit": 328465000,
        "grossProfitRatio": 0.4478080969,
        "researchAndDevelopmentExpenses": 0,
        "generalAndAdministrativeExpenses": 0,
        "sellingAndMarketingExpenses": 0,
        "sellingGeneralAndAdministrativeExpenses": 293927000,
        "otherExpenses": 15891000,
        "operatingExpenses": 309818000,
        "costAndExpenses": 714848000,
        "interestIncome": 0,
        "interestExpense": 7787000,
        "depreciationAndAmortization": 15891000,
        "ebitda": 34538000,
        "ebitdaratio": 0.0470868922,
        "operatingIncome": 18647000,
        "operatingIncomeRatio": 0.0254221229,
        "totalOtherIncomeExpensesNet": -7787000,
        "incomeBeforeTax": 10860000,
        "incomeBeforeTaxRatio": 0.0148058269,
        "incomeTaxExpense": 4290000,
        "netIncome": -400018000,
        "netIncomeRatio": -0.5453588641,
        "eps": -3.59,
        "epsdiluted": -3.55,
        "weightedAverageShsOut": 111453000,
        "weightedAverageShsOutDil": 112774000,
        "link": "https://www.sec.gov/Archives/edgar/data/768835/000095010900004819/0000950109-00-004819-index.htm",
        "finalLink": "https://www.sec.gov/Archives/edgar/data/768835/000095010900004819/0000950109-00-004819-0001.htm"
    },
    {
        "date": "2000-07-29",
        "symbol": "BIG",
        "reportedCurrency": "USD",
        "cik": "0000768835",
        "fillingDate": "2000-09-12",
        "acceptedDate": "2000-09-12 00:00:00",
        "calendarYear": "2000",
        "period": "Q2",
        "revenue": 708518000,
        "costOfRevenue": 406860000,
        "grossProfit": 301658000,
        "grossProfitRatio": 0.4257591197,
        "researchAndDevelopmentExpenses": 0,
        "generalAndAdministrativeExpenses": 0,
        "sellingAndMarketingExpenses": 0,
        "sellingGeneralAndAdministrativeExpenses": 278243000,
        "otherExpenses": 3148000,
        "operatingExpenses": 281391000,
        "costAndExpenses": 688251000,
        "interestIncome": 0,
        "interestExpense": 0,
        "depreciationAndAmortization": 3148000,
        "ebitda": 23415000,
        "ebitdaratio": 0.0330478548,
        "operatingIncome": 20267000,
        "operatingIncomeRatio": 0.0286047779,
        "totalOtherIncomeExpensesNet": -4934000,
        "incomeBeforeTax": 15333000,
        "incomeBeforeTaxRatio": 0.0216409463,
        "incomeTaxExpense": 6056000,
        "netIncome": -62679000,
        "netIncomeRatio": -0.0884649367,
        "eps": -0.56,
        "epsdiluted": -0.56,
        "weightedAverageShsOut": 111360000,
        "weightedAverageShsOutDil": 112551000,
        "link": "https://www.sec.gov/Archives/edgar/data/768835/000095015200006633/0000950152-00-006633-index.htm",
        "finalLink": "https://www.sec.gov/Archives/edgar/data/768835/000095015200006633/l83772ae10-q.txt"
    },
    {
        "date": "2000-04-29",
        "symbol": "BIG",
        "reportedCurrency": "USD",
        "cik": "0000768835",
        "fillingDate": "2000-06-09",
        "acceptedDate": "2000-06-09 00:00:00",
        "calendarYear": "2000",
        "period": "Q1",
        "revenue": 1004347000,
        "costOfRevenue": 573554000,
        "grossProfit": 430793000,
        "grossProfitRatio": 0.428928448,
        "researchAndDevelopmentExpenses": 0,
        "generalAndAdministrativeExpenses": 0,
        "sellingAndMarketingExpenses": 0,
        "sellingGeneralAndAdministrativeExpenses": 422772000,
        "otherExpenses": 27503000,
        "operatingExpenses": 450275000,
        "costAndExpenses": 1023829000,
        "interestIncome": 0,
        "interestExpense": 0,
        "depreciationAndAmortization": 27503000,
        "ebitda": 8021000,
        "ebitdaratio": 0.0079862836,
        "operatingIncome": -19482000,
        "operatingIncomeRatio": -0.0193976783,
        "totalOtherIncomeExpensesNet": -3533000,
        "incomeBeforeTax": -23019000,
        "incomeBeforeTaxRatio": -0.0229193695,
        "incomeTaxExpense": -9842000,
        "netIncome": -13177000,
        "netIncomeRatio": -0.0131199675,
        "eps": -0.12,
        "epsdiluted": -0.12,
        "weightedAverageShsOut": 111105000,
        "weightedAverageShsOutDil": 112207000,
        "link": "https://www.sec.gov/Archives/edgar/data/768835/000095015200004615/0000950152-00-004615-index.htm",
        "finalLink": "https://www.sec.gov/Archives/edgar/data/768835/000095015200004615/0000950152-00-004615-0001.htm"
    },
    {
        "date": "2000-01-29",
        "symbol": "BIG",
        "reportedCurrency": "USD",
        "cik": "0000768835",
        "fillingDate": "2000-06-28",
        "acceptedDate": "2000-06-28 00:00:00",
        "calendarYear": "1999",
        "period": "Q4",
        "revenue": 1847017000,
        "costOfRevenue": 1064442000,
        "grossProfit": 782575000,
        "grossProfitRatio": 0.4236966958,
        "researchAndDevelopmentExpenses": 0,
        "generalAndAdministrativeExpenses": 0,
        "sellingAndMarketingExpenses": 0,
        "sellingGeneralAndAdministrativeExpenses": 556693000,
        "otherExpenses": 30464000,
        "operatingExpenses": 587157000,
        "costAndExpenses": 1651599000,
        "interestIncome": 0,
        "interestExpense": 0,
        "depreciationAndAmortization": 30464000,
        "ebitda": 225882000,
        "ebitdaratio": 0.1222955717,
        "operatingIncome": 195418000,
        "operatingIncomeRatio": 0.1058019498,
        "totalOtherIncomeExpensesNet": -1387000,
        "incomeBeforeTax": 194031000,
        "incomeBeforeTaxRatio": 0.1050510093,
        "incomeTaxExpense": 74821000,
        "netIncome": 119210000,
        "netIncomeRatio": 0.0645419073,
        "eps": 1.09,
        "epsdiluted": 1.07,
        "weightedAverageShsOut": 109808333,
        "weightedAverageShsOutDil": 111105000,
        "link": "https://www.sec.gov/Archives/edgar/data/768835/000095015200004982/0000950152-00-004982-index.htm",
        "finalLink": "https://www.sec.gov/Archives/edgar/data/768835/000095015200004982/e10-ka.htm"
    },
    {
        "date": "1999-10-30",
        "symbol": "BIG",
        "reportedCurrency": "USD",
        "cik": "0000768835",
        "fillingDate": "1999-12-10",
        "acceptedDate": "1999-12-10 00:00:00",
        "calendarYear": "1999",
        "period": "Q3",
        "revenue": 999600000,
        "costOfRevenue": 560500000,
        "grossProfit": 439100000,
        "grossProfitRatio": 0.4392757103,
        "researchAndDevelopmentExpenses": 0,
        "generalAndAdministrativeExpenses": 0,
        "sellingAndMarketingExpenses": 0,
        "sellingGeneralAndAdministrativeExpenses": 436700000,
        "otherExpenses": 24400000,
        "operatingExpenses": 461100000,
        "costAndExpenses": 1021600000,
        "interestIncome": 0,
        "interestExpense": 0,
        "depreciationAndAmortization": 24400000,
        "ebitda": 2400000,
        "ebitdaratio": 0.0024009604,
        "operatingIncome": -22000000,
        "operatingIncomeRatio": -0.0220088035,
        "totalOtherIncomeExpensesNet": -5900000,
        "incomeBeforeTax": -27200000,
        "incomeBeforeTaxRatio": -0.0272108844,
        "incomeTaxExpense": -12200000,
        "netIncome": -15000000,
        "netIncomeRatio": -0.0150060024,
        "eps": -0.14,
        "epsdiluted": -0.13,
        "weightedAverageShsOut": 107142857,
        "weightedAverageShsOutDil": 115384615,
        "link": "https://www.sec.gov/Archives/edgar/data/768835/000095015299009601/0000950152-99-009601-index.html",
        "finalLink": "https://www.sec.gov/Archives/edgar/data/768835/000095015299009601/"
    },
    {
        "date": "1999-07-31",
        "symbol": "BIG",
        "reportedCurrency": "USD",
        "cik": "0000768835",
        "fillingDate": "1999-09-13",
        "acceptedDate": "1999-09-13 00:00:00",
        "calendarYear": "1999",
        "period": "Q2",
        "revenue": 929800000,
        "costOfRevenue": 520900000,
        "grossProfit": 408900000,
        "grossProfitRatio": 0.439771994,
        "researchAndDevelopmentExpenses": 0,
        "generalAndAdministrativeExpenses": 0,
        "sellingAndMarketingExpenses": 0,
        "sellingGeneralAndAdministrativeExpenses": 386300000,
        "otherExpenses": 24300000,
        "operatingExpenses": 410600000,
        "costAndExpenses": 931500000,
        "interestIncome": 0,
        "interestExpense": 0,
        "depreciationAndAmortization": 24300000,
        "ebitda": 22600000,
        "ebitdaratio": 0.0243063024,
        "operatingIncome": -1700000,
        "operatingIncomeRatio": -0.0018283502,
        "totalOtherIncomeExpensesNet": -3666000,
        "incomeBeforeTax": -7300000,
        "incomeBeforeTaxRatio": -0.0078511508,
        "incomeTaxExpense": -2900000,
        "netIncome": -4400000,
        "netIncomeRatio": -0.0047322005,
        "eps": -0.04,
        "epsdiluted": -0.0388,
        "weightedAverageShsOut": 110123000,
        "weightedAverageShsOutDil": 113389000,
        "link": "https://www.sec.gov/Archives/edgar/data/768835/000095015299007510/0000950152-99-007510-index.html",
        "finalLink": "https://www.sec.gov/Archives/edgar/data/768835/000095015299007510/"
    },
    {
        "date": "1999-05-01",
        "symbol": "BIG",
        "reportedCurrency": "USD",
        "cik": "0000768835",
        "fillingDate": "1999-06-10",
        "acceptedDate": "1999-06-10 00:00:00",
        "calendarYear": "1999",
        "period": "Q1",
        "revenue": 923700000,
        "costOfRevenue": 517200000,
        "grossProfit": 406500000,
        "grossProfitRatio": 0.4400779474,
        "researchAndDevelopmentExpenses": 0,
        "generalAndAdministrativeExpenses": 0,
        "sellingAndMarketingExpenses": 0,
        "sellingGeneralAndAdministrativeExpenses": 386600000,
        "otherExpenses": 21300000,
        "operatingExpenses": 407900000,
        "costAndExpenses": 925100000,
        "interestIncome": 0,
        "interestExpense": 0,
        "depreciationAndAmortization": 21300000,
        "ebitda": 19947000,
        "ebitdaratio": 0.0215946736,
        "operatingIncome": -1400000,
        "operatingIncomeRatio": -0.0015156436,
        "totalOtherIncomeExpensesNet": -4747000,
        "incomeBeforeTax": -6100000,
        "incomeBeforeTaxRatio": -0.0066038757,
        "incomeTaxExpense": -2400000,
        "netIncome": -3700000,
        "netIncomeRatio": -0.0040056295,
        "eps": -0.03,
        "epsdiluted": -0.03,
        "weightedAverageShsOut": 123333333,
        "weightedAverageShsOutDil": 123333333,
        "link": "https://www.sec.gov/Archives/edgar/data/768835/000095015299005187/0000950152-99-005187-index.html",
        "finalLink": "https://www.sec.gov/Archives/edgar/data/768835/000095015299005187/"
    },
    {
        "date": "1999-01-30",
        "symbol": "BIG",
        "reportedCurrency": "USD",
        "cik": "0000768835",
        "fillingDate": "1999-06-24",
        "acceptedDate": "1999-06-24 00:00:00",
        "calendarYear": "1998",
        "period": "Q4",
        "revenue": 1690100000,
        "costOfRevenue": 1005800000,
        "grossProfit": 684300000,
        "grossProfitRatio": 0.4048872848,
        "researchAndDevelopmentExpenses": 0,
        "generalAndAdministrativeExpenses": 0,
        "sellingAndMarketingExpenses": 0,
        "sellingGeneralAndAdministrativeExpenses": 467200000,
        "otherExpenses": 16600000,
        "operatingExpenses": 483800000,
        "costAndExpenses": 1489600000,
        "interestIncome": 0,
        "interestExpense": 0,
        "depreciationAndAmortization": 16600000,
        "ebitda": 217100000,
        "ebitdaratio": 0.1284539376,
        "operatingIncome": 200500000,
        "operatingIncomeRatio": 0.1186320336,
        "totalOtherIncomeExpensesNet": -5800000,
        "incomeBeforeTax": 194700000,
        "incomeBeforeTaxRatio": 0.115200284,
        "incomeTaxExpense": 75900000,
        "netIncome": 106200000,
        "netIncomeRatio": 0.0628365185,
        "eps": 0.86,
        "epsdiluted": 0.86,
        "weightedAverageShsOut": 122172285,
        "weightedAverageShsOutDil": 123333333,
        "link": "https://www.sec.gov/Archives/edgar/data/768835/000095015299005422/0000950152-99-005422-index.html",
        "finalLink": "https://www.sec.gov/Archives/edgar/data/768835/000095015299005422/"
    },
    {
        "date": "1998-10-31",
        "symbol": "BIG",
        "reportedCurrency": "USD",
        "cik": "0000768835",
        "fillingDate": "1998-12-14",
        "acceptedDate": "1998-12-14 00:00:00",
        "calendarYear": "1998",
        "period": "Q3",
        "revenue": 856400000,
        "costOfRevenue": 482400000,
        "grossProfit": 374000000,
        "grossProfitRatio": 0.4367118169,
        "researchAndDevelopmentExpenses": 0,
        "generalAndAdministrativeExpenses": 0,
        "sellingAndMarketingExpenses": 0,
        "sellingGeneralAndAdministrativeExpenses": 371000000,
        "otherExpenses": 21700000,
        "operatingExpenses": 392700000,
        "costAndExpenses": 875100000,
        "interestIncome": 0,
        "interestExpense": 0,
        "depreciationAndAmortization": 21700000,
        "ebitda": 3000000,
        "ebitdaratio": 0.003503036,
        "operatingIncome": -18700000,
        "operatingIncomeRatio": -0.0218355908,
        "totalOtherIncomeExpensesNet": -8700000,
        "incomeBeforeTax": -27400000,
        "incomeBeforeTaxRatio": -0.0319943951,
        "incomeTaxExpense": -10700000,
        "netIncome": -16700000,
        "netIncomeRatio": -0.0195002335,
        "eps": -0.15,
        "epsdiluted": -0.15,
        "weightedAverageShsOut": 111333333,
        "weightedAverageShsOutDil": 111333333,
        "link": "https://www.sec.gov/Archives/edgar/data/768835/000095015298009543/0000950152-98-009543-index.html",
        "finalLink": "https://www.sec.gov/Archives/edgar/data/768835/"
    },
    {
        "date": "1998-08-01",
        "symbol": "BIG",
        "reportedCurrency": "USD",
        "cik": "0000768835",
        "fillingDate": "1998-09-10",
        "acceptedDate": "1998-09-10 00:00:00",
        "calendarYear": "1998",
        "period": "Q2",
        "revenue": 823900000,
        "costOfRevenue": 456800000,
        "grossProfit": 367100000,
        "grossProfitRatio": 0.445563782,
        "researchAndDevelopmentExpenses": 0,
        "generalAndAdministrativeExpenses": 0,
        "sellingAndMarketingExpenses": 0,
        "sellingGeneralAndAdministrativeExpenses": 325900000,
        "otherExpenses": 24800000,
        "operatingExpenses": 350700000,
        "costAndExpenses": 807500000,
        "interestIncome": 0,
        "interestExpense": 0,
        "depreciationAndAmortization": 24800000,
        "ebitda": 41200000,
        "ebitdaratio": 0.0500060687,
        "operatingIncome": 16400000,
        "operatingIncomeRatio": 0.0199053283,
        "totalOtherIncomeExpensesNet": -5800000,
        "incomeBeforeTax": 10600000,
        "incomeBeforeTaxRatio": 0.012865639,
        "incomeTaxExpense": 4100000,
        "netIncome": 6500000,
        "netIncomeRatio": 0.007889307,
        "eps": 0.06,
        "epsdiluted": 0.06,
        "weightedAverageShsOut": 108333333,
        "weightedAverageShsOutDil": 108333333,
        "link": "https://www.sec.gov/Archives/edgar/data/768835/000095015298007493/0000950152-98-007493-index.html",
        "finalLink": "https://www.sec.gov/Archives/edgar/data/768835/"
    },
    {
        "date": "1998-05-02",
        "symbol": "BIG",
        "reportedCurrency": "USD",
        "cik": "0000768835",
        "fillingDate": "1998-06-11",
        "acceptedDate": "1998-06-11 00:00:00",
        "calendarYear": "1998",
        "period": "Q1",
        "revenue": 823300000,
        "costOfRevenue": 462400000,
        "grossProfit": 360900000,
        "grossProfitRatio": 0.4383578283,
        "researchAndDevelopmentExpenses": 0,
        "generalAndAdministrativeExpenses": 0,
        "sellingAndMarketingExpenses": 0,
        "sellingGeneralAndAdministrativeExpenses": 334600000,
        "otherExpenses": 20900000,
        "operatingExpenses": 355500000,
        "costAndExpenses": 817900000,
        "interestIncome": 0,
        "interestExpense": 0,
        "depreciationAndAmortization": 20900000,
        "ebitda": 26300000,
        "ebitdaratio": 0.0319446131,
        "operatingIncome": 5400000,
        "operatingIncomeRatio": 0.00655897,
        "totalOtherIncomeExpensesNet": -4100000,
        "incomeBeforeTax": 1300000,
        "incomeBeforeTaxRatio": 0.0015790113,
        "incomeTaxExpense": 500000,
        "netIncome": 800000,
        "netIncomeRatio": 0.0009716993,
        "eps": 0.01,
        "epsdiluted": 0.01,
        "weightedAverageShsOut": 80000000,
        "weightedAverageShsOutDil": 80000000,
        "link": "https://www.sec.gov/Archives/edgar/data/768835/000095015298005252/0000950152-98-005252-index.html",
        "finalLink": "https://www.sec.gov/Archives/edgar/data/768835/"
    },
    {
        "date": "1998-01-31",
        "symbol": "BIG",
        "reportedCurrency": "USD",
        "cik": "0000768835",
        "fillingDate": "1998-04-22",
        "acceptedDate": "1998-04-22 00:00:00",
        "calendarYear": "1997",
        "period": "Q4",
        "revenue": 2166300000,
        "costOfRevenue": 1295500000,
        "grossProfit": 870800000,
        "grossProfitRatio": 0.401975719,
        "researchAndDevelopmentExpenses": 0,
        "generalAndAdministrativeExpenses": 0,
        "sellingAndMarketingExpenses": 0,
        "sellingGeneralAndAdministrativeExpenses": 616900000,
        "otherExpenses": 35500000,
        "operatingExpenses": 652400000,
        "costAndExpenses": 1947900000,
        "interestIncome": 0,
        "interestExpense": 0,
        "depreciationAndAmortization": 35500000,
        "ebitda": 253900000,
        "ebitdaratio": 0.11720445,
        "operatingIncome": 218400000,
        "operatingIncomeRatio": 0.1008170613,
        "totalOtherIncomeExpensesNet": -50800000,
        "incomeBeforeTax": 167600000,
        "incomeBeforeTaxRatio": 0.077366939,
        "incomeTaxExpense": 78400000,
        "netIncome": 89200000,
        "netIncomeRatio": 0.041176199,
        "eps": 1.11,
        "epsdiluted": 1.11,
        "weightedAverageShsOut": 80000000,
        "weightedAverageShsOutDil": 80000000,
        "link": "https://www.sec.gov/Archives/edgar/data/768835/000095015298003456/0000950152-98-003456-index.html",
        "finalLink": "https://www.sec.gov/Archives/edgar/data/768835/"
    },
    {
        "date": "1997-11-01",
        "symbol": "BIG",
        "reportedCurrency": "USD",
        "cik": "0000768835",
        "fillingDate": "1997-12-12",
        "acceptedDate": "1997-12-12 00:00:00",
        "calendarYear": "1997",
        "period": "Q3",
        "revenue": 669800000,
        "costOfRevenue": 371500000,
        "grossProfit": 298300000,
        "grossProfitRatio": 0.4453568229,
        "researchAndDevelopmentExpenses": 0,
        "generalAndAdministrativeExpenses": 0,
        "sellingAndMarketingExpenses": 0,
        "sellingGeneralAndAdministrativeExpenses": 271600000,
        "otherExpenses": 12900000,
        "operatingExpenses": 284500000,
        "costAndExpenses": 656000000,
        "interestIncome": 0,
        "interestExpense": 0,
        "depreciationAndAmortization": 12900000,
        "ebitda": 48700000,
        "ebitdaratio": 0.0727082711,
        "operatingIncome": 13800000,
        "operatingIncomeRatio": 0.0206031651,
        "totalOtherIncomeExpensesNet": 8500000,
        "incomeBeforeTax": 5200000,
        "incomeBeforeTaxRatio": 0.0077635115,
        "incomeTaxExpense": 2000000,
        "netIncome": 3200000,
        "netIncomeRatio": 0.0047775455,
        "eps": 0.13,
        "epsdiluted": 0.12,
        "weightedAverageShsOut": 104615385,
        "weightedAverageShsOutDil": 104615385,
        "link": "https://www.sec.gov/Archives/edgar/data/768835/000095015297008581/0000950152-97-008581-index.html",
        "finalLink": "https://www.sec.gov/Archives/edgar/data/768835/"
    },
    {
        "date": "1997-08-02",
        "symbol": "BIG",
        "reportedCurrency": "USD",
        "cik": "0000768835",
        "fillingDate": "1997-09-10",
        "acceptedDate": "1997-09-10 00:00:00",
        "calendarYear": "1997",
        "period": "Q2",
        "revenue": 624300000,
        "costOfRevenue": 348400000,
        "grossProfit": 275900000,
        "grossProfitRatio": 0.4419349672,
        "researchAndDevelopmentExpenses": 0,
        "generalAndAdministrativeExpenses": 0,
        "sellingAndMarketingExpenses": 0,
        "sellingGeneralAndAdministrativeExpenses": 251100000,
        "otherExpenses": 15700000,
        "operatingExpenses": 266800000,
        "costAndExpenses": 615200000,
        "interestIncome": 0,
        "interestExpense": 0,
        "depreciationAndAmortization": 15700000,
        "ebitda": 37100000,
        "ebitdaratio": 0.0594265577,
        "operatingIncome": 9100000,
        "operatingIncomeRatio": 0.0145763255,
        "totalOtherIncomeExpensesNet": 600000,
        "incomeBeforeTax": 1300000,
        "incomeBeforeTaxRatio": 0.0020823322,
        "incomeTaxExpense": 500000,
        "netIncome": 800000,
        "netIncomeRatio": 0.0012814352,
        "eps": 0.05,
        "epsdiluted": 0.05,
        "weightedAverageShsOut": 84290000,
        "weightedAverageShsOutDil": 84290000,
        "link": "https://www.sec.gov/Archives/edgar/data/768835/000095015297006498/0000950152-97-006498-index.html",
        "finalLink": "https://www.sec.gov/Archives/edgar/data/768835/"
    },
    {
        "date": "1997-05-03",
        "symbol": "BIG",
        "reportedCurrency": "USD",
        "cik": "0000768835",
        "fillingDate": "1997-06-11",
        "acceptedDate": "1997-06-11 00:00:00",
        "calendarYear": "1997",
        "period": "Q1",
        "revenue": 594900000,
        "costOfRevenue": 340900000,
        "grossProfit": 254000000,
        "grossProfitRatio": 0.4269625147,
        "researchAndDevelopmentExpenses": 0,
        "generalAndAdministrativeExpenses": 0,
        "sellingAndMarketingExpenses": 0,
        "sellingGeneralAndAdministrativeExpenses": 246100000,
        "otherExpenses": 15100000,
        "operatingExpenses": 261200000,
        "costAndExpenses": 602100000,
        "interestIncome": 0,
        "interestExpense": 0,
        "depreciationAndAmortization": 15100000,
        "ebitda": 22100000,
        "ebitdaratio": 0.0371491007,
        "operatingIncome": -7200000,
        "operatingIncomeRatio": -0.0121028744,
        "totalOtherIncomeExpensesNet": 4900000,
        "incomeBeforeTax": -12000000,
        "incomeBeforeTaxRatio": -0.0201714574,
        "incomeTaxExpense": -4700000,
        "netIncome": -7300000,
        "netIncomeRatio": -0.0122709699,
        "eps": -0.0833,
        "epsdiluted": -0.0833,
        "weightedAverageShsOut": 87625000,
        "weightedAverageShsOutDil": 87625000,
        "link": "https://www.sec.gov/Archives/edgar/data/768835/000095015297004434/0000950152-97-004434-index.html",
        "finalLink": "https://www.sec.gov/Archives/edgar/data/768835/"
    },
    {
        "date": "1997-02-01",
        "symbol": "BIG",
        "reportedCurrency": "USD",
        "cik": "0000768835",
        "fillingDate": "1997-04-23",
        "acceptedDate": "1997-04-23 00:00:00",
        "calendarYear": "1996",
        "period": "Q4",
        "revenue": 1136400000,
        "costOfRevenue": 653000000,
        "grossProfit": 483400000,
        "grossProfitRatio": 0.4253783879,
        "researchAndDevelopmentExpenses": 0,
        "generalAndAdministrativeExpenses": 0,
        "sellingAndMarketingExpenses": 0,
        "sellingGeneralAndAdministrativeExpenses": 277700000,
        "otherExpenses": 12300000,
        "operatingExpenses": 290000000,
        "costAndExpenses": 943000000,
        "interestIncome": 0,
        "interestExpense": 0,
        "depreciationAndAmortization": 12300000,
        "ebitda": 205700000,
        "ebitdaratio": 0.1810102077,
        "operatingIncome": 193400000,
        "operatingIncomeRatio": 0.170186554,
        "totalOtherIncomeExpensesNet": -3900000,
        "incomeBeforeTax": 189500000,
        "incomeBeforeTaxRatio": 0.1667546639,
        "incomeTaxExpense": 70100000,
        "netIncome": 91900000,
        "netIncomeRatio": 0.0808694122,
        "eps": 1.54,
        "epsdiluted": 1.54,
        "weightedAverageShsOut": 87625000,
        "weightedAverageShsOutDil": 87625000,
        "link": "https://www.sec.gov/Archives/edgar/data/768835/000095015297003107/0000950152-97-003107-index.html",
        "finalLink": "https://www.sec.gov/Archives/edgar/data/768835/"
    },
    {
        "date": "1996-11-02",
        "symbol": "BIG",
        "reportedCurrency": "USD",
        "cik": "0000768835",
        "fillingDate": "1996-12-11",
        "acceptedDate": "1996-12-11 00:00:00",
        "calendarYear": "1996",
        "period": "Q3",
        "revenue": 616500000,
        "costOfRevenue": 339000000,
        "grossProfit": 277500000,
        "grossProfitRatio": 0.4501216545,
        "researchAndDevelopmentExpenses": 0,
        "generalAndAdministrativeExpenses": 0,
        "sellingAndMarketingExpenses": 0,
        "sellingGeneralAndAdministrativeExpenses": 262200000,
        "otherExpenses": 14500000,
        "operatingExpenses": 276700000,
        "costAndExpenses": 615700000,
        "interestIncome": 0,
        "interestExpense": 0,
        "depreciationAndAmortization": 14500000,
        "ebitda": 21100000,
        "ebitdaratio": 0.0342254663,
        "operatingIncome": 800000,
        "operatingIncomeRatio": 0.001297648,
        "totalOtherIncomeExpensesNet": 800000,
        "incomeBeforeTax": -4800000,
        "incomeBeforeTaxRatio": -0.0077858881,
        "incomeTaxExpense": -1800000,
        "netIncome": -3000000,
        "netIncomeRatio": -0.00486618,
        "eps": -0.029,
        "epsdiluted": -0.029,
        "weightedAverageShsOut": 103333333,
        "weightedAverageShsOutDil": 103333333,
        "link": "https://www.sec.gov/Archives/edgar/data/768835/000095015296006530/0000950152-96-006530-index.html",
        "finalLink": "https://www.sec.gov/Archives/edgar/data/768835/"
    },
    {
        "date": "1996-08-03",
        "symbol": "BIG",
        "reportedCurrency": "USD",
        "cik": "0000768835",
        "fillingDate": "1996-09-13",
        "acceptedDate": "1996-09-13 00:00:00",
        "calendarYear": "1996",
        "period": "Q2",
        "revenue": 551400000,
        "costOfRevenue": 312500000,
        "grossProfit": 238900000,
        "grossProfitRatio": 0.4332607907,
        "researchAndDevelopmentExpenses": 0,
        "generalAndAdministrativeExpenses": 0,
        "sellingAndMarketingExpenses": 0,
        "sellingGeneralAndAdministrativeExpenses": 230600000,
        "otherExpenses": 13400000,
        "operatingExpenses": 244000000,
        "costAndExpenses": 556500000,
        "interestIncome": 0,
        "interestExpense": 0,
        "depreciationAndAmortization": 13400000,
        "ebitda": 13000000,
        "ebitdaratio": 0.0235763511,
        "operatingIncome": -5100000,
        "operatingIncomeRatio": -0.0092491839,
        "totalOtherIncomeExpensesNet": -300000,
        "incomeBeforeTax": -10600000,
        "incomeBeforeTaxRatio": -0.019223794,
        "incomeTaxExpense": -3900000,
        "netIncome": -8600000,
        "netIncomeRatio": -0.015596663,
        "eps": -0.1,
        "epsdiluted": -0.1,
        "weightedAverageShsOut": 86000000,
        "weightedAverageShsOutDil": 86000000,
        "link": "https://www.sec.gov/Archives/edgar/data/768835/000095015296004663/0000950152-96-004663-index.html",
        "finalLink": "https://www.sec.gov/Archives/edgar/data/768835/"
    },
    {
        "date": "1996-05-04",
        "symbol": "BIG",
        "reportedCurrency": "USD",
        "cik": "0000768835",
        "fillingDate": "1996-06-13",
        "acceptedDate": "1996-06-13 00:00:00",
        "calendarYear": "1996",
        "period": "Q1",
        "revenue": 343200000,
        "costOfRevenue": 189600000,
        "grossProfit": 153600000,
        "grossProfitRatio": 0.4475524476,
        "researchAndDevelopmentExpenses": 0,
        "generalAndAdministrativeExpenses": 0,
        "sellingAndMarketingExpenses": 0,
        "sellingGeneralAndAdministrativeExpenses": 138100000,
        "otherExpenses": 8200000,
        "operatingExpenses": 146300000,
        "costAndExpenses": 335900000,
        "interestIncome": 0,
        "interestExpense": 0,
        "depreciationAndAmortization": 8200000,
        "ebitda": 15500000,
        "ebitdaratio": 0.0451631702,
        "operatingIncome": 7300000,
        "operatingIncomeRatio": 0.0212703963,
        "totalOtherIncomeExpensesNet": -1600000,
        "incomeBeforeTax": 5700000,
        "incomeBeforeTaxRatio": 0.0166083916,
        "incomeTaxExpense": 2100000,
        "netIncome": 3600000,
        "netIncomeRatio": 0.0104895105,
        "eps": 0.07,
        "epsdiluted": 0.07,
        "weightedAverageShsOut": 75118000,
        "weightedAverageShsOutDil": 75118000,
        "link": "https://www.sec.gov/Archives/edgar/data/768835/000095015296002937/0000950152-96-002937-index.html",
        "finalLink": "https://www.sec.gov/Archives/edgar/data/768835/"
    },
    {
        "date": "1996-02-03",
        "symbol": "BIG",
        "reportedCurrency": "USD",
        "cik": "0000768835",
        "fillingDate": "1996-05-03",
        "acceptedDate": "1996-05-03 00:00:00",
        "calendarYear": "1995",
        "period": "Q4",
        "revenue": 537900000,
        "costOfRevenue": 299900000,
        "grossProfit": 238000000,
        "grossProfitRatio": 0.4424614241,
        "researchAndDevelopmentExpenses": 0,
        "generalAndAdministrativeExpenses": 0,
        "sellingAndMarketingExpenses": 0,
        "sellingGeneralAndAdministrativeExpenses": 158700000,
        "otherExpenses": 8100000,
        "operatingExpenses": 166800000,
        "costAndExpenses": 466700000,
        "interestIncome": 0,
        "interestExpense": 0,
        "depreciationAndAmortization": 8100000,
        "ebitda": 79300000,
        "ebitdaratio": 0.147425172,
        "operatingIncome": 71200000,
        "operatingIncomeRatio": 0.1323666109,
        "totalOtherIncomeExpensesNet": -4200000,
        "incomeBeforeTax": 67000000,
        "incomeBeforeTaxRatio": 0.1245584681,
        "incomeTaxExpense": 24500000,
        "netIncome": 42500000,
        "netIncomeRatio": 0.0790109686,
        "eps": 0.89,
        "epsdiluted": 0.89,
        "weightedAverageShsOut": 75118000,
        "weightedAverageShsOutDil": 75118000,
        "link": "https://www.sec.gov/Archives/edgar/data/768835/000095015296001984/0000950152-96-001984-index.html",
        "finalLink": "https://www.sec.gov/Archives/edgar/data/768835/"
    },
    {
        "date": "1995-10-28",
        "symbol": "BIG",
        "reportedCurrency": "USD",
        "cik": "0000768835",
        "fillingDate": "1995-12-04",
        "acceptedDate": "1995-12-04 00:00:00",
        "calendarYear": "1995",
        "period": "Q3",
        "revenue": 357600000,
        "costOfRevenue": 195500000,
        "grossProfit": 162100000,
        "grossProfitRatio": 0.4532997763,
        "researchAndDevelopmentExpenses": 0,
        "generalAndAdministrativeExpenses": 0,
        "sellingAndMarketingExpenses": 0,
        "sellingGeneralAndAdministrativeExpenses": 134200000,
        "otherExpenses": 8600000,
        "operatingExpenses": 142800000,
        "costAndExpenses": 338300000,
        "interestIncome": 0,
        "interestExpense": 0,
        "depreciationAndAmortization": 8600000,
        "ebitda": 27900000,
        "ebitdaratio": 0.0780201342,
        "operatingIncome": 19300000,
        "operatingIncomeRatio": 0.0539709172,
        "totalOtherIncomeExpensesNet": -3000000,
        "incomeBeforeTax": 16300000,
        "incomeBeforeTaxRatio": 0.0455816555,
        "incomeTaxExpense": 6200000,
        "netIncome": 10100000,
        "netIncomeRatio": 0.0282438479,
        "eps": 0.14,
        "epsdiluted": 0.14,
        "weightedAverageShsOut": 72142857,
        "weightedAverageShsOutDil": 72142857,
        "link": "https://www.sec.gov/Archives/edgar/data/768835/000095015295002830/0000950152-95-002830-index.html",
        "finalLink": "https://www.sec.gov/Archives/edgar/data/768835/"
    },
    {
        "date": "1995-07-29",
        "symbol": "BIG",
        "reportedCurrency": "USD",
        "cik": "0000768835",
        "fillingDate": "1995-09-07",
        "acceptedDate": "1995-09-07 00:00:00",
        "calendarYear": "1995",
        "period": "Q2",
        "revenue": 325100000,
        "costOfRevenue": 180600000,
        "grossProfit": 144500000,
        "grossProfitRatio": 0.444478622,
        "researchAndDevelopmentExpenses": 0,
        "generalAndAdministrativeExpenses": 0,
        "sellingAndMarketingExpenses": 0,
        "sellingGeneralAndAdministrativeExpenses": 122400000,
        "otherExpenses": 6500000,
        "operatingExpenses": 128900000,
        "costAndExpenses": 309500000,
        "interestIncome": 0,
        "interestExpense": 0,
        "depreciationAndAmortization": 6500000,
        "ebitda": 22100000,
        "ebitdaratio": 0.0679790834,
        "operatingIncome": 15600000,
        "operatingIncomeRatio": 0.0479852353,
        "totalOtherIncomeExpensesNet": -1400000,
        "incomeBeforeTax": 14200000,
        "incomeBeforeTaxRatio": 0.043678868,
        "incomeTaxExpense": 5400000,
        "netIncome": 8800000,
        "netIncomeRatio": 0.0270685943,
        "eps": 0.11,
        "epsdiluted": 0.11,
        "weightedAverageShsOut": 80000000,
        "weightedAverageShsOutDil": 80000000,
        "link": "https://www.sec.gov/Archives/edgar/data/768835/000095015295001991/0000950152-95-001991-index.html",
        "finalLink": "https://www.sec.gov/Archives/edgar/data/768835/"
    },
    {
        "date": "1995-04-29",
        "symbol": "BIG",
        "reportedCurrency": "USD",
        "cik": "0000768835",
        "fillingDate": "1995-06-02",
        "acceptedDate": "1995-06-02 00:00:00",
        "calendarYear": "1995",
        "period": "Q1",
        "revenue": 291800000,
        "costOfRevenue": 162100000,
        "grossProfit": 129700000,
        "grossProfitRatio": 0.4444825223,
        "researchAndDevelopmentExpenses": 0,
        "generalAndAdministrativeExpenses": 0,
        "sellingAndMarketingExpenses": 0,
        "sellingGeneralAndAdministrativeExpenses": 116900000,
        "otherExpenses": 6800000,
        "operatingExpenses": 123700000,
        "costAndExpenses": 285800000,
        "interestIncome": 0,
        "interestExpense": 0,
        "depreciationAndAmortization": 6800000,
        "ebitda": 12800000,
        "ebitdaratio": 0.0438656614,
        "operatingIncome": 6000000,
        "operatingIncomeRatio": 0.0205620288,
        "totalOtherIncomeExpensesNet": -1200000,
        "incomeBeforeTax": 4800000,
        "incomeBeforeTaxRatio": 0.016449623,
        "incomeTaxExpense": 1800000,
        "netIncome": 3000000,
        "netIncomeRatio": 0.0102810144,
        "eps": 0.04,
        "epsdiluted": 0.04,
        "weightedAverageShsOut": 75000000,
        "weightedAverageShsOutDil": 75000000,
        "link": "https://www.sec.gov/Archives/edgar/data/768835/000095015295001181/0000950152-95-001181-index.html",
        "finalLink": "https://www.sec.gov/Archives/edgar/data/768835/"
    },
    {
        "date": "1995-01-28",
        "symbol": "BIG",
        "reportedCurrency": "USD",
        "cik": "0000768835",
        "fillingDate": "1995-06-28",
        "acceptedDate": "1995-06-28 00:00:00",
        "calendarYear": "1994",
        "period": "Q4",
        "revenue": 453400000,
        "costOfRevenue": 250600000,
        "grossProfit": 202800000,
        "grossProfitRatio": 0.4472871637,
        "researchAndDevelopmentExpenses": 0,
        "generalAndAdministrativeExpenses": 0,
        "sellingAndMarketingExpenses": 0,
        "sellingGeneralAndAdministrativeExpenses": 130100000,
        "otherExpenses": 7700000,
        "operatingExpenses": 137800000,
        "costAndExpenses": 388400000,
        "interestIncome": 0,
        "interestExpense": 0,
        "depreciationAndAmortization": 7700000,
        "ebitda": 72700000,
        "ebitdaratio": 0.160344067,
        "operatingIncome": 65000000,
        "operatingIncomeRatio": 0.1433612704,
        "totalOtherIncomeExpensesNet": -2100000,
        "incomeBeforeTax": 62900000,
        "incomeBeforeTaxRatio": 0.1387295986,
        "incomeTaxExpense": 24900000,
        "netIncome": 38000000,
        "netIncomeRatio": 0.0838112042,
        "eps": 0.84,
        "epsdiluted": 0.84,
        "weightedAverageShsOut": 73229000,
        "weightedAverageShsOutDil": 75000000,
        "link": "https://www.sec.gov/Archives/edgar/data/768835/000095015295001396/0000950152-95-001396-index.html",
        "finalLink": "https://www.sec.gov/Archives/edgar/data/768835/"
    },
    {
        "date": "1994-10-29",
        "symbol": "BIG",
        "reportedCurrency": "USD",
        "cik": "0000768835",
        "fillingDate": "1994-12-06",
        "acceptedDate": "1994-12-06 00:00:00",
        "calendarYear": "1994",
        "period": "Q3",
        "revenue": 310100000,
        "costOfRevenue": 168200000,
        "grossProfit": 141900000,
        "grossProfitRatio": 0.4575943244,
        "researchAndDevelopmentExpenses": 0,
        "generalAndAdministrativeExpenses": 0,
        "sellingAndMarketingExpenses": 0,
        "sellingGeneralAndAdministrativeExpenses": 119200000,
        "otherExpenses": 6300000,
        "operatingExpenses": 125500000,
        "costAndExpenses": 293700000,
        "interestIncome": 0,
        "interestExpense": 0,
        "depreciationAndAmortization": 7700000,
        "ebitda": 24100000,
        "ebitdaratio": 0.0777168655,
        "operatingIncome": 16400000,
        "operatingIncomeRatio": 0.0528861658,
        "totalOtherIncomeExpensesNet": -2700000,
        "incomeBeforeTax": 13700000,
        "incomeBeforeTaxRatio": 0.044179297,
        "incomeTaxExpense": 5600000,
        "netIncome": 8100000,
        "netIncomeRatio": 0.0261206063,
        "eps": 0.11,
        "epsdiluted": 0.11,
        "weightedAverageShsOut": 73636364,
        "weightedAverageShsOutDil": 73636364,
        "link": "https://www.sec.gov/Archives/edgar/data/768835/000095015294001212/0000950152-94-001212-index.html",
        "finalLink": "https://www.sec.gov/Archives/edgar/data/768835/"
    },
    {
        "date": "1994-07-31",
        "symbol": "BIG",
        "reportedCurrency": "USD",
        "cik": "0000768835",
        "fillingDate": "1994-09-13",
        "acceptedDate": "1994-09-13 00:00:00",
        "calendarYear": "1994",
        "period": "Q2",
        "revenue": 272800000,
        "costOfRevenue": 149700000,
        "grossProfit": 123100000,
        "grossProfitRatio": 0.4512463343,
        "researchAndDevelopmentExpenses": 0,
        "generalAndAdministrativeExpenses": 0,
        "sellingAndMarketingExpenses": 0,
        "sellingGeneralAndAdministrativeExpenses": 104600000,
        "otherExpenses": 5500000,
        "operatingExpenses": 110100000,
        "costAndExpenses": 259800000,
        "interestIncome": 0,
        "interestExpense": 0,
        "depreciationAndAmortization": 5000000,
        "ebitda": 18300000,
        "ebitdaratio": 0.0670821114,
        "operatingIncome": 13000000,
        "operatingIncomeRatio": 0.0476539589,
        "totalOtherIncomeExpensesNet": -1600000,
        "incomeBeforeTax": 11400000,
        "incomeBeforeTaxRatio": 0.0417888563,
        "incomeTaxExpense": 4700000,
        "netIncome": 6700000,
        "netIncomeRatio": 0.0245601173,
        "eps": 0.09,
        "epsdiluted": 0.09,
        "weightedAverageShsOut": 74444444,
        "weightedAverageShsOutDil": 74444444,
        "link": "https://www.sec.gov/Archives/edgar/data/768835/000095015294000913/0000950152-94-000913-index.html",
        "finalLink": "https://www.sec.gov/Archives/edgar/data/768835/"
    },
    {
        "date": "1994-04-30",
        "symbol": "BIG",
        "reportedCurrency": "USD",
        "cik": "0000768835",
        "fillingDate": "1994-06-10",
        "acceptedDate": "1994-06-10 00:00:00",
        "calendarYear": "1994",
        "period": "Q1",
        "revenue": 242300000,
        "costOfRevenue": 134500000,
        "grossProfit": 107800000,
        "grossProfitRatio": 0.4449030128,
        "researchAndDevelopmentExpenses": 0,
        "generalAndAdministrativeExpenses": 0,
        "sellingAndMarketingExpenses": 0,
        "sellingGeneralAndAdministrativeExpenses": 97500000,
        "otherExpenses": 6100000,
        "operatingExpenses": 103600000,
        "costAndExpenses": 238100000,
        "interestIncome": 0,
        "interestExpense": 0,
        "depreciationAndAmortization": 6100000,
        "ebitda": 10300000,
        "ebitdaratio": 0.042509286,
        "operatingIncome": 4200000,
        "operatingIncomeRatio": 0.0173338836,
        "totalOtherIncomeExpensesNet": -100000,
        "incomeBeforeTax": 4100000,
        "incomeBeforeTaxRatio": 0.0169211721,
        "incomeTaxExpense": 1700000,
        "netIncome": 2400000,
        "netIncomeRatio": 0.0099050764,
        "eps": 0.03,
        "epsdiluted": 0.03,
        "weightedAverageShsOut": 80000000,
        "weightedAverageShsOutDil": 80000000,
        "link": "https://www.sec.gov/Archives/edgar/data/768835/000095015294000596/0000950152-94-000596-index.html",
        "finalLink": "https://www.sec.gov/Archives/edgar/data/768835/"
    },
    {
        "date": "1994-01-31",
        "symbol": "BIG",
        "reportedCurrency": "USD",
        "cik": "0000768835",
        "fillingDate": "1994-04-21",
        "acceptedDate": "1994-04-21 00:00:00",
        "calendarYear": "1993",
        "period": "Q4",
        "revenue": 349600000,
        "costOfRevenue": 188600000,
        "grossProfit": 161000000,
        "grossProfitRatio": 0.4605263158,
        "researchAndDevelopmentExpenses": 0,
        "generalAndAdministrativeExpenses": 0,
        "sellingAndMarketingExpenses": 0,
        "sellingGeneralAndAdministrativeExpenses": 106500000,
        "otherExpenses": 6600000,
        "operatingExpenses": 113100000,
        "costAndExpenses": 301700000,
        "interestIncome": 0,
        "interestExpense": 0,
        "depreciationAndAmortization": 6600000,
        "ebitda": 54500000,
        "ebitdaratio": 0.1558924485,
        "operatingIncome": 47900000,
        "operatingIncomeRatio": 0.13701373,
        "totalOtherIncomeExpensesNet": -700000,
        "incomeBeforeTax": 47200000,
        "incomeBeforeTaxRatio": 0.1350114416,
        "incomeTaxExpense": 18900000,
        "netIncome": 28300000,
        "netIncomeRatio": 0.0809496568,
        "eps": 0.35,
        "epsdiluted": 0.35,
        "weightedAverageShsOut": 80000000,
        "weightedAverageShsOutDil": 80000000,
        "link": "https://www.sec.gov/Archives/edgar/data/768835/000095015294000423/0000950152-94-000423-index.html",
        "finalLink": "https://www.sec.gov/Archives/edgar/data/768835/"
    },
    {
        "date": "1993-10-31",
        "symbol": "BIG",
        "reportedCurrency": "USD",
        "cik": "0000768835",
        "fillingDate": "1993-10-31",
        "acceptedDate": "1993-10-31 00:00:00",
        "calendarYear": "1993",
        "period": "Q3",
        "revenue": 261100000,
        "costOfRevenue": 140300000,
        "grossProfit": 120800000,
        "grossProfitRatio": 0.4626579854,
        "researchAndDevelopmentExpenses": 0,
        "generalAndAdministrativeExpenses": 0,
        "sellingAndMarketingExpenses": 0,
        "sellingGeneralAndAdministrativeExpenses": 102100000,
        "otherExpenses": 5700000,
        "operatingExpenses": 107800000,
        "costAndExpenses": 248100000,
        "interestIncome": 0,
        "interestExpense": 0,
        "depreciationAndAmortization": 6800000,
        "ebitda": 19800000,
        "ebitdaratio": 0.0758330142,
        "operatingIncome": 13000000,
        "operatingIncomeRatio": 0.0497893527,
        "totalOtherIncomeExpensesNet": -1700000,
        "incomeBeforeTax": 11300000,
        "incomeBeforeTaxRatio": 0.0432784374,
        "incomeTaxExpense": 4500000,
        "netIncome": 6800000,
        "netIncomeRatio": 0.0260436614,
        "eps": 0.09,
        "epsdiluted": 0.09,
        "weightedAverageShsOut": 75555556,
        "weightedAverageShsOutDil": 75555556,
        "link": "https://www.sec.gov/Archives/edgar/data/768835/000095015294000643/0000950152-94-000643-index.html",
        "finalLink": "https://www.sec.gov/Archives/edgar/data/768835/"
    },
    {
        "date": "1993-07-31",
        "symbol": "BIG",
        "reportedCurrency": "USD",
        "cik": "0000768835",
        "fillingDate": "1993-07-31",
        "acceptedDate": "1993-07-30 20:00:00",
        "calendarYear": "1993",
        "period": "Q2",
        "revenue": 234400000,
        "costOfRevenue": 126100000,
        "grossProfit": 108300000,
        "grossProfitRatio": 0.4620307167,
        "researchAndDevelopmentExpenses": 0,
        "generalAndAdministrativeExpenses": 0,
        "sellingAndMarketingExpenses": 0,
        "sellingGeneralAndAdministrativeExpenses": 90800000,
        "otherExpenses": 5100000,
        "operatingExpenses": 95900000,
        "costAndExpenses": 222000000,
        "interestIncome": 0,
        "interestExpense": 0,
        "depreciationAndAmortization": 5100000,
        "ebitda": 17500000,
        "ebitdaratio": 0.0746587031,
        "operatingIncome": 12400000,
        "operatingIncomeRatio": 0.0529010239,
        "totalOtherIncomeExpensesNet": -1400000,
        "incomeBeforeTax": 11000000,
        "incomeBeforeTaxRatio": 0.0469283276,
        "incomeTaxExpense": 4400000,
        "netIncome": 6600000,
        "netIncomeRatio": 0.0281569966,
        "eps": 0.09,
        "epsdiluted": 0.09,
        "weightedAverageShsOut": 73333333,
        "weightedAverageShsOutDil": 73333333,
        "link": "",
        "finalLink": ""
    },
    {
        "date": "1993-04-30",
        "symbol": "BIG",
        "reportedCurrency": "USD",
        "cik": "0000768835",
        "fillingDate": "1993-04-30",
        "acceptedDate": "1993-04-29 20:00:00",
        "calendarYear": "1993",
        "period": "Q1",
        "revenue": 210200000,
        "costOfRevenue": 115700000,
        "grossProfit": 94500000,
        "grossProfitRatio": 0.4495718363,
        "researchAndDevelopmentExpenses": 0,
        "generalAndAdministrativeExpenses": 0,
        "sellingAndMarketingExpenses": 0,
        "sellingGeneralAndAdministrativeExpenses": 86600000,
        "otherExpenses": 5200000,
        "operatingExpenses": 91800000,
        "costAndExpenses": 207500000,
        "interestIncome": 0,
        "interestExpense": 0,
        "depreciationAndAmortization": 5200000,
        "ebitda": 7900000,
        "ebitdaratio": 0.037583254,
        "operatingIncome": 2700000,
        "operatingIncomeRatio": 0.0128449096,
        "totalOtherIncomeExpensesNet": -500000,
        "incomeBeforeTax": 2200000,
        "incomeBeforeTaxRatio": 0.0104662226,
        "incomeTaxExpense": 900000,
        "netIncome": 1300000,
        "netIncomeRatio": 0.0061845861,
        "eps": 0.02,
        "epsdiluted": 0.02,
        "weightedAverageShsOut": 65000000,
        "weightedAverageShsOutDil": 65000000,
        "link": "",
        "finalLink": ""
    },
    {
        "date": "1993-01-31",
        "symbol": "BIG",
        "reportedCurrency": "USD",
        "cik": "0000768835",
        "fillingDate": "1993-01-31",
        "acceptedDate": "1993-01-30 19:00:00",
        "calendarYear": "1992",
        "period": "Q4",
        "revenue": 305500000,
        "costOfRevenue": 167900000,
        "grossProfit": 137600000,
        "grossProfitRatio": 0.4504091653,
        "researchAndDevelopmentExpenses": 0,
        "generalAndAdministrativeExpenses": 0,
        "sellingAndMarketingExpenses": 0,
        "sellingGeneralAndAdministrativeExpenses": 92900000,
        "otherExpenses": 5800000,
        "operatingExpenses": 98700000,
        "costAndExpenses": 266600000,
        "interestIncome": 0,
        "interestExpense": 0,
        "depreciationAndAmortization": 5800000,
        "ebitda": 44700000,
        "ebitdaratio": 0.1463175123,
        "operatingIncome": 38900000,
        "operatingIncomeRatio": 0.1273322422,
        "totalOtherIncomeExpensesNet": -800000,
        "incomeBeforeTax": 38100000,
        "incomeBeforeTaxRatio": 0.1247135843,
        "incomeTaxExpense": 14700000,
        "netIncome": 23400000,
        "netIncomeRatio": 0.0765957447,
        "eps": 0.36,
        "epsdiluted": 0.36,
        "weightedAverageShsOut": 65000000,
        "weightedAverageShsOutDil": 65000000,
        "link": "",
        "finalLink": ""
    },
    {
        "date": "1992-10-31",
        "symbol": "BIG",
        "reportedCurrency": "USD",
        "cik": "0000768835",
        "fillingDate": "1992-10-31",
        "acceptedDate": "1992-10-30 19:00:00",
        "calendarYear": "1992",
        "period": "Q3",
        "revenue": 228600000,
        "costOfRevenue": 124400000,
        "grossProfit": 104200000,
        "grossProfitRatio": 0.4558180227,
        "researchAndDevelopmentExpenses": 0,
        "generalAndAdministrativeExpenses": 0,
        "sellingAndMarketingExpenses": 0,
        "sellingGeneralAndAdministrativeExpenses": 90000000,
        "otherExpenses": 4600000,
        "operatingExpenses": 94600000,
        "costAndExpenses": 219000000,
        "interestIncome": 0,
        "interestExpense": 0,
        "depreciationAndAmortization": 5900000,
        "ebitda": 15500000,
        "ebitdaratio": 0.0678040245,
        "operatingIncome": 9600000,
        "operatingIncomeRatio": 0.0419947507,
        "totalOtherIncomeExpensesNet": -1200000,
        "incomeBeforeTax": 8400000,
        "incomeBeforeTaxRatio": 0.0367454068,
        "incomeTaxExpense": 3200000,
        "netIncome": 5200000,
        "netIncomeRatio": 0.0227471566,
        "eps": 0.07,
        "epsdiluted": 0.07,
        "weightedAverageShsOut": 74285714,
        "weightedAverageShsOutDil": 74285714,
        "link": "",
        "finalLink": ""
    },
    {
        "date": "1992-07-31",
        "symbol": "BIG",
        "reportedCurrency": "USD",
        "cik": "0000768835",
        "fillingDate": "1992-07-31",
        "acceptedDate": "1992-07-30 20:00:00",
        "calendarYear": "1992",
        "period": "Q2",
        "revenue": 203200000,
        "costOfRevenue": 112700000,
        "grossProfit": 90500000,
        "grossProfitRatio": 0.4453740157,
        "researchAndDevelopmentExpenses": 0,
        "generalAndAdministrativeExpenses": 0,
        "sellingAndMarketingExpenses": 0,
        "sellingGeneralAndAdministrativeExpenses": 77300000,
        "otherExpenses": 3900000,
        "operatingExpenses": 81200000,
        "costAndExpenses": 193900000,
        "interestIncome": 0,
        "interestExpense": 0,
        "depreciationAndAmortization": 3900000,
        "ebitda": 13200000,
        "ebitdaratio": 0.0649606299,
        "operatingIncome": 9300000,
        "operatingIncomeRatio": 0.0457677165,
        "totalOtherIncomeExpensesNet": -1000000,
        "incomeBeforeTax": 8300000,
        "incomeBeforeTaxRatio": 0.0408464567,
        "incomeTaxExpense": 3200000,
        "netIncome": 5100000,
        "netIncomeRatio": 0.0250984252,
        "eps": 0.07,
        "epsdiluted": 0.07,
        "weightedAverageShsOut": 72857143,
        "weightedAverageShsOutDil": 72857143,
        "link": "",
        "finalLink": ""
    },
    {
        "date": "1992-04-30",
        "symbol": "BIG",
        "reportedCurrency": "USD",
        "cik": "0000768835",
        "fillingDate": "1992-04-30",
        "acceptedDate": "1992-04-29 20:00:00",
        "calendarYear": "1992",
        "period": "Q1",
        "revenue": 192000000,
        "costOfRevenue": 107300000,
        "grossProfit": 84700000,
        "grossProfitRatio": 0.4411458333,
        "researchAndDevelopmentExpenses": 0,
        "generalAndAdministrativeExpenses": 0,
        "sellingAndMarketingExpenses": 0,
        "sellingGeneralAndAdministrativeExpenses": 74400000,
        "otherExpenses": 3900000,
        "operatingExpenses": 78300000,
        "costAndExpenses": 185600000,
        "interestIncome": 0,
        "interestExpense": 0,
        "depreciationAndAmortization": 3900000,
        "ebitda": 10300000,
        "ebitdaratio": 0.0536458333,
        "operatingIncome": 6400000,
        "operatingIncomeRatio": 0.0333333333,
        "totalOtherIncomeExpensesNet": -900000,
        "incomeBeforeTax": 5500000,
        "incomeBeforeTaxRatio": 0.0286458333,
        "incomeTaxExpense": 2100000,
        "netIncome": 3400000,
        "netIncomeRatio": 0.0177083333,
        "eps": 0.05,
        "epsdiluted": 0.05,
        "weightedAverageShsOut": 68000000,
        "weightedAverageShsOutDil": 68000000,
        "link": "",
        "finalLink": ""
    },
    {
        "date": "1992-01-31",
        "symbol": "BIG",
        "reportedCurrency": "USD",
        "cik": "0000768835",
        "fillingDate": "1992-01-31",
        "acceptedDate": "1992-01-30 19:00:00",
        "calendarYear": "1991",
        "period": "Q4",
        "revenue": 250800000,
        "costOfRevenue": 142800000,
        "grossProfit": 108000000,
        "grossProfitRatio": 0.4306220096,
        "researchAndDevelopmentExpenses": 0,
        "generalAndAdministrativeExpenses": 0,
        "sellingAndMarketingExpenses": 0,
        "sellingGeneralAndAdministrativeExpenses": 75100000,
        "otherExpenses": 4200000,
        "operatingExpenses": 79300000,
        "costAndExpenses": 222100000,
        "interestIncome": 0,
        "interestExpense": 0,
        "depreciationAndAmortization": 4200000,
        "ebitda": 32900000,
        "ebitdaratio": 0.1311802233,
        "operatingIncome": 28700000,
        "operatingIncomeRatio": 0.1144338118,
        "totalOtherIncomeExpensesNet": -1400000,
        "incomeBeforeTax": 27300000,
        "incomeBeforeTaxRatio": 0.1088516746,
        "incomeTaxExpense": 10400000,
        "netIncome": 16900000,
        "netIncomeRatio": 0.06738437,
        "eps": 0.25,
        "epsdiluted": 0.25,
        "weightedAverageShsOut": 68000000,
        "weightedAverageShsOutDil": 68000000,
        "link": "",
        "finalLink": ""
    },
    {
        "date": "1991-10-31",
        "symbol": "BIG",
        "reportedCurrency": "USD",
        "cik": "0000768835",
        "fillingDate": "1991-10-31",
        "acceptedDate": "1991-10-30 19:00:00",
        "calendarYear": "1991",
        "period": "Q3",
        "revenue": 186200000,
        "costOfRevenue": 105700000,
        "grossProfit": 80500000,
        "grossProfitRatio": 0.4323308271,
        "researchAndDevelopmentExpenses": 0,
        "generalAndAdministrativeExpenses": 0,
        "sellingAndMarketingExpenses": 0,
        "sellingGeneralAndAdministrativeExpenses": 71800000,
        "otherExpenses": 4000000,
        "operatingExpenses": 75800000,
        "costAndExpenses": 181500000,
        "interestIncome": 0,
        "interestExpense": 0,
        "depreciationAndAmortization": 4300000,
        "ebitda": 9000000,
        "ebitdaratio": 0.0483351235,
        "operatingIncome": 4700000,
        "operatingIncomeRatio": 0.0252416756,
        "totalOtherIncomeExpensesNet": -1800000,
        "incomeBeforeTax": 2900000,
        "incomeBeforeTaxRatio": 0.0155746509,
        "incomeTaxExpense": 1100000,
        "netIncome": 1800000,
        "netIncomeRatio": 0.0096670247,
        "eps": 0.02,
        "epsdiluted": 0.02,
        "weightedAverageShsOut": 90000000,
        "weightedAverageShsOutDil": 90000000,
        "link": "",
        "finalLink": ""
    },
    {
        "date": "1991-07-31",
        "symbol": "BIG",
        "reportedCurrency": "USD",
        "cik": "0000768835",
        "fillingDate": "1991-07-31",
        "acceptedDate": "1991-07-30 20:00:00",
        "calendarYear": "1991",
        "period": "Q2",
        "revenue": 176700000,
        "costOfRevenue": 103600000,
        "grossProfit": 73100000,
        "grossProfitRatio": 0.4136955291,
        "researchAndDevelopmentExpenses": 0,
        "generalAndAdministrativeExpenses": 0,
        "sellingAndMarketingExpenses": 0,
        "sellingGeneralAndAdministrativeExpenses": 64600000,
        "otherExpenses": 3800000,
        "operatingExpenses": 68400000,
        "costAndExpenses": 172000000,
        "interestIncome": 0,
        "interestExpense": 0,
        "depreciationAndAmortization": 3800000,
        "ebitda": 8500000,
        "ebitdaratio": 0.0481041313,
        "operatingIncome": 4700000,
        "operatingIncomeRatio": 0.026598755,
        "totalOtherIncomeExpensesNet": -1200000,
        "incomeBeforeTax": 3500000,
        "incomeBeforeTaxRatio": 0.0198075835,
        "incomeTaxExpense": 1300000,
        "netIncome": 2200000,
        "netIncomeRatio": 0.012450481,
        "eps": 0.03,
        "epsdiluted": 0.03,
        "weightedAverageShsOut": 73333333,
        "weightedAverageShsOutDil": 73333333,
        "link": "",
        "finalLink": ""
    },
    {
        "date": "1991-04-30",
        "symbol": "BIG",
        "reportedCurrency": "USD",
        "cik": "0000768835",
        "fillingDate": "1991-04-30",
        "acceptedDate": "1991-04-29 20:00:00",
        "calendarYear": "1991",
        "period": "Q1",
        "revenue": 157800000,
        "costOfRevenue": 91500000,
        "grossProfit": 66300000,
        "grossProfitRatio": 0.4201520913,
        "researchAndDevelopmentExpenses": 0,
        "generalAndAdministrativeExpenses": 0,
        "sellingAndMarketingExpenses": 0,
        "sellingGeneralAndAdministrativeExpenses": 62300000,
        "otherExpenses": 3800000,
        "operatingExpenses": 66100000,
        "costAndExpenses": 157600000,
        "interestIncome": 0,
        "interestExpense": 0,
        "depreciationAndAmortization": 3800000,
        "ebitda": 4000000,
        "ebitdaratio": 0.0253485425,
        "operatingIncome": 200000,
        "operatingIncomeRatio": 0.0012674271,
        "totalOtherIncomeExpensesNet": -1500000,
        "incomeBeforeTax": -1300000,
        "incomeBeforeTaxRatio": -0.0082382763,
        "incomeTaxExpense": -500000,
        "netIncome": -800000,
        "netIncomeRatio": -0.0050697085,
        "eps": -0.0072,
        "epsdiluted": -0.0072,
        "weightedAverageShsOut": 111540312,
        "weightedAverageShsOutDil": 111540312,
        "link": "",
        "finalLink": ""
    },
    {
        "date": "1991-01-31",
        "symbol": "BIG",
        "reportedCurrency": "USD",
        "cik": "0000768835",
        "fillingDate": "1991-01-31",
        "acceptedDate": "1991-01-30 19:00:00",
        "calendarYear": "1990",
        "period": "Q4",
        "revenue": 213400000,
        "costOfRevenue": 134500000,
        "grossProfit": 78900000,
        "grossProfitRatio": 0.3697282099,
        "researchAndDevelopmentExpenses": 0,
        "generalAndAdministrativeExpenses": 0,
        "sellingAndMarketingExpenses": 0,
        "sellingGeneralAndAdministrativeExpenses": 63200000,
        "otherExpenses": 3700000,
        "operatingExpenses": 66900000,
        "costAndExpenses": 201400000,
        "interestIncome": 0,
        "interestExpense": 0,
        "depreciationAndAmortization": 3700000,
        "ebitda": 15700000,
        "ebitdaratio": 0.0735707591,
        "operatingIncome": 12000000,
        "operatingIncomeRatio": 0.0562324274,
        "totalOtherIncomeExpensesNet": -1400000,
        "incomeBeforeTax": 10600000,
        "incomeBeforeTaxRatio": 0.0496719775,
        "incomeTaxExpense": 3700000,
        "netIncome": 6900000,
        "netIncomeRatio": 0.0323336457,
        "eps": 0.062,
        "epsdiluted": 0.062,
        "weightedAverageShsOut": 111540312,
        "weightedAverageShsOutDil": 111540312,
        "link": "",
        "finalLink": ""
    },
    {
        "date": "1990-10-31",
        "symbol": "BIG",
        "reportedCurrency": "USD",
        "cik": "0000768835",
        "fillingDate": "1990-10-31",
        "acceptedDate": "1990-10-30 19:00:00",
        "calendarYear": "1990",
        "period": "Q3",
        "revenue": 166800000,
        "costOfRevenue": 97300000,
        "grossProfit": 69500000,
        "grossProfitRatio": 0.4166666667,
        "researchAndDevelopmentExpenses": 0,
        "generalAndAdministrativeExpenses": 0,
        "sellingAndMarketingExpenses": 0,
        "sellingGeneralAndAdministrativeExpenses": 62100000,
        "otherExpenses": 3900000,
        "operatingExpenses": 66000000,
        "costAndExpenses": 163300000,
        "interestIncome": 0,
        "interestExpense": 0,
        "depreciationAndAmortization": 3600000,
        "ebitda": 7300000,
        "ebitdaratio": 0.043764988,
        "operatingIncome": 3500000,
        "operatingIncomeRatio": 0.0209832134,
        "totalOtherIncomeExpensesNet": -2700000,
        "incomeBeforeTax": 800000,
        "incomeBeforeTaxRatio": 0.0047961631,
        "incomeTaxExpense": 300000,
        "netIncome": 500000,
        "netIncomeRatio": 0.0029976019,
        "eps": 0.01,
        "epsdiluted": 0.01,
        "weightedAverageShsOut": 50000000,
        "weightedAverageShsOutDil": 50000000,
        "link": "",
        "finalLink": ""
    },
    {
        "date": "1990-07-31",
        "symbol": "BIG",
        "reportedCurrency": "USD",
        "cik": "0000768835",
        "fillingDate": "1990-07-31",
        "acceptedDate": "1990-07-30 20:00:00",
        "calendarYear": "1990",
        "period": "Q2",
        "revenue": 159100000,
        "costOfRevenue": 92200000,
        "grossProfit": 66900000,
        "grossProfitRatio": 0.4204902577,
        "researchAndDevelopmentExpenses": 0,
        "generalAndAdministrativeExpenses": 0,
        "sellingAndMarketingExpenses": 0,
        "sellingGeneralAndAdministrativeExpenses": 59100000,
        "otherExpenses": 4100000,
        "operatingExpenses": 63200000,
        "costAndExpenses": 155400000,
        "interestIncome": 0,
        "interestExpense": 0,
        "depreciationAndAmortization": 4100000,
        "ebitda": 7800000,
        "ebitdaratio": 0.04902577,
        "operatingIncome": 3700000,
        "operatingIncomeRatio": 0.023255814,
        "totalOtherIncomeExpensesNet": -2400000,
        "incomeBeforeTax": 1300000,
        "incomeBeforeTaxRatio": 0.0081709617,
        "incomeTaxExpense": 500000,
        "netIncome": 800000,
        "netIncomeRatio": 0.0050282841,
        "eps": 0.02,
        "epsdiluted": 0.02,
        "weightedAverageShsOut": 74000000,
        "weightedAverageShsOutDil": 74000000,
        "link": "",
        "finalLink": ""
    },
    {
        "date": "1990-04-30",
        "symbol": "BIG",
        "reportedCurrency": "USD",
        "cik": "0000768835",
        "fillingDate": "1990-04-30",
        "acceptedDate": "1990-04-29 20:00:00",
        "calendarYear": "1990",
        "period": "Q1",
        "revenue": 140000000,
        "costOfRevenue": 80500000,
        "grossProfit": 59500000,
        "grossProfitRatio": 0.425,
        "researchAndDevelopmentExpenses": 0,
        "generalAndAdministrativeExpenses": 0,
        "sellingAndMarketingExpenses": 0,
        "sellingGeneralAndAdministrativeExpenses": 59400000,
        "otherExpenses": 4100000,
        "operatingExpenses": 63500000,
        "costAndExpenses": 144000000,
        "interestIncome": 0,
        "interestExpense": 0,
        "depreciationAndAmortization": 4100000,
        "ebitda": 100000,
        "ebitdaratio": 0.0007142857,
        "operatingIncome": -4000000,
        "operatingIncomeRatio": -0.0285714286,
        "totalOtherIncomeExpensesNet": -2100000,
        "incomeBeforeTax": -6100000,
        "incomeBeforeTaxRatio": -0.0435714286,
        "incomeTaxExpense": -2400000,
        "netIncome": -3700000,
        "netIncomeRatio": -0.0264285714,
        "eps": -0.05,
        "epsdiluted": -0.05,
        "weightedAverageShsOut": 74000000,
        "weightedAverageShsOutDil": 74000000,
        "link": "",
        "finalLink": ""
    },
    {
        "date": "1990-01-31",
        "symbol": "BIG",
        "reportedCurrency": "USD",
        "cik": "0000768835",
        "fillingDate": "1990-01-31",
        "acceptedDate": "1990-01-30 19:00:00",
        "calendarYear": "1989",
        "period": "Q4",
        "revenue": 208200000,
        "costOfRevenue": 127400000,
        "grossProfit": 80800000,
        "grossProfitRatio": 0.3880883766,
        "researchAndDevelopmentExpenses": 0,
        "generalAndAdministrativeExpenses": 0,
        "sellingAndMarketingExpenses": 0,
        "sellingGeneralAndAdministrativeExpenses": 67600000,
        "otherExpenses": 4200000,
        "operatingExpenses": 71800000,
        "costAndExpenses": 199200000,
        "interestIncome": 0,
        "interestExpense": 0,
        "depreciationAndAmortization": 4200000,
        "ebitda": 13200000,
        "ebitdaratio": 0.0634005764,
        "operatingIncome": 9000000,
        "operatingIncomeRatio": 0.0432276657,
        "totalOtherIncomeExpensesNet": -19800000,
        "incomeBeforeTax": -10800000,
        "incomeBeforeTaxRatio": -0.0518731988,
        "incomeTaxExpense": -6200000,
        "netIncome": -4600000,
        "netIncomeRatio": -0.0220941402,
        "eps": -0.0647,
        "epsdiluted": -0.0622,
        "weightedAverageShsOut": 71069000,
        "weightedAverageShsOutDil": 74000000,
        "link": "",
        "finalLink": ""
    },
    {
        "date": "1989-10-31",
        "symbol": "BIG",
        "reportedCurrency": "USD",
        "cik": "0000768835",
        "fillingDate": "1989-10-31",
        "acceptedDate": "1989-10-30 19:00:00",
        "calendarYear": "1989",
        "period": "Q3",
        "revenue": 135900000,
        "costOfRevenue": 73100000,
        "grossProfit": 62800000,
        "grossProfitRatio": 0.4621044886,
        "researchAndDevelopmentExpenses": 0,
        "generalAndAdministrativeExpenses": 0,
        "sellingAndMarketingExpenses": 0,
        "sellingGeneralAndAdministrativeExpenses": 58400000,
        "otherExpenses": 3500000,
        "operatingExpenses": 61900000,
        "costAndExpenses": 135000000,
        "interestIncome": 0,
        "interestExpense": 0,
        "depreciationAndAmortization": 3500000,
        "ebitda": 4400000,
        "ebitdaratio": 0.0323767476,
        "operatingIncome": 900000,
        "operatingIncomeRatio": 0.0066225166,
        "totalOtherIncomeExpensesNet": -3000000,
        "incomeBeforeTax": -2100000,
        "incomeBeforeTaxRatio": -0.0154525386,
        "incomeTaxExpense": -800000,
        "netIncome": -1300000,
        "netIncomeRatio": -0.0095658572,
        "eps": -0.02,
        "epsdiluted": -0.02,
        "weightedAverageShsOut": 65000000,
        "weightedAverageShsOutDil": 65000000,
        "link": "",
        "finalLink": ""
    },
    {
        "date": "1989-07-31",
        "symbol": "BIG",
        "reportedCurrency": "USD",
        "cik": "0000768835",
        "fillingDate": "1989-07-31",
        "acceptedDate": "1989-07-30 20:00:00",
        "calendarYear": "1989",
        "period": "Q2",
        "revenue": 133000000,
        "costOfRevenue": 0,
        "grossProfit": 133000000,
        "grossProfitRatio": 1,
        "researchAndDevelopmentExpenses": 0,
        "generalAndAdministrativeExpenses": 0,
        "sellingAndMarketingExpenses": 0,
        "sellingGeneralAndAdministrativeExpenses": 0,
        "otherExpenses": 0,
        "operatingExpenses": 0,
        "costAndExpenses": 0,
        "interestIncome": 0,
        "interestExpense": 0,
        "depreciationAndAmortization": 0,
        "ebitda": 133000000,
        "ebitdaratio": 1,
        "operatingIncome": 133000000,
        "operatingIncomeRatio": 1,
        "totalOtherIncomeExpensesNet": -133000000,
        "incomeBeforeTax": 0,
        "incomeBeforeTaxRatio": 0,
        "incomeTaxExpense": 0,
        "netIncome": 0,
        "netIncomeRatio": 0,
        "eps": 0,
        "epsdiluted": 0,
        "weightedAverageShsOut": 70874000,
        "weightedAverageShsOutDil": 70874000,
        "link": "",
        "finalLink": ""
    },
    {
        "date": "1989-04-30",
        "symbol": "BIG",
        "reportedCurrency": "USD",
        "cik": "0000768835",
        "fillingDate": "1989-04-30",
        "acceptedDate": "1989-04-29 20:00:00",
        "calendarYear": "1989",
        "period": "Q1",
        "revenue": 131600000,
        "costOfRevenue": 0,
        "grossProfit": 131600000,
        "grossProfitRatio": 1,
        "researchAndDevelopmentExpenses": 0,
        "generalAndAdministrativeExpenses": 0,
        "sellingAndMarketingExpenses": 0,
        "sellingGeneralAndAdministrativeExpenses": 0,
        "otherExpenses": 0,
        "operatingExpenses": 0,
        "costAndExpenses": 0,
        "interestIncome": 0,
        "interestExpense": 0,
        "depreciationAndAmortization": 0,
        "ebitda": 131600000,
        "ebitdaratio": 1,
        "operatingIncome": 131600000,
        "operatingIncomeRatio": 1,
        "totalOtherIncomeExpensesNet": -131600000,
        "incomeBeforeTax": 0,
        "incomeBeforeTaxRatio": 0,
        "incomeTaxExpense": 0,
        "netIncome": -1100000,
        "netIncomeRatio": -0.0083586626,
        "eps": -0.02,
        "epsdiluted": -0.02,
        "weightedAverageShsOut": 70761000,
        "weightedAverageShsOutDil": 70761000,
        "link": "",
        "finalLink": ""
    },
    {
        "date": "1989-01-31",
        "symbol": "BIG",
        "reportedCurrency": "USD",
        "cik": "0000768835",
        "fillingDate": "1989-01-31",
        "acceptedDate": "1989-01-30 19:00:00",
        "calendarYear": "1988",
        "period": "Q4",
        "revenue": 215900000,
        "costOfRevenue": 0,
        "grossProfit": 215900000,
        "grossProfitRatio": 1,
        "researchAndDevelopmentExpenses": 0,
        "generalAndAdministrativeExpenses": 0,
        "sellingAndMarketingExpenses": 0,
        "sellingGeneralAndAdministrativeExpenses": 0,
        "otherExpenses": -585000000,
        "operatingExpenses": -585000000,
        "costAndExpenses": -585000000,
        "interestIncome": 0,
        "interestExpense": 0,
        "depreciationAndAmortization": 0,
        "ebitda": -369100000,
        "ebitdaratio": -1.7095877721,
        "operatingIncome": -369100000,
        "operatingIncomeRatio": -1.7095877721,
        "totalOtherIncomeExpensesNet": 369100000,
        "incomeBeforeTax": 0,
        "incomeBeforeTaxRatio": 0,
        "incomeTaxExpense": 0,
        "netIncome": 14100000,
        "netIncomeRatio": 0.065308013,
        "eps": 0.2,
        "epsdiluted": 0.2,
        "weightedAverageShsOut": 70761000,
        "weightedAverageShsOutDil": 70761000,
        "link": "",
        "finalLink": ""
    },
    {
        "date": "1988-10-31",
        "symbol": "BIG",
        "reportedCurrency": "USD",
        "cik": "0000768835",
        "fillingDate": "1988-10-31",
        "acceptedDate": "1988-10-30 19:00:00",
        "calendarYear": "1988",
        "period": "Q3",
        "revenue": 147200000,
        "costOfRevenue": 0,
        "grossProfit": 147200000,
        "grossProfitRatio": 1,
        "researchAndDevelopmentExpenses": 0,
        "generalAndAdministrativeExpenses": 0,
        "sellingAndMarketingExpenses": 0,
        "sellingGeneralAndAdministrativeExpenses": 0,
        "otherExpenses": 0,
        "operatingExpenses": 0,
        "costAndExpenses": 0,
        "interestIncome": 0,
        "interestExpense": 0,
        "depreciationAndAmortization": 0,
        "ebitda": 147200000,
        "ebitdaratio": 1,
        "operatingIncome": 147200000,
        "operatingIncomeRatio": 1,
        "totalOtherIncomeExpensesNet": -147200000,
        "incomeBeforeTax": 0,
        "incomeBeforeTaxRatio": 0,
        "incomeTaxExpense": 0,
        "netIncome": 4100000,
        "netIncomeRatio": 0.0278532609,
        "eps": 0.06,
        "epsdiluted": 0.06,
        "weightedAverageShsOut": 70668000,
        "weightedAverageShsOutDil": 70668000,
        "link": "",
        "finalLink": ""
    },
    {
        "date": "1988-07-31",
        "symbol": "BIG",
        "reportedCurrency": "USD",
        "cik": "0000768835",
        "fillingDate": "1988-07-31",
        "acceptedDate": "1988-07-30 20:00:00",
        "calendarYear": "1988",
        "period": "Q2",
        "revenue": 136200000,
        "costOfRevenue": 0,
        "grossProfit": 136200000,
        "grossProfitRatio": 1,
        "researchAndDevelopmentExpenses": 0,
        "generalAndAdministrativeExpenses": 0,
        "sellingAndMarketingExpenses": 0,
        "sellingGeneralAndAdministrativeExpenses": 0,
        "otherExpenses": 0,
        "operatingExpenses": 0,
        "costAndExpenses": 0,
        "interestIncome": 0,
        "interestExpense": 0,
        "depreciationAndAmortization": 0,
        "ebitda": 136200000,
        "ebitdaratio": 1,
        "operatingIncome": 136200000,
        "operatingIncomeRatio": 1,
        "totalOtherIncomeExpensesNet": -136200000,
        "incomeBeforeTax": 0,
        "incomeBeforeTaxRatio": 0,
        "incomeTaxExpense": 0,
        "netIncome": 3200000,
        "netIncomeRatio": 0.0234948605,
        "eps": 0.05,
        "epsdiluted": 0.05,
        "weightedAverageShsOut": 70639000,
        "weightedAverageShsOutDil": 70639000,
        "link": "",
        "finalLink": ""
    },
    {
        "date": "1988-04-30",
        "symbol": "BIG",
        "reportedCurrency": "USD",
        "cik": "0000768835",
        "fillingDate": "1988-04-30",
        "acceptedDate": "1988-04-29 20:00:00",
        "calendarYear": "1988",
        "period": "Q1",
        "revenue": 127400000,
        "costOfRevenue": 0,
        "grossProfit": 127400000,
        "grossProfitRatio": 1,
        "researchAndDevelopmentExpenses": 0,
        "generalAndAdministrativeExpenses": 0,
        "sellingAndMarketingExpenses": 0,
        "sellingGeneralAndAdministrativeExpenses": 0,
        "otherExpenses": 0,
        "operatingExpenses": 0,
        "costAndExpenses": 0,
        "interestIncome": 0,
        "interestExpense": 0,
        "depreciationAndAmortization": 0,
        "ebitda": 127400000,
        "ebitdaratio": 1,
        "operatingIncome": 127400000,
        "operatingIncomeRatio": 1,
        "totalOtherIncomeExpensesNet": -127400000,
        "incomeBeforeTax": 0,
        "incomeBeforeTaxRatio": 0,
        "incomeTaxExpense": 0,
        "netIncome": 1200000,
        "netIncomeRatio": 0.0094191523,
        "eps": 0.02,
        "epsdiluted": 0.02,
        "weightedAverageShsOut": 70468000,
        "weightedAverageShsOutDil": 70468000,
        "link": "",
        "finalLink": ""
    },
    {
        "date": "1988-01-31",
        "symbol": "BIG",
        "reportedCurrency": "USD",
        "cik": "0000768835",
        "fillingDate": "1988-01-31",
        "acceptedDate": "1988-01-30 19:00:00",
        "calendarYear": "1987",
        "period": "Q4",
        "revenue": 191900000,
        "costOfRevenue": 0,
        "grossProfit": 191900000,
        "grossProfitRatio": 1,
        "researchAndDevelopmentExpenses": 0,
        "generalAndAdministrativeExpenses": 0,
        "sellingAndMarketingExpenses": 0,
        "sellingGeneralAndAdministrativeExpenses": 0,
        "otherExpenses": -564400000,
        "operatingExpenses": -564400000,
        "costAndExpenses": -564400000,
        "interestIncome": 0,
        "interestExpense": 0,
        "depreciationAndAmortization": 0,
        "ebitda": -372500000,
        "ebitdaratio": -1.9411151641,
        "operatingIncome": -372500000,
        "operatingIncomeRatio": -1.9411151641,
        "totalOtherIncomeExpensesNet": 372500000,
        "incomeBeforeTax": 0,
        "incomeBeforeTaxRatio": 0,
        "incomeTaxExpense": 0,
        "netIncome": 9100000,
        "netIncomeRatio": 0.0474205315,
        "eps": 0.12,
        "epsdiluted": 0.12,
        "weightedAverageShsOut": 70468000,
        "weightedAverageShsOutDil": 70468000,
        "link": "",
        "finalLink": ""
    },
    {
        "date": "1987-10-31",
        "symbol": "BIG",
        "reportedCurrency": "USD",
        "cik": "0000768835",
        "fillingDate": "1987-10-31",
        "acceptedDate": "1987-10-30 19:00:00",
        "calendarYear": "1987",
        "period": "Q3",
        "revenue": 144500000,
        "costOfRevenue": 0,
        "grossProfit": 144500000,
        "grossProfitRatio": 1,
        "researchAndDevelopmentExpenses": 0,
        "generalAndAdministrativeExpenses": 0,
        "sellingAndMarketingExpenses": 0,
        "sellingGeneralAndAdministrativeExpenses": 0,
        "otherExpenses": 0,
        "operatingExpenses": 0,
        "costAndExpenses": 0,
        "interestIncome": 0,
        "interestExpense": 0,
        "depreciationAndAmortization": 0,
        "ebitda": 144500000,
        "ebitdaratio": 1,
        "operatingIncome": 144500000,
        "operatingIncomeRatio": 1,
        "totalOtherIncomeExpensesNet": -144500000,
        "incomeBeforeTax": 0,
        "incomeBeforeTaxRatio": 0,
        "incomeTaxExpense": 0,
        "netIncome": 1200000,
        "netIncomeRatio": 0.0083044983,
        "eps": 0.02,
        "epsdiluted": 0.02,
        "weightedAverageShsOut": 70388000,
        "weightedAverageShsOutDil": 70388000,
        "link": "",
        "finalLink": ""
    },
    {
        "date": "1987-07-31",
        "symbol": "BIG",
        "reportedCurrency": "USD",
        "cik": "0000768835",
        "fillingDate": "1987-07-31",
        "acceptedDate": "1987-07-30 20:00:00",
        "calendarYear": "1987",
        "period": "Q2",
        "revenue": 137000000,
        "costOfRevenue": 0,
        "grossProfit": 137000000,
        "grossProfitRatio": 1,
        "researchAndDevelopmentExpenses": 0,
        "generalAndAdministrativeExpenses": 0,
        "sellingAndMarketingExpenses": 0,
        "sellingGeneralAndAdministrativeExpenses": 0,
        "otherExpenses": 0,
        "operatingExpenses": 0,
        "costAndExpenses": 0,
        "interestIncome": 0,
        "interestExpense": 0,
        "depreciationAndAmortization": 0,
        "ebitda": 137000000,
        "ebitdaratio": 1,
        "operatingIncome": 137000000,
        "operatingIncomeRatio": 1,
        "totalOtherIncomeExpensesNet": -137000000,
        "incomeBeforeTax": 0,
        "incomeBeforeTaxRatio": 0,
        "incomeTaxExpense": 0,
        "netIncome": 700000,
        "netIncomeRatio": 0.0051094891,
        "eps": 0.02,
        "epsdiluted": 0.02,
        "weightedAverageShsOut": 70393000,
        "weightedAverageShsOutDil": 70393000,
        "link": "",
        "finalLink": ""
    },
    {
        "date": "1987-04-30",
        "symbol": "BIG",
        "reportedCurrency": "USD",
        "cik": "0000768835",
        "fillingDate": "1987-04-30",
        "acceptedDate": "1987-04-29 20:00:00",
        "calendarYear": "1987",
        "period": "Q1",
        "revenue": 117200000,
        "costOfRevenue": 0,
        "grossProfit": 117200000,
        "grossProfitRatio": 1,
        "researchAndDevelopmentExpenses": 0,
        "generalAndAdministrativeExpenses": 0,
        "sellingAndMarketingExpenses": 0,
        "sellingGeneralAndAdministrativeExpenses": 0,
        "otherExpenses": 0,
        "operatingExpenses": 0,
        "costAndExpenses": 0,
        "interestIncome": 0,
        "interestExpense": 0,
        "depreciationAndAmortization": 0,
        "ebitda": 117200000,
        "ebitdaratio": 1,
        "operatingIncome": 117200000,
        "operatingIncomeRatio": 1,
        "totalOtherIncomeExpensesNet": -117200000,
        "incomeBeforeTax": 0,
        "incomeBeforeTaxRatio": 0,
        "incomeTaxExpense": 0,
        "netIncome": 2000000,
        "netIncomeRatio": 0.0170648464,
        "eps": 0.02,
        "epsdiluted": 0.02,
        "weightedAverageShsOut": 70404000,
        "weightedAverageShsOutDil": 70404000,
        "link": "",
        "finalLink": ""
    },
    {
        "date": "1987-01-31",
        "symbol": "BIG",
        "reportedCurrency": "USD",
        "cik": "0000768835",
        "fillingDate": "1987-01-31",
        "acceptedDate": "1987-01-30 19:00:00",
        "calendarYear": "1986",
        "period": "Q4",
        "revenue": 104000000,
        "costOfRevenue": 0,
        "grossProfit": 104000000,
        "grossProfitRatio": 1,
        "researchAndDevelopmentExpenses": 0,
        "generalAndAdministrativeExpenses": 0,
        "sellingAndMarketingExpenses": 0,
        "sellingGeneralAndAdministrativeExpenses": 0,
        "otherExpenses": -361200000,
        "operatingExpenses": -361200000,
        "costAndExpenses": -361200000,
        "interestIncome": 0,
        "interestExpense": 0,
        "depreciationAndAmortization": 0,
        "ebitda": -257200000,
        "ebitdaratio": -2.4730769231,
        "operatingIncome": -257200000,
        "operatingIncomeRatio": -2.4730769231,
        "totalOtherIncomeExpensesNet": 257200000,
        "incomeBeforeTax": 0,
        "incomeBeforeTaxRatio": 0,
        "incomeTaxExpense": 0,
        "netIncome": 5300000,
        "netIncomeRatio": 0.0509615385,
        "eps": 0.08,
        "epsdiluted": 0.08,
        "weightedAverageShsOut": 70388000,
        "weightedAverageShsOutDil": 70404000,
        "link": "",
        "finalLink": ""
    },
    {
        "date": "1986-10-31",
        "symbol": "BIG",
        "reportedCurrency": "USD",
        "cik": "0000768835",
        "fillingDate": "1986-10-31",
        "acceptedDate": "1986-10-30 19:00:00",
        "calendarYear": "1986",
        "period": "Q3",
        "revenue": 102200000,
        "costOfRevenue": 0,
        "grossProfit": 102200000,
        "grossProfitRatio": 1,
        "researchAndDevelopmentExpenses": 0,
        "generalAndAdministrativeExpenses": 0,
        "sellingAndMarketingExpenses": 0,
        "sellingGeneralAndAdministrativeExpenses": 0,
        "otherExpenses": 0,
        "operatingExpenses": 0,
        "costAndExpenses": 0,
        "interestIncome": 0,
        "interestExpense": 0,
        "depreciationAndAmortization": 0,
        "ebitda": 102200000,
        "ebitdaratio": 1,
        "operatingIncome": 102200000,
        "operatingIncomeRatio": 1,
        "totalOtherIncomeExpensesNet": -102200000,
        "incomeBeforeTax": 0,
        "incomeBeforeTaxRatio": 0,
        "incomeTaxExpense": 0,
        "netIncome": 4700000,
        "netIncomeRatio": 0.0459882583,
        "eps": 0.07,
        "epsdiluted": 0.07,
        "weightedAverageShsOut": 70404000,
        "weightedAverageShsOutDil": 70404000,
        "link": "",
        "finalLink": ""
    },
    {
        "date": "1986-07-31",
        "symbol": "BIG",
        "reportedCurrency": "USD",
        "cik": "0000768835",
        "fillingDate": "1986-07-31",
        "acceptedDate": "1986-07-30 20:00:00",
        "calendarYear": "1986",
        "period": "Q2",
        "revenue": 87100000,
        "costOfRevenue": 0,
        "grossProfit": 87100000,
        "grossProfitRatio": 1,
        "researchAndDevelopmentExpenses": 0,
        "generalAndAdministrativeExpenses": 0,
        "sellingAndMarketingExpenses": 0,
        "sellingGeneralAndAdministrativeExpenses": 0,
        "otherExpenses": 0,
        "operatingExpenses": 0,
        "costAndExpenses": 0,
        "interestIncome": 0,
        "interestExpense": 0,
        "depreciationAndAmortization": 0,
        "ebitda": 87100000,
        "ebitdaratio": 1,
        "operatingIncome": 87100000,
        "operatingIncomeRatio": 1,
        "totalOtherIncomeExpensesNet": -87100000,
        "incomeBeforeTax": 0,
        "incomeBeforeTaxRatio": 0,
        "incomeTaxExpense": 0,
        "netIncome": 4200000,
        "netIncomeRatio": 0.0482204363,
        "eps": 0.06,
        "epsdiluted": 0.06,
        "weightedAverageShsOut": 70404000,
        "weightedAverageShsOutDil": 70404000,
        "link": "",
        "finalLink": ""
    },
    {
        "date": "1986-04-30",
        "symbol": "BIG",
        "reportedCurrency": "USD",
        "cik": "0000768835",
        "fillingDate": "1986-04-30",
        "acceptedDate": "1986-04-29 20:00:00",
        "calendarYear": "1986",
        "period": "Q1",
        "revenue": 103900000,
        "costOfRevenue": 0,
        "grossProfit": 103900000,
        "grossProfitRatio": 1,
        "researchAndDevelopmentExpenses": 0,
        "generalAndAdministrativeExpenses": 0,
        "sellingAndMarketingExpenses": 0,
        "sellingGeneralAndAdministrativeExpenses": 0,
        "otherExpenses": 0,
        "operatingExpenses": 0,
        "costAndExpenses": 0,
        "interestIncome": 0,
        "interestExpense": 0,
        "depreciationAndAmortization": 0,
        "ebitda": 103900000,
        "ebitdaratio": 1,
        "operatingIncome": 103900000,
        "operatingIncomeRatio": 1,
        "totalOtherIncomeExpensesNet": -103900000,
        "incomeBeforeTax": 0,
        "incomeBeforeTaxRatio": 0,
        "incomeTaxExpense": 0,
        "netIncome": 5300000,
        "netIncomeRatio": 0.0510105871,
        "eps": 0.08,
        "epsdiluted": 0.08,
        "weightedAverageShsOut": 70404000,
        "weightedAverageShsOutDil": 70404000,
        "link": "",
        "finalLink": ""
    }
]