[
    {
        "date": "2025-09-30",
        "symbol": "BIO",
        "reportedCurrency": "USD",
        "cik": "0000012208",
        "fillingDate": "2025-10-29",
        "acceptedDate": "2025-10-29 16:18:31",
        "calendarYear": "2025",
        "period": "Q3",
        "revenue": 653000000,
        "costOfRevenue": 309600000,
        "grossProfit": 343400000,
        "grossProfitRatio": 0.5258805513,
        "researchAndDevelopmentExpenses": 71300000,
        "generalAndAdministrativeExpenses": 0,
        "sellingAndMarketingExpenses": 0,
        "sellingGeneralAndAdministrativeExpenses": 206800000,
        "otherExpenses": 0,
        "operatingExpenses": 278100000,
        "costAndExpenses": 587700000,
        "interestIncome": 0,
        "interestExpense": 12300000,
        "depreciationAndAmortization": 34200000,
        "ebitda": -384600000,
        "ebitdaratio": -0.5889739663,
        "operatingIncome": 65300000,
        "operatingIncomeRatio": 0.1,
        "totalOtherIncomeExpensesNet": -496400000,
        "incomeBeforeTax": -431100000,
        "incomeBeforeTaxRatio": -0.6601837672,
        "incomeTaxExpense": 89200000,
        "netIncome": -341900000,
        "netIncomeRatio": -0.5235834609,
        "eps": -12.7,
        "epsdiluted": -12.7,
        "weightedAverageShsOut": 26923000,
        "weightedAverageShsOutDil": 26923000,
        "link": "https://www.sec.gov/Archives/edgar/data/12208/000001220825000077/0000012208-25-000077-index.htm",
        "finalLink": "https://www.sec.gov/Archives/edgar/data/12208/000001220825000077/bio-20250930.htm"
    },
    {
        "date": "2025-06-30",
        "symbol": "BIO",
        "reportedCurrency": "USD",
        "cik": "0000012208",
        "fillingDate": "2025-07-31",
        "acceptedDate": "2025-07-31 16:17:43",
        "calendarYear": "2025",
        "period": "Q2",
        "revenue": 651600000,
        "costOfRevenue": 306300000,
        "grossProfit": 345300000,
        "grossProfitRatio": 0.5299263352,
        "researchAndDevelopmentExpenses": 60500000,
        "generalAndAdministrativeExpenses": 0,
        "sellingAndMarketingExpenses": 0,
        "sellingGeneralAndAdministrativeExpenses": 207700000,
        "otherExpenses": 0,
        "operatingExpenses": 268200000,
        "costAndExpenses": 574500000,
        "interestIncome": 14700000,
        "interestExpense": 12600000,
        "depreciationAndAmortization": 50600000,
        "ebitda": 477200000,
        "ebitdaratio": 0.7323511357,
        "operatingIncome": 77100000,
        "operatingIncomeRatio": 0.1183241252,
        "totalOtherIncomeExpensesNet": 336900000,
        "incomeBeforeTax": 414000000,
        "incomeBeforeTaxRatio": 0.635359116,
        "incomeTaxExpense": 96200000,
        "netIncome": 317800000,
        "netIncomeRatio": 0.4877225292,
        "eps": 11.67,
        "epsdiluted": 11.67,
        "weightedAverageShsOut": 27226000,
        "weightedAverageShsOutDil": 27228000,
        "link": "https://www.sec.gov/Archives/edgar/data/12208/000001220825000052/0000012208-25-000052-index.htm",
        "finalLink": "https://www.sec.gov/Archives/edgar/data/12208/000001220825000052/bio-20250630.htm"
    },
    {
        "date": "2025-03-31",
        "symbol": "BIO",
        "reportedCurrency": "USD",
        "cik": "0000012208",
        "fillingDate": "2025-05-01",
        "acceptedDate": "2025-05-01 16:30:56",
        "calendarYear": "2025",
        "period": "Q1",
        "revenue": 585400000,
        "costOfRevenue": 279400000,
        "grossProfit": 306000000,
        "grossProfitRatio": 0.522719508,
        "researchAndDevelopmentExpenses": 73500000,
        "generalAndAdministrativeExpenses": 0,
        "sellingAndMarketingExpenses": 0,
        "sellingGeneralAndAdministrativeExpenses": 208800000,
        "otherExpenses": 0,
        "operatingExpenses": 282300000,
        "costAndExpenses": 561700000,
        "interestIncome": 36200000,
        "interestExpense": 12000000,
        "depreciationAndAmortization": 38100000,
        "ebitda": 133500000,
        "ebitdaratio": 0.2280491971,
        "operatingIncome": 23700000,
        "operatingIncomeRatio": 0.0404851384,
        "totalOtherIncomeExpensesNet": 59700000,
        "incomeBeforeTax": 83400000,
        "incomeBeforeTaxRatio": 0.1424666894,
        "incomeTaxExpense": 19400000,
        "netIncome": 64000000,
        "netIncomeRatio": 0.1093269559,
        "eps": 2.29,
        "epsdiluted": 2.29,
        "weightedAverageShsOut": 27941000,
        "weightedAverageShsOutDil": 27955000,
        "link": "https://www.sec.gov/Archives/edgar/data/12208/000001220825000026/0000012208-25-000026-index.htm",
        "finalLink": "https://www.sec.gov/Archives/edgar/data/12208/000001220825000026/bio-20250331.htm"
    },
    {
        "date": "2024-12-31",
        "symbol": "BIO",
        "reportedCurrency": "USD",
        "cik": "0000012208",
        "fillingDate": "2025-02-14",
        "acceptedDate": "2025-02-14 16:30:41",
        "calendarYear": "2024",
        "period": "Q4",
        "revenue": 667475000,
        "costOfRevenue": 325563000,
        "grossProfit": 341912000,
        "grossProfitRatio": 0.5122469006,
        "researchAndDevelopmentExpenses": 79624000,
        "generalAndAdministrativeExpenses": 0,
        "sellingAndMarketingExpenses": 0,
        "sellingGeneralAndAdministrativeExpenses": 204000000,
        "otherExpenses": -42000,
        "operatingExpenses": 283582000,
        "costAndExpenses": 609145000,
        "interestIncome": 15900000,
        "interestExpense": 12185000,
        "depreciationAndAmortization": 49300000,
        "ebitda": -847400000,
        "ebitdaratio": -1.2695606577,
        "operatingIncome": 58330000,
        "operatingIncomeRatio": 0.0873890408,
        "totalOtherIncomeExpensesNet": -967230000,
        "incomeBeforeTax": -908900000,
        "incomeBeforeTaxRatio": -1.36169894,
        "incomeTaxExpense": -193100000,
        "netIncome": -715800000,
        "netIncomeRatio": -1.0723997153,
        "eps": -25.57,
        "epsdiluted": -25.57,
        "weightedAverageShsOut": 27997000,
        "weightedAverageShsOutDil": 27997000,
        "link": "https://www.sec.gov/Archives/edgar/data/12208/000001220825000007/0000012208-25-000007-index.htm",
        "finalLink": "https://www.sec.gov/Archives/edgar/data/12208/000001220825000007/bio-20241231.htm"
    },
    {
        "date": "2024-09-30",
        "symbol": "BIO",
        "reportedCurrency": "USD",
        "cik": "0000012208",
        "fillingDate": "2024-10-31",
        "acceptedDate": "2024-10-31 16:14:35",
        "calendarYear": "2024",
        "period": "Q3",
        "revenue": 649729000,
        "costOfRevenue": 293826000,
        "grossProfit": 355903000,
        "grossProfitRatio": 0.5477714555,
        "researchAndDevelopmentExpenses": 90997000,
        "generalAndAdministrativeExpenses": 0,
        "sellingAndMarketingExpenses": 0,
        "sellingGeneralAndAdministrativeExpenses": 200440000,
        "otherExpenses": 0,
        "operatingExpenses": 291437000,
        "costAndExpenses": 585263000,
        "interestIncome": 15500000,
        "interestExpense": 12174000,
        "depreciationAndAmortization": 49100000,
        "ebitda": 922894000,
        "ebitdaratio": 1.4204291328,
        "operatingIncome": 64466000,
        "operatingIncomeRatio": 0.0992198286,
        "totalOtherIncomeExpensesNet": 797154000,
        "incomeBeforeTax": 861620000,
        "incomeBeforeTaxRatio": 1.3261221217,
        "incomeTaxExpense": 208448000,
        "netIncome": 653172000,
        "netIncomeRatio": 1.0052991324,
        "eps": 23.37,
        "epsdiluted": 23.34,
        "weightedAverageShsOut": 27949000,
        "weightedAverageShsOutDil": 27985000,
        "link": "https://www.sec.gov/Archives/edgar/data/12208/000001220824000063/0000012208-24-000063-index.htm",
        "finalLink": "https://www.sec.gov/Archives/edgar/data/12208/000001220824000063/bio-20240930.htm"
    },
    {
        "date": "2024-06-30",
        "symbol": "BIO",
        "reportedCurrency": "USD",
        "cik": "0000012208",
        "fillingDate": "2024-08-02",
        "acceptedDate": "2024-08-02 16:15:19",
        "calendarYear": "2024",
        "period": "Q2",
        "revenue": 638476000,
        "costOfRevenue": 282757000,
        "grossProfit": 355119000,
        "grossProfitRatio": 0.5561978837,
        "researchAndDevelopmentExpenses": 59304000,
        "generalAndAdministrativeExpenses": 0,
        "sellingAndMarketingExpenses": 0,
        "sellingGeneralAndAdministrativeExpenses": 196119000,
        "otherExpenses": -1800000,
        "operatingExpenses": 253623000,
        "costAndExpenses": 538180000,
        "interestIncome": 16600000,
        "interestExpense": 12264000,
        "depreciationAndAmortization": 46600000,
        "ebitda": -2727417000,
        "ebitdaratio": -4.2717611938,
        "operatingIncome": 101496000,
        "operatingIncomeRatio": 0.1589660379,
        "totalOtherIncomeExpensesNet": -2887777000,
        "incomeBeforeTax": -2786281000,
        "incomeBeforeTaxRatio": -4.3639557321,
        "incomeTaxExpense": -620795000,
        "netIncome": -2165486000,
        "netIncomeRatio": -3.3916482374,
        "eps": -76.26,
        "epsdiluted": -76.26,
        "weightedAverageShsOut": 28395000,
        "weightedAverageShsOutDil": 28395000,
        "link": "https://www.sec.gov/Archives/edgar/data/12208/000001220824000052/0000012208-24-000052-index.htm",
        "finalLink": "https://www.sec.gov/Archives/edgar/data/12208/000001220824000052/bio-20240630.htm"
    },
    {
        "date": "2024-03-31",
        "symbol": "BIO",
        "reportedCurrency": "USD",
        "cik": "0000012208",
        "fillingDate": "2024-05-08",
        "acceptedDate": "2024-05-08 16:31:24",
        "calendarYear": "2024",
        "period": "Q1",
        "revenue": 610820000,
        "costOfRevenue": 284354000,
        "grossProfit": 326466000,
        "grossProfitRatio": 0.5344716938,
        "researchAndDevelopmentExpenses": 63975000,
        "generalAndAdministrativeExpenses": 0,
        "sellingAndMarketingExpenses": 0,
        "sellingGeneralAndAdministrativeExpenses": 210483000,
        "otherExpenses": 0,
        "operatingExpenses": 274458000,
        "costAndExpenses": 558812000,
        "interestIncome": 34000000,
        "interestExpense": 12277000,
        "depreciationAndAmortization": 47800000,
        "ebitda": 551155000,
        "ebitdaratio": 0.9023198324,
        "operatingIncome": 52008000,
        "operatingIncomeRatio": 0.0851445598,
        "totalOtherIncomeExpensesNet": 439070000,
        "incomeBeforeTax": 491078000,
        "incomeBeforeTaxRatio": 0.8039651616,
        "incomeTaxExpense": 107162000,
        "netIncome": 383916000,
        "netIncomeRatio": 0.6285255886,
        "eps": 13.46,
        "epsdiluted": 13.45,
        "weightedAverageShsOut": 28518000,
        "weightedAverageShsOutDil": 28537000,
        "link": "https://www.sec.gov/Archives/edgar/data/12208/000001220824000039/0000012208-24-000039-index.htm",
        "finalLink": "https://www.sec.gov/Archives/edgar/data/12208/000001220824000039/bio-20240331.htm"
    },
    {
        "date": "2023-12-31",
        "symbol": "BIO",
        "reportedCurrency": "USD",
        "cik": "0000012208",
        "fillingDate": "2024-02-16",
        "acceptedDate": "2024-02-16 16:31:26",
        "calendarYear": "2023",
        "period": "Q4",
        "revenue": 681184000,
        "costOfRevenue": 315284000,
        "grossProfit": 365900000,
        "grossProfitRatio": 0.5371529572,
        "researchAndDevelopmentExpenses": 62213000,
        "generalAndAdministrativeExpenses": 0,
        "sellingAndMarketingExpenses": 0,
        "sellingGeneralAndAdministrativeExpenses": 205896000,
        "otherExpenses": 0,
        "operatingExpenses": 268109000,
        "costAndExpenses": 583393000,
        "interestIncome": 16800000,
        "interestExpense": 12361000,
        "depreciationAndAmortization": 53000000,
        "ebitda": 493753000,
        "ebitdaratio": 0.7248452694,
        "operatingIncome": 97791000,
        "operatingIncomeRatio": 0.1435603302,
        "totalOtherIncomeExpensesNet": 330601000,
        "incomeBeforeTax": 428392000,
        "incomeBeforeTaxRatio": 0.6288932212,
        "incomeTaxExpense": 78684000,
        "netIncome": 349708000,
        "netIncomeRatio": 0.5133825809,
        "eps": 12.15,
        "epsdiluted": 12.14,
        "weightedAverageShsOut": 28792000,
        "weightedAverageShsOutDil": 28815000,
        "link": "https://www.sec.gov/Archives/edgar/data/12208/000001220824000013/0000012208-24-000013-index.htm",
        "finalLink": "https://www.sec.gov/Archives/edgar/data/12208/000001220824000013/bio-20231231.htm"
    },
    {
        "date": "2023-09-30",
        "symbol": "BIO",
        "reportedCurrency": "USD",
        "cik": "0000012208",
        "fillingDate": "2023-10-27",
        "acceptedDate": "2023-10-27 16:31:15",
        "calendarYear": "2023",
        "period": "Q3",
        "revenue": 632124000,
        "costOfRevenue": 296441000,
        "grossProfit": 335683000,
        "grossProfitRatio": 0.531039796,
        "researchAndDevelopmentExpenses": 43535000,
        "generalAndAdministrativeExpenses": 0,
        "sellingAndMarketingExpenses": 0,
        "sellingGeneralAndAdministrativeExpenses": 201199000,
        "otherExpenses": 0,
        "operatingExpenses": 244734000,
        "costAndExpenses": 541175000,
        "interestIncome": 17300000,
        "interestExpense": 12398000,
        "depreciationAndAmortization": 48100000,
        "ebitda": 197600000,
        "ebitdaratio": 0.3125968955,
        "operatingIncome": 90949000,
        "operatingIncomeRatio": 0.1438784163,
        "totalOtherIncomeExpensesNet": 46153000,
        "incomeBeforeTax": 137102000,
        "incomeBeforeTaxRatio": 0.2168909897,
        "incomeTaxExpense": 30845000,
        "netIncome": 106257000,
        "netIncomeRatio": 0.1680951839,
        "eps": 3.65,
        "epsdiluted": 3.64,
        "weightedAverageShsOut": 29102000,
        "weightedAverageShsOutDil": 29223000,
        "link": "https://www.sec.gov/Archives/edgar/data/12208/000001220823000072/0000012208-23-000072-index.htm",
        "finalLink": "https://www.sec.gov/Archives/edgar/data/12208/000001220823000072/bio-20230930.htm"
    },
    {
        "date": "2023-06-30",
        "symbol": "BIO",
        "reportedCurrency": "USD",
        "cik": "0000012208",
        "fillingDate": "2023-08-04",
        "acceptedDate": "2023-08-04 16:31:06",
        "calendarYear": "2023",
        "period": "Q2",
        "revenue": 681110000,
        "costOfRevenue": 318627000,
        "grossProfit": 362483000,
        "grossProfitRatio": 0.532194506,
        "researchAndDevelopmentExpenses": 65042000,
        "generalAndAdministrativeExpenses": 0,
        "sellingAndMarketingExpenses": 0,
        "sellingGeneralAndAdministrativeExpenses": 207824000,
        "otherExpenses": 0,
        "operatingExpenses": 272866000,
        "costAndExpenses": 591493000,
        "interestIncome": 16500000,
        "interestExpense": 12343000,
        "depreciationAndAmortization": 57600000,
        "ebitda": -1430484000,
        "ebitdaratio": -2.1002246333,
        "operatingIncome": 89617000,
        "operatingIncomeRatio": 0.1315749292,
        "totalOtherIncomeExpensesNet": -1590044000,
        "incomeBeforeTax": -1500427000,
        "incomeBeforeTaxRatio": -2.2029143604,
        "incomeTaxExpense": -338176000,
        "netIncome": -1162251000,
        "netIncomeRatio": -1.7064071883,
        "eps": -39.59,
        "epsdiluted": -39.59,
        "weightedAverageShsOut": 29355000,
        "weightedAverageShsOutDil": 29355000,
        "link": "https://www.sec.gov/Archives/edgar/data/12208/000001220823000063/0000012208-23-000063-index.htm",
        "finalLink": "https://www.sec.gov/Archives/edgar/data/12208/000001220823000063/bio-20230630.htm"
    },
    {
        "date": "2023-03-31",
        "symbol": "BIO",
        "reportedCurrency": "USD",
        "cik": "0000012208",
        "fillingDate": "2023-05-05",
        "acceptedDate": "2023-05-05 16:31:07",
        "calendarYear": "2023",
        "period": "Q1",
        "revenue": 676844000,
        "costOfRevenue": 314427000,
        "grossProfit": 362417000,
        "grossProfitRatio": 0.5354513004,
        "researchAndDevelopmentExpenses": 74951000,
        "generalAndAdministrativeExpenses": 0,
        "sellingAndMarketingExpenses": 0,
        "sellingGeneralAndAdministrativeExpenses": 225553000,
        "otherExpenses": 0,
        "operatingExpenses": 300504000,
        "costAndExpenses": 614931000,
        "interestIncome": 50300000,
        "interestExpense": 12337000,
        "depreciationAndAmortization": 45600000,
        "ebitda": 142766000,
        "ebitdaratio": 0.2109289585,
        "operatingIncome": 61913000,
        "operatingIncomeRatio": 0.0914730721,
        "totalOtherIncomeExpensesNet": 22916000,
        "incomeBeforeTax": 84829000,
        "incomeBeforeTaxRatio": 0.125330209,
        "incomeTaxExpense": 15867000,
        "netIncome": 68962000,
        "netIncomeRatio": 0.1018875841,
        "eps": 2.33,
        "epsdiluted": 2.32,
        "weightedAverageShsOut": 29596000,
        "weightedAverageShsOutDil": 29747000,
        "link": "https://www.sec.gov/Archives/edgar/data/12208/000001220823000047/0000012208-23-000047-index.htm",
        "finalLink": "https://www.sec.gov/Archives/edgar/data/12208/000001220823000047/bio-20230331.htm"
    },
    {
        "date": "2022-12-31",
        "symbol": "BIO",
        "reportedCurrency": "USD",
        "cik": "0000012208",
        "fillingDate": "2023-02-17",
        "acceptedDate": "2023-02-17 17:07:55",
        "calendarYear": "2022",
        "period": "Q4",
        "revenue": 730288000,
        "costOfRevenue": 333191000,
        "grossProfit": 397097000,
        "grossProfitRatio": 0.543753971,
        "researchAndDevelopmentExpenses": 66200000,
        "generalAndAdministrativeExpenses": 0,
        "sellingAndMarketingExpenses": 0,
        "sellingGeneralAndAdministrativeExpenses": 212227000,
        "otherExpenses": 0,
        "operatingExpenses": 278427000,
        "costAndExpenses": 611618000,
        "interestIncome": 12300000,
        "interestExpense": 11683000,
        "depreciationAndAmortization": 50069000,
        "ebitda": 1153034000,
        "ebitdaratio": 1.5788757312,
        "operatingIncome": 118670000,
        "operatingIncomeRatio": 0.1624975352,
        "totalOtherIncomeExpensesNet": 972612000,
        "incomeBeforeTax": 1091282000,
        "incomeBeforeTaxRatio": 1.4943173104,
        "incomeTaxExpense": 263548000,
        "netIncome": 833494000,
        "netIncomeRatio": 1.1413223276,
        "eps": 27.89,
        "epsdiluted": 27.78,
        "weightedAverageShsOut": 29683000,
        "weightedAverageShsOutDil": 29792000,
        "link": "https://www.sec.gov/Archives/edgar/data/12208/000001220823000031/0000012208-23-000031-index.htm",
        "finalLink": "https://www.sec.gov/Archives/edgar/data/12208/000001220823000031/bio-20221231.htm"
    },
    {
        "date": "2022-09-30",
        "symbol": "BIO",
        "reportedCurrency": "USD",
        "cik": "0000012208",
        "fillingDate": "2022-10-28",
        "acceptedDate": "2022-10-28 17:13:50",
        "calendarYear": "2022",
        "period": "Q3",
        "revenue": 680800000,
        "costOfRevenue": 307008000,
        "grossProfit": 373792000,
        "grossProfitRatio": 0.5490481786,
        "researchAndDevelopmentExpenses": 69949000,
        "generalAndAdministrativeExpenses": 0,
        "sellingAndMarketingExpenses": 0,
        "sellingGeneralAndAdministrativeExpenses": 211047000,
        "otherExpenses": 0,
        "operatingExpenses": 280996000,
        "costAndExpenses": 588004000,
        "interestIncome": 8000000,
        "interestExpense": 11663000,
        "depreciationAndAmortization": 34300000,
        "ebitda": -161355000,
        "ebitdaratio": -0.2370079318,
        "operatingIncome": 92796000,
        "operatingIncomeRatio": 0.1363043478,
        "totalOtherIncomeExpensesNet": -301964000,
        "incomeBeforeTax": -209168000,
        "incomeBeforeTaxRatio": -0.3072385429,
        "incomeTaxExpense": -44936000,
        "netIncome": -164232000,
        "netIncomeRatio": -0.2412338425,
        "eps": -5.53,
        "epsdiluted": -5.52,
        "weightedAverageShsOut": 29709489,
        "weightedAverageShsOutDil": 29733000,
        "link": "https://www.sec.gov/Archives/edgar/data/12208/000001220822000071/0000012208-22-000071-index.htm",
        "finalLink": "https://www.sec.gov/Archives/edgar/data/12208/000001220822000071/bio-20220930.htm"
    },
    {
        "date": "2022-06-30",
        "symbol": "BIO",
        "reportedCurrency": "USD",
        "cik": "0000012208",
        "fillingDate": "2022-07-29",
        "acceptedDate": "2022-07-29 16:07:20",
        "calendarYear": "2022",
        "period": "Q2",
        "revenue": 691099000,
        "costOfRevenue": 295118000,
        "grossProfit": 395981000,
        "grossProfitRatio": 0.5729729026,
        "researchAndDevelopmentExpenses": 67034000,
        "generalAndAdministrativeExpenses": 0,
        "sellingAndMarketingExpenses": 0,
        "sellingGeneralAndAdministrativeExpenses": 208730000,
        "otherExpenses": 0,
        "operatingExpenses": 275764000,
        "costAndExpenses": 570882000,
        "interestIncome": 5500000,
        "interestExpense": 10720000,
        "depreciationAndAmortization": 42600000,
        "ebitda": -1169560000,
        "ebitdaratio": -1.6923190455,
        "operatingIncome": 120217000,
        "operatingIncomeRatio": 0.173950476,
        "totalOtherIncomeExpensesNet": -1343097000,
        "incomeBeforeTax": -1222880000,
        "incomeBeforeTaxRatio": -1.7694715229,
        "incomeTaxExpense": -295696000,
        "netIncome": -927184000,
        "netIncomeRatio": -1.3416080764,
        "eps": -31.12,
        "epsdiluted": -31.12,
        "weightedAverageShsOut": 29794000,
        "weightedAverageShsOutDil": 29794000,
        "link": "https://www.sec.gov/Archives/edgar/data/12208/000001220822000046/0000012208-22-000046-index.htm",
        "finalLink": "https://www.sec.gov/Archives/edgar/data/12208/000001220822000046/bio-20220630.htm"
    },
    {
        "date": "2022-03-31",
        "symbol": "BIO",
        "reportedCurrency": "USD",
        "cik": "0000012208",
        "fillingDate": "2022-04-29",
        "acceptedDate": "2022-04-29 16:12:01",
        "calendarYear": "2022",
        "period": "Q1",
        "revenue": 700062000,
        "costOfRevenue": 297427000,
        "grossProfit": 402635000,
        "grossProfitRatio": 0.575141916,
        "researchAndDevelopmentExpenses": 59535000,
        "generalAndAdministrativeExpenses": 0,
        "sellingAndMarketingExpenses": 0,
        "sellingGeneralAndAdministrativeExpenses": 196692000,
        "otherExpenses": 0,
        "operatingExpenses": 256227000,
        "costAndExpenses": 553654000,
        "interestIncome": 32200000,
        "interestExpense": 4048000,
        "depreciationAndAmortization": 33400000,
        "ebitda": -4330584000,
        "ebitdaratio": -6.1860006685,
        "operatingIncome": 146408000,
        "operatingIncomeRatio": 0.2091357623,
        "totalOtherIncomeExpensesNet": -4514440000,
        "incomeBeforeTax": -4368032000,
        "incomeBeforeTaxRatio": -6.2394930735,
        "incomeTaxExpense": -1000685000,
        "netIncome": -3367347000,
        "netIncomeRatio": -4.8100696795,
        "eps": -112.58,
        "epsdiluted": -112.57,
        "weightedAverageShsOut": 29931973,
        "weightedAverageShsOutDil": 29933000,
        "link": "https://www.sec.gov/Archives/edgar/data/12208/000001220822000026/0000012208-22-000026-index.htm",
        "finalLink": "https://www.sec.gov/Archives/edgar/data/12208/000001220822000026/bio-20220331.htm"
    },
    {
        "date": "2021-12-31",
        "symbol": "BIO",
        "reportedCurrency": "USD",
        "cik": "0000012208",
        "fillingDate": "2022-02-11",
        "acceptedDate": "2022-02-11 16:35:56",
        "calendarYear": "2021",
        "period": "Q4",
        "revenue": 732769000,
        "costOfRevenue": 331768000,
        "grossProfit": 401001000,
        "grossProfitRatio": 0.547240672,
        "researchAndDevelopmentExpenses": 69873000,
        "generalAndAdministrativeExpenses": 0,
        "sellingAndMarketingExpenses": 0,
        "sellingGeneralAndAdministrativeExpenses": 224146000,
        "otherExpenses": 0,
        "operatingExpenses": 294019000,
        "costAndExpenses": 625787000,
        "interestIncome": 200000,
        "interestExpense": 364000,
        "depreciationAndAmortization": 33700000,
        "ebitda": -2003991000,
        "ebitdaratio": -2.734819568,
        "operatingIncome": 106982000,
        "operatingIncomeRatio": 0.1459968967,
        "totalOtherIncomeExpensesNet": -2145037000,
        "incomeBeforeTax": -2038055000,
        "incomeBeforeTaxRatio": -2.7813062507,
        "incomeTaxExpense": -464396000,
        "netIncome": -1573659000,
        "netIncomeRatio": -2.1475512747,
        "eps": -52.59,
        "epsdiluted": -52.59,
        "weightedAverageShsOut": 29922000,
        "weightedAverageShsOutDil": 29922000,
        "link": "https://www.sec.gov/Archives/edgar/data/12208/000001220822000011/0000012208-22-000011-index.htm",
        "finalLink": "https://www.sec.gov/Archives/edgar/data/12208/000001220822000011/bio-20211231.htm"
    },
    {
        "date": "2021-09-30",
        "symbol": "BIO",
        "reportedCurrency": "USD",
        "cik": "0000012208",
        "fillingDate": "2021-10-29",
        "acceptedDate": "2021-10-29 16:06:54",
        "calendarYear": "2021",
        "period": "Q3",
        "revenue": 747049000,
        "costOfRevenue": 309614000,
        "grossProfit": 437435000,
        "grossProfitRatio": 0.5855506131,
        "researchAndDevelopmentExpenses": 64481000,
        "generalAndAdministrativeExpenses": 0,
        "sellingAndMarketingExpenses": 0,
        "sellingGeneralAndAdministrativeExpenses": 216150000,
        "otherExpenses": -579000,
        "operatingExpenses": 280631000,
        "costAndExpenses": 590245000,
        "interestIncome": -300000,
        "interestExpense": 426000,
        "depreciationAndAmortization": 43400000,
        "ebitda": 5066052000,
        "ebitdaratio": 6.7814186218,
        "operatingIncome": 156804000,
        "operatingIncomeRatio": 0.2098978782,
        "totalOtherIncomeExpensesNet": 4865422000,
        "incomeBeforeTax": 5022226000,
        "incomeBeforeTaxRatio": 6.722753126,
        "incomeTaxExpense": 1094193000,
        "netIncome": 3928033000,
        "netIncomeRatio": 5.2580660706,
        "eps": 131.75,
        "epsdiluted": 129.96,
        "weightedAverageShsOut": 29814000,
        "weightedAverageShsOutDil": 30224000,
        "link": "https://www.sec.gov/Archives/edgar/data/12208/000001220821000050/0000012208-21-000050-index.htm",
        "finalLink": "https://www.sec.gov/Archives/edgar/data/12208/000001220821000050/bio-20210930.htm"
    },
    {
        "date": "2021-06-30",
        "symbol": "BIO",
        "reportedCurrency": "USD",
        "cik": "0000012208",
        "fillingDate": "2021-07-30",
        "acceptedDate": "2021-07-30 16:33:52",
        "calendarYear": "2021",
        "period": "Q2",
        "revenue": 715931000,
        "costOfRevenue": 314333000,
        "grossProfit": 401598000,
        "grossProfitRatio": 0.560945119,
        "researchAndDevelopmentExpenses": 63391000,
        "generalAndAdministrativeExpenses": 0,
        "sellingAndMarketingExpenses": 0,
        "sellingGeneralAndAdministrativeExpenses": 213425000,
        "otherExpenses": -96000,
        "operatingExpenses": 276816000,
        "costAndExpenses": 591149000,
        "interestIncome": 700000,
        "interestExpense": 363000,
        "depreciationAndAmortization": 43500000,
        "ebitda": 1200638000,
        "ebitdaratio": 1.6770303283,
        "operatingIncome": 124782000,
        "operatingIncomeRatio": 0.1742933327,
        "totalOtherIncomeExpensesNet": 1031993000,
        "incomeBeforeTax": 1156775000,
        "incomeBeforeTaxRatio": 1.6157632509,
        "incomeTaxExpense": 242661000,
        "netIncome": 914114000,
        "netIncomeRatio": 1.2768185761,
        "eps": 30.71,
        "epsdiluted": 30.32,
        "weightedAverageShsOut": 29764000,
        "weightedAverageShsOutDil": 30148000,
        "link": "https://www.sec.gov/Archives/edgar/data/12208/000001220821000039/0000012208-21-000039-index.htm",
        "finalLink": "https://www.sec.gov/Archives/edgar/data/12208/000001220821000039/bio-20210630.htm"
    },
    {
        "date": "2021-03-31",
        "symbol": "BIO",
        "reportedCurrency": "USD",
        "cik": "0000012208",
        "fillingDate": "2021-04-30",
        "acceptedDate": "2021-04-30 16:56:55",
        "calendarYear": "2021",
        "period": "Q1",
        "revenue": 726796000,
        "costOfRevenue": 326169000,
        "grossProfit": 400627000,
        "grossProfitRatio": 0.551223452,
        "researchAndDevelopmentExpenses": 73912000,
        "generalAndAdministrativeExpenses": 0,
        "sellingAndMarketingExpenses": 0,
        "sellingGeneralAndAdministrativeExpenses": 225853000,
        "otherExpenses": 0,
        "operatingExpenses": 299765000,
        "costAndExpenses": 625934000,
        "interestIncome": 18300000,
        "interestExpense": 398000,
        "depreciationAndAmortization": 42500000,
        "ebitda": 1340101000,
        "ebitdaratio": 1.843847517,
        "operatingIncome": 100862000,
        "operatingIncomeRatio": 0.1387762178,
        "totalOtherIncomeExpensesNet": 1196341000,
        "incomeBeforeTax": 1297203000,
        "incomeBeforeTaxRatio": 1.7848240772,
        "incomeTaxExpense": 319789000,
        "netIncome": 977414000,
        "netIncomeRatio": 1.3448257833,
        "eps": 32.77,
        "epsdiluted": 32.38,
        "weightedAverageShsOut": 29823000,
        "weightedAverageShsOutDil": 30186000,
        "link": "https://www.sec.gov/Archives/edgar/data/12208/000001220821000024/0000012208-21-000024-index.htm",
        "finalLink": "https://www.sec.gov/Archives/edgar/data/12208/000001220821000024/bio-20210331.htm"
    },
    {
        "date": "2020-12-31",
        "symbol": "BIO",
        "reportedCurrency": "USD",
        "cik": "0000012208",
        "fillingDate": "2021-02-16",
        "acceptedDate": "2021-02-12 21:00:53",
        "calendarYear": "2020",
        "period": "Q4",
        "revenue": 789839000,
        "costOfRevenue": 329684000,
        "grossProfit": 460155000,
        "grossProfitRatio": 0.5825934146,
        "researchAndDevelopmentExpenses": 65765000,
        "generalAndAdministrativeExpenses": 193692000,
        "sellingAndMarketingExpenses": 25456000,
        "sellingGeneralAndAdministrativeExpenses": 219148000,
        "otherExpenses": 0,
        "operatingExpenses": 284913000,
        "costAndExpenses": 614597000,
        "interestIncome": 3602000,
        "interestExpense": 4703000,
        "depreciationAndAmortization": 36189000,
        "ebitda": 1119436000,
        "ebitdaratio": 1.4172964364,
        "operatingIncome": 175242000,
        "operatingIncomeRatio": 0.2218705331,
        "totalOtherIncomeExpensesNet": 903291000,
        "incomeBeforeTax": 1078533000,
        "incomeBeforeTaxRatio": 1.365509933,
        "incomeTaxExpense": 239431000,
        "netIncome": 839102000,
        "netIncomeRatio": 1.0623709389,
        "eps": 28.13,
        "epsdiluted": 27.81,
        "weightedAverageShsOut": 29833000,
        "weightedAverageShsOutDil": 30170000,
        "link": "https://www.sec.gov/Archives/edgar/data/12208/000001220821000012/0000012208-21-000012-index.htm",
        "finalLink": "https://www.sec.gov/Archives/edgar/data/12208/000001220821000012/bio-20201231.htm"
    },
    {
        "date": "2020-09-30",
        "symbol": "BIO",
        "reportedCurrency": "USD",
        "cik": "0000012208",
        "fillingDate": "2020-10-30",
        "acceptedDate": "2020-10-30 16:34:16",
        "calendarYear": "2020",
        "period": "Q3",
        "revenue": 647263000,
        "costOfRevenue": 279952000,
        "grossProfit": 367311000,
        "grossProfitRatio": 0.5674833877,
        "researchAndDevelopmentExpenses": 59546000,
        "generalAndAdministrativeExpenses": 0,
        "sellingAndMarketingExpenses": 0,
        "sellingGeneralAndAdministrativeExpenses": 198165000,
        "otherExpenses": 1015000,
        "operatingExpenses": 257711000,
        "costAndExpenses": 537663000,
        "interestIncome": 1800000,
        "interestExpense": 5728000,
        "depreciationAndAmortization": 33600000,
        "ebitda": 1723789000,
        "ebitdaratio": 2.6631971857,
        "operatingIncome": 109600000,
        "operatingIncomeRatio": 0.1693283874,
        "totalOtherIncomeExpensesNet": 1574861000,
        "incomeBeforeTax": 1684461000,
        "incomeBeforeTaxRatio": 2.602436722,
        "incomeTaxExpense": 369637000,
        "netIncome": 1314824000,
        "netIncomeRatio": 2.0313597409,
        "eps": 44.24,
        "epsdiluted": 43.64,
        "weightedAverageShsOut": 29721000,
        "weightedAverageShsOutDil": 30128000,
        "link": "https://www.sec.gov/Archives/edgar/data/12208/000001220820000055/0000012208-20-000055-index.htm",
        "finalLink": "https://www.sec.gov/Archives/edgar/data/12208/000001220820000055/bio-20200930.htm"
    },
    {
        "date": "2020-06-30",
        "symbol": "BIO",
        "reportedCurrency": "USD",
        "cik": "0000012208",
        "fillingDate": "2020-07-31",
        "acceptedDate": "2020-07-31 16:01:46",
        "calendarYear": "2020",
        "period": "Q2",
        "revenue": 536880000,
        "costOfRevenue": 243892000,
        "grossProfit": 292988000,
        "grossProfitRatio": 0.5457234391,
        "researchAndDevelopmentExpenses": 51984000,
        "generalAndAdministrativeExpenses": 0,
        "sellingAndMarketingExpenses": 0,
        "sellingGeneralAndAdministrativeExpenses": 189262000,
        "otherExpenses": 0,
        "operatingExpenses": 241246000,
        "costAndExpenses": 485138000,
        "interestIncome": 10000000,
        "interestExpense": 5740000,
        "depreciationAndAmortization": 34700000,
        "ebitda": 1286385000,
        "ebitdaratio": 2.3960382208,
        "operatingIncome": 51742000,
        "operatingIncomeRatio": 0.0963753539,
        "totalOtherIncomeExpensesNet": 1194203000,
        "incomeBeforeTax": 1245945000,
        "incomeBeforeTaxRatio": 2.3207141261,
        "incomeTaxExpense": 279516000,
        "netIncome": 966429000,
        "netIncomeRatio": 1.8000838176,
        "eps": 32.59,
        "epsdiluted": 32.15,
        "weightedAverageShsOut": 29652000,
        "weightedAverageShsOutDil": 30058000,
        "link": "https://www.sec.gov/Archives/edgar/data/12208/000001220820000039/0000012208-20-000039-index.htm",
        "finalLink": "https://www.sec.gov/Archives/edgar/data/12208/000001220820000039/bio-20200630.htm"
    },
    {
        "date": "2020-03-31",
        "symbol": "BIO",
        "reportedCurrency": "USD",
        "cik": "0000012208",
        "fillingDate": "2020-05-08",
        "acceptedDate": "2020-05-07 21:55:32",
        "calendarYear": "2020",
        "period": "Q1",
        "revenue": 571644000,
        "costOfRevenue": 254276000,
        "grossProfit": 317368000,
        "grossProfitRatio": 0.5551846954,
        "researchAndDevelopmentExpenses": 49303000,
        "generalAndAdministrativeExpenses": 193692000,
        "sellingAndMarketingExpenses": 0,
        "sellingGeneralAndAdministrativeExpenses": 193692000,
        "otherExpenses": 0,
        "operatingExpenses": 242995000,
        "costAndExpenses": 497271000,
        "interestIncome": 2800000,
        "interestExpense": 5690000,
        "depreciationAndAmortization": 33591000,
        "ebitda": 937989000,
        "ebitdaratio": 1.640862145,
        "operatingIncome": 74373000,
        "operatingIncomeRatio": 0.1301037009,
        "totalOtherIncomeExpensesNet": 824326000,
        "incomeBeforeTax": 898699000,
        "incomeBeforeTaxRatio": 1.5721305568,
        "incomeTaxExpense": 212787000,
        "netIncome": 685912000,
        "netIncomeRatio": 1.1998936401,
        "eps": 22.97,
        "epsdiluted": 22.72,
        "weightedAverageShsOut": 29865000,
        "weightedAverageShsOutDil": 30196000,
        "link": "https://www.sec.gov/Archives/edgar/data/12208/000001220820000022/0000012208-20-000022-index.htm",
        "finalLink": "https://www.sec.gov/Archives/edgar/data/12208/000001220820000022/a10q33120.htm"
    },
    {
        "date": "2019-12-31",
        "symbol": "BIO",
        "reportedCurrency": "USD",
        "cik": "0000012208",
        "fillingDate": "2020-03-02",
        "acceptedDate": "2020-03-02 07:53:45",
        "calendarYear": "2019",
        "period": "Q4",
        "revenue": 624428000,
        "costOfRevenue": 293989000,
        "grossProfit": 330439000,
        "grossProfitRatio": 0.5291867117,
        "researchAndDevelopmentExpenses": 57069000,
        "generalAndAdministrativeExpenses": 214165000,
        "sellingAndMarketingExpenses": 0,
        "sellingGeneralAndAdministrativeExpenses": 214165000,
        "otherExpenses": -865000,
        "operatingExpenses": 271234000,
        "costAndExpenses": 565223000,
        "interestIncome": 3100000,
        "interestExpense": 6064000,
        "depreciationAndAmortization": 3373000,
        "ebitda": 749094000,
        "ebitdaratio": 1.1996483181,
        "operatingIncome": 59205000,
        "operatingIncomeRatio": 0.0948147745,
        "totalOtherIncomeExpensesNet": 640225000,
        "incomeBeforeTax": 699430000,
        "incomeBeforeTaxRatio": 1.1201131275,
        "incomeTaxExpense": 145944000,
        "netIncome": 553486000,
        "netIncomeRatio": 0.8863888231,
        "eps": 18.5,
        "epsdiluted": 18.31,
        "weightedAverageShsOut": 29924000,
        "weightedAverageShsOutDil": 30221000,
        "link": "https://www.sec.gov/Archives/edgar/data/12208/000001220820000012/0000012208-20-000012-index.htm",
        "finalLink": "https://www.sec.gov/Archives/edgar/data/12208/000001220820000012/a10k123119.htm"
    },
    {
        "date": "2019-09-30",
        "symbol": "BIO",
        "reportedCurrency": "USD",
        "cik": "0000012208",
        "fillingDate": "2019-11-01",
        "acceptedDate": "2019-11-01 17:01:23",
        "calendarYear": "2019",
        "period": "Q3",
        "revenue": 560633000,
        "costOfRevenue": 253607000,
        "grossProfit": 307026000,
        "grossProfitRatio": 0.5476416836,
        "researchAndDevelopmentExpenses": 47944000,
        "generalAndAdministrativeExpenses": 201622000,
        "sellingAndMarketingExpenses": 0,
        "sellingGeneralAndAdministrativeExpenses": 201622000,
        "otherExpenses": 0,
        "operatingExpenses": 249566000,
        "costAndExpenses": 503173000,
        "interestIncome": 4099999,
        "interestExpense": 5525000,
        "depreciationAndAmortization": 44953000,
        "ebitda": -284691000,
        "ebitdaratio": -0.5078027872,
        "operatingIncome": 57460000,
        "operatingIncomeRatio": 0.1024912911,
        "totalOtherIncomeExpensesNet": -392676000,
        "incomeBeforeTax": -335216000,
        "incomeBeforeTaxRatio": -0.5979241322,
        "incomeTaxExpense": -76400000,
        "netIncome": -258816000,
        "netIncomeRatio": -0.4616495996,
        "eps": -8.68,
        "epsdiluted": -8.68,
        "weightedAverageShsOut": 29817511,
        "weightedAverageShsOutDil": 29831000,
        "link": "https://www.sec.gov/Archives/edgar/data/12208/000162828019013083/0001628280-19-013083-index.htm",
        "finalLink": "https://www.sec.gov/Archives/edgar/data/12208/000162828019013083/a10q93019.htm"
    },
    {
        "date": "2019-06-30",
        "symbol": "BIO",
        "reportedCurrency": "USD",
        "cik": "0000012208",
        "fillingDate": "2019-08-06",
        "acceptedDate": "2019-08-06 14:03:10",
        "calendarYear": "2019",
        "period": "Q2",
        "revenue": 572619000,
        "costOfRevenue": 264850000,
        "grossProfit": 307769000,
        "grossProfitRatio": 0.537476053,
        "researchAndDevelopmentExpenses": 50122000,
        "generalAndAdministrativeExpenses": 201257000,
        "sellingAndMarketingExpenses": 0,
        "sellingGeneralAndAdministrativeExpenses": 201257000,
        "otherExpenses": 0,
        "operatingExpenses": 251379000,
        "costAndExpenses": 516229000,
        "interestIncome": 3800000,
        "interestExpense": 5841000,
        "depreciationAndAmortization": 42970000,
        "ebitda": 818442000,
        "ebitdaratio": 1.4292959193,
        "operatingIncome": 56390000,
        "operatingIncomeRatio": 0.0984773471,
        "totalOtherIncomeExpensesNet": 713211000,
        "incomeBeforeTax": 769601000,
        "incomeBeforeTaxRatio": 1.3440018581,
        "incomeTaxExpense": 170791000,
        "netIncome": 598810000,
        "netIncomeRatio": 1.0457389643,
        "eps": 20.08,
        "epsdiluted": 19.86,
        "weightedAverageShsOut": 29814000,
        "weightedAverageShsOutDil": 30154000,
        "link": "https://www.sec.gov/Archives/edgar/data/12208/000001220819000054/0000012208-19-000054-index.htm",
        "finalLink": "https://www.sec.gov/Archives/edgar/data/12208/000001220819000054/a10q63019.htm"
    },
    {
        "date": "2019-03-31",
        "symbol": "BIO",
        "reportedCurrency": "USD",
        "cik": "0000012208",
        "fillingDate": "2019-05-10",
        "acceptedDate": "2019-05-10 16:08:23",
        "calendarYear": "2019",
        "period": "Q1",
        "revenue": 553979000,
        "costOfRevenue": 242217000,
        "grossProfit": 311762000,
        "grossProfitRatio": 0.5627686248,
        "researchAndDevelopmentExpenses": 47575000,
        "generalAndAdministrativeExpenses": 207581000,
        "sellingAndMarketingExpenses": 0,
        "sellingGeneralAndAdministrativeExpenses": 207581000,
        "otherExpenses": 0,
        "operatingExpenses": 255156000,
        "costAndExpenses": 497373000,
        "interestIncome": 19500000,
        "interestExpense": 5986000,
        "depreciationAndAmortization": 42942000,
        "ebitda": 1176152000,
        "ebitdaratio": 2.123098529,
        "operatingIncome": 56606000,
        "operatingIncomeRatio": 0.1021807686,
        "totalOtherIncomeExpensesNet": 1070660000,
        "incomeBeforeTax": 1127266000,
        "incomeBeforeTaxRatio": 2.0348533067,
        "incomeTaxExpense": 262071000,
        "netIncome": 865195000,
        "netIncomeRatio": 1.5617830279,
        "eps": 29.03,
        "epsdiluted": 28.74,
        "weightedAverageShsOut": 29801000,
        "weightedAverageShsOutDil": 30104000,
        "link": "https://www.sec.gov/Archives/edgar/data/12208/000001220819000044/0000012208-19-000044-index.htm",
        "finalLink": "https://www.sec.gov/Archives/edgar/data/12208/000001220819000044/a10q33119.htm"
    },
    {
        "date": "2018-12-31",
        "symbol": "BIO",
        "reportedCurrency": "USD",
        "cik": "0000012208",
        "fillingDate": "2019-04-01",
        "acceptedDate": "2019-03-29 21:07:23",
        "calendarYear": "2018",
        "period": "Q4",
        "revenue": 617541000,
        "costOfRevenue": 283765000,
        "grossProfit": 333776000,
        "grossProfitRatio": 0.5404920483,
        "researchAndDevelopmentExpenses": 53074000,
        "generalAndAdministrativeExpenses": 214032000,
        "sellingAndMarketingExpenses": -1489000,
        "sellingGeneralAndAdministrativeExpenses": 212543000,
        "otherExpenses": 0,
        "operatingExpenses": 265617000,
        "costAndExpenses": 549382000,
        "interestIncome": 5700000,
        "interestExpense": 6139000,
        "depreciationAndAmortization": 34579000,
        "ebitda": -1005908000,
        "ebitdaratio": -1.6288926565,
        "operatingIncome": -232354000,
        "operatingIncomeRatio": -0.3762567991,
        "totalOtherIncomeExpensesNet": -1125606000,
        "incomeBeforeTax": -1046547000,
        "incomeBeforeTaxRatio": -1.6947004328,
        "incomeTaxExpense": -213400000,
        "netIncome": -833147000,
        "netIncomeRatio": -1.3491363326,
        "eps": -27.88,
        "epsdiluted": -27.88,
        "weightedAverageShsOut": 29878000,
        "weightedAverageShsOutDil": 29878000,
        "link": "https://www.sec.gov/Archives/edgar/data/12208/000001220819000014/0000012208-19-000014-index.htm",
        "finalLink": "https://www.sec.gov/Archives/edgar/data/12208/000001220819000014/a10k123118.htm"
    },
    {
        "date": "2018-09-30",
        "symbol": "BIO",
        "reportedCurrency": "USD",
        "cik": "0000012208",
        "fillingDate": "2018-11-05",
        "acceptedDate": "2018-11-02 19:47:07",
        "calendarYear": "2018",
        "period": "Q3",
        "revenue": 545138000,
        "costOfRevenue": 258422000,
        "grossProfit": 286716000,
        "grossProfitRatio": 0.525951227,
        "researchAndDevelopmentExpenses": 49245000,
        "generalAndAdministrativeExpenses": 201196000,
        "sellingAndMarketingExpenses": 0,
        "sellingGeneralAndAdministrativeExpenses": 201196000,
        "otherExpenses": 0,
        "operatingExpenses": 250441000,
        "costAndExpenses": 508863000,
        "interestIncome": 2600000,
        "interestExpense": 6064000,
        "depreciationAndAmortization": 34840000,
        "ebitda": 391095000,
        "ebitdaratio": 0.717423845,
        "operatingIncome": 36275000,
        "operatingIncomeRatio": 0.0665427837,
        "totalOtherIncomeExpensesNet": 313856000,
        "incomeBeforeTax": 350131000,
        "incomeBeforeTaxRatio": 0.6422795696,
        "incomeTaxExpense": 80805000,
        "netIncome": 269326000,
        "netIncomeRatio": 0.4940510476,
        "eps": 9.02,
        "epsdiluted": 8.89,
        "weightedAverageShsOut": 29863000,
        "weightedAverageShsOutDil": 30292000,
        "link": "https://www.sec.gov/Archives/edgar/data/12208/000001220818000048/0000012208-18-000048-index.htm",
        "finalLink": "https://www.sec.gov/Archives/edgar/data/12208/000001220818000048/a10q93018.htm"
    },
    {
        "date": "2018-06-30",
        "symbol": "BIO",
        "reportedCurrency": "USD",
        "cik": "0000012208",
        "fillingDate": "2018-08-09",
        "acceptedDate": "2018-08-09 13:48:41",
        "calendarYear": "2018",
        "period": "Q2",
        "revenue": 575911000,
        "costOfRevenue": 274244000,
        "grossProfit": 301667000,
        "grossProfitRatio": 0.5238083662,
        "researchAndDevelopmentExpenses": 47450000,
        "generalAndAdministrativeExpenses": 210425000,
        "sellingAndMarketingExpenses": 0,
        "sellingGeneralAndAdministrativeExpenses": 210425000,
        "otherExpenses": 0,
        "operatingExpenses": 257875000,
        "costAndExpenses": 532119000,
        "interestIncome": 16200000,
        "interestExpense": 5977000,
        "depreciationAndAmortization": 34325000,
        "ebitda": 380463000,
        "ebitdaratio": 0.6606281179,
        "operatingIncome": 43792000,
        "operatingIncomeRatio": 0.0760395269,
        "totalOtherIncomeExpensesNet": 296294000,
        "incomeBeforeTax": 340086000,
        "incomeBeforeTaxRatio": 0.5905183266,
        "incomeTaxExpense": 72043000,
        "netIncome": 268043000,
        "netIncomeRatio": 0.4654243451,
        "eps": 8.99,
        "epsdiluted": 8.87,
        "weightedAverageShsOut": 29814000,
        "weightedAverageShsOutDil": 30219000,
        "link": "https://www.sec.gov/Archives/edgar/data/12208/000162828018010896/0001628280-18-010896-index.htm",
        "finalLink": "https://www.sec.gov/Archives/edgar/data/12208/000162828018010896/a10q63018.htm"
    },
    {
        "date": "2018-03-31",
        "symbol": "BIO",
        "reportedCurrency": "USD",
        "cik": "0000012208",
        "fillingDate": "2018-05-10",
        "acceptedDate": "2018-05-10 17:00:09",
        "calendarYear": "2018",
        "period": "Q1",
        "revenue": 551519000,
        "costOfRevenue": 249316000,
        "grossProfit": 302203000,
        "grossProfitRatio": 0.5479466709,
        "researchAndDevelopmentExpenses": 49427000,
        "generalAndAdministrativeExpenses": 209130000,
        "sellingAndMarketingExpenses": 0,
        "sellingGeneralAndAdministrativeExpenses": 209130000,
        "otherExpenses": 0,
        "operatingExpenses": 258557000,
        "costAndExpenses": 507873000,
        "interestIncome": 2100000,
        "interestExpense": 5782000,
        "depreciationAndAmortization": 34344000,
        "ebitda": 903771000,
        "ebitdaratio": 1.6386942245,
        "operatingIncome": 43646000,
        "operatingIncomeRatio": 0.0791377994,
        "totalOtherIncomeExpensesNet": 820043000,
        "incomeBeforeTax": 863689000,
        "incomeBeforeTaxRatio": 1.5660185778,
        "incomeTaxExpense": 206915000,
        "netIncome": 656774000,
        "netIncomeRatio": 1.1908456463,
        "eps": 22.05,
        "epsdiluted": 21.77,
        "weightedAverageShsOut": 29787000,
        "weightedAverageShsOutDil": 30171000,
        "link": "https://www.sec.gov/Archives/edgar/data/12208/000001220818000034/0000012208-18-000034-index.htm",
        "finalLink": "https://www.sec.gov/Archives/edgar/data/12208/000001220818000034/a10q33118.htm"
    },
    {
        "date": "2017-12-31",
        "symbol": "BIO",
        "reportedCurrency": "USD",
        "cik": "0000012208",
        "fillingDate": "2018-04-16",
        "acceptedDate": "2018-04-13 17:50:43",
        "calendarYear": "2017",
        "period": "Q4",
        "revenue": 620433000,
        "costOfRevenue": 280840000,
        "grossProfit": 339593000,
        "grossProfitRatio": 0.5473483841,
        "researchAndDevelopmentExpenses": 76818000,
        "generalAndAdministrativeExpenses": 204206000,
        "sellingAndMarketingExpenses": 0,
        "sellingGeneralAndAdministrativeExpenses": 204206000,
        "otherExpenses": -2414000,
        "operatingExpenses": 281024000,
        "costAndExpenses": 561864000,
        "interestIncome": 4800000,
        "interestExpense": 5506000,
        "depreciationAndAmortization": 42631000,
        "ebitda": 85838000,
        "ebitdaratio": 0.138351764,
        "operatingIncome": 47063000,
        "operatingIncomeRatio": 0.0758550883,
        "totalOtherIncomeExpensesNet": -36853000,
        "incomeBeforeTax": 37683000,
        "incomeBeforeTaxRatio": 0.0607366146,
        "incomeTaxExpense": -32216000,
        "netIncome": 69899000,
        "netIncomeRatio": 0.1126616411,
        "eps": 2.35,
        "epsdiluted": 2.32,
        "weightedAverageShsOut": 29765000,
        "weightedAverageShsOutDil": 30108000,
        "link": "https://www.sec.gov/Archives/edgar/data/12208/000001220818000014/0000012208-18-000014-index.htm",
        "finalLink": "https://www.sec.gov/Archives/edgar/data/12208/000001220818000014/a10k123117.htm"
    },
    {
        "date": "2017-09-30",
        "symbol": "BIO",
        "reportedCurrency": "USD",
        "cik": "0000012208",
        "fillingDate": "2017-11-09",
        "acceptedDate": "2017-11-09 16:12:24",
        "calendarYear": "2017",
        "period": "Q3",
        "revenue": 535003000,
        "costOfRevenue": 230483000,
        "grossProfit": 304520000,
        "grossProfitRatio": 0.5691930699,
        "researchAndDevelopmentExpenses": 61372000,
        "generalAndAdministrativeExpenses": 196769000,
        "sellingAndMarketingExpenses": 0,
        "sellingGeneralAndAdministrativeExpenses": 196769000,
        "otherExpenses": 1436000,
        "operatingExpenses": 258141000,
        "costAndExpenses": 488624000,
        "interestIncome": 1400000,
        "interestExpense": 5872000,
        "depreciationAndAmortization": 35363000,
        "ebitda": 79815000,
        "ebitdaratio": 0.1491860793,
        "operatingIncome": 46379000,
        "operatingIncomeRatio": 0.0866892335,
        "totalOtherIncomeExpensesNet": -7524000,
        "incomeBeforeTax": 38855000,
        "incomeBeforeTaxRatio": 0.072625761,
        "incomeTaxExpense": 11462000,
        "netIncome": 27393000,
        "netIncomeRatio": 0.051201582,
        "eps": 0.74,
        "epsdiluted": 0.73,
        "weightedAverageShsOut": 29660000,
        "weightedAverageShsOutDil": 30052000,
        "link": "https://www.sec.gov/Archives/edgar/data/12208/000001220817000062/0000012208-17-000062-index.htm",
        "finalLink": "https://www.sec.gov/Archives/edgar/data/12208/000001220817000062/a10q93017.htm"
    },
    {
        "date": "2017-06-30",
        "symbol": "BIO",
        "reportedCurrency": "USD",
        "cik": "0000012208",
        "fillingDate": "2017-08-07",
        "acceptedDate": "2017-08-07 15:28:32",
        "calendarYear": "2017",
        "period": "Q2",
        "revenue": 504666000,
        "costOfRevenue": 231367000,
        "grossProfit": 273299000,
        "grossProfitRatio": 0.5415443085,
        "researchAndDevelopmentExpenses": 62623000,
        "generalAndAdministrativeExpenses": 213027000,
        "sellingAndMarketingExpenses": 0,
        "sellingGeneralAndAdministrativeExpenses": 213027000,
        "otherExpenses": 0,
        "operatingExpenses": 275650000,
        "costAndExpenses": 507017000,
        "interestIncome": 12000000,
        "interestExpense": 6045000,
        "depreciationAndAmortization": 37026000,
        "ebitda": 43916000,
        "ebitdaratio": 0.08701993,
        "operatingIncome": -2351000,
        "operatingIncomeRatio": -0.0046585266,
        "totalOtherIncomeExpensesNet": 2821000,
        "incomeBeforeTax": 1120000,
        "incomeBeforeTaxRatio": 0.0022192896,
        "incomeTaxExpense": -3915000,
        "netIncome": 5035000,
        "netIncomeRatio": 0.0099768956,
        "eps": 0.17,
        "epsdiluted": 0.17,
        "weightedAverageShsOut": 29613000,
        "weightedAverageShsOutDil": 30006000,
        "link": "https://www.sec.gov/Archives/edgar/data/12208/000001220817000041/0000012208-17-000041-index.htm",
        "finalLink": "https://www.sec.gov/Archives/edgar/data/12208/000001220817000041/a10q63017.htm"
    },
    {
        "date": "2017-03-31",
        "symbol": "BIO",
        "reportedCurrency": "USD",
        "cik": "0000012208",
        "fillingDate": "2017-05-09",
        "acceptedDate": "2017-05-08 18:17:59",
        "calendarYear": "2017",
        "period": "Q1",
        "revenue": 500051000,
        "costOfRevenue": 230064000,
        "grossProfit": 269987000,
        "grossProfitRatio": 0.5399189283,
        "researchAndDevelopmentExpenses": 49488000,
        "generalAndAdministrativeExpenses": 194940000,
        "sellingAndMarketingExpenses": 0,
        "sellingGeneralAndAdministrativeExpenses": 194940000,
        "otherExpenses": 1418000,
        "operatingExpenses": 244428000,
        "costAndExpenses": 474492000,
        "interestIncome": 1100000,
        "interestExpense": 5316000,
        "depreciationAndAmortization": 33662000,
        "ebitda": 58850000,
        "ebitdaratio": 0.1176879958,
        "operatingIncome": 25559000,
        "operatingIncomeRatio": 0.0511127865,
        "totalOtherIncomeExpensesNet": -5412000,
        "incomeBeforeTax": 20147000,
        "incomeBeforeTaxRatio": 0.0402898904,
        "incomeTaxExpense": 7734000,
        "netIncome": 12413000,
        "netIncomeRatio": 0.024823468,
        "eps": 0.42,
        "epsdiluted": 0.41,
        "weightedAverageShsOut": 29580000,
        "weightedAverageShsOutDil": 29911000,
        "link": "https://www.sec.gov/Archives/edgar/data/12208/000001220817000028/0000012208-17-000028-index.htm",
        "finalLink": "https://www.sec.gov/Archives/edgar/data/12208/000001220817000028/a10q33117.htm"
    },
    {
        "date": "2016-12-31",
        "symbol": "BIO",
        "reportedCurrency": "USD",
        "cik": "0000012208",
        "fillingDate": "2017-03-01",
        "acceptedDate": "2017-02-28 20:11:41",
        "calendarYear": "2016",
        "period": "Q4",
        "revenue": 571453000,
        "costOfRevenue": 257096000,
        "grossProfit": 314357000,
        "grossProfitRatio": 0.5501012332,
        "researchAndDevelopmentExpenses": 57543000,
        "generalAndAdministrativeExpenses": 220020000,
        "sellingAndMarketingExpenses": 0,
        "sellingGeneralAndAdministrativeExpenses": 220020000,
        "otherExpenses": 1026000,
        "operatingExpenses": 277563000,
        "costAndExpenses": 534659000,
        "interestIncome": 1500000,
        "interestExpense": 5096000,
        "depreciationAndAmortization": 32744000,
        "ebitda": 9650000,
        "ebitdaratio": 0.0168867781,
        "operatingIncome": -23151000,
        "operatingIncomeRatio": -0.0405125181,
        "totalOtherIncomeExpensesNet": -79045000,
        "incomeBeforeTax": -28187000,
        "incomeBeforeTaxRatio": -0.0493251414,
        "incomeTaxExpense": -7617000,
        "netIncome": -20570000,
        "netIncomeRatio": -0.0359959612,
        "eps": -0.7,
        "epsdiluted": -0.7,
        "weightedAverageShsOut": 29495707,
        "weightedAverageShsOutDil": 29552000,
        "link": "https://www.sec.gov/Archives/edgar/data/12208/000001220817000012/0000012208-17-000012-index.htm",
        "finalLink": "https://www.sec.gov/Archives/edgar/data/12208/000001220817000012/a10k123116.htm"
    },
    {
        "date": "2016-09-30",
        "symbol": "BIO",
        "reportedCurrency": "USD",
        "cik": "0000012208",
        "fillingDate": "2016-11-02",
        "acceptedDate": "2016-11-02 17:25:21",
        "calendarYear": "2016",
        "period": "Q3",
        "revenue": 508745000,
        "costOfRevenue": 229276000,
        "grossProfit": 279469000,
        "grossProfitRatio": 0.5493302145,
        "researchAndDevelopmentExpenses": 49924000,
        "generalAndAdministrativeExpenses": 201452000,
        "sellingAndMarketingExpenses": 0,
        "sellingGeneralAndAdministrativeExpenses": 201452000,
        "otherExpenses": 0,
        "operatingExpenses": 251376000,
        "costAndExpenses": 480652000,
        "interestIncome": 1300000,
        "interestExpense": 5634000,
        "depreciationAndAmortization": 38488000,
        "ebitda": 66810000,
        "ebitdaratio": 0.131323158,
        "operatingIncome": 28093000,
        "operatingIncomeRatio": 0.0552201987,
        "totalOtherIncomeExpensesNet": -5405000,
        "incomeBeforeTax": 22688000,
        "incomeBeforeTaxRatio": 0.0445960157,
        "incomeTaxExpense": 4283000,
        "netIncome": 18405000,
        "netIncomeRatio": 0.0361772597,
        "eps": 0.63,
        "epsdiluted": 0.62,
        "weightedAverageShsOut": 29444000,
        "weightedAverageShsOutDil": 29671000,
        "link": "https://www.sec.gov/Archives/edgar/data/12208/000001220816000090/0000012208-16-000090-index.htm",
        "finalLink": "https://www.sec.gov/Archives/edgar/data/12208/000001220816000090/a10q93016.htm"
    },
    {
        "date": "2016-06-30",
        "symbol": "BIO",
        "reportedCurrency": "USD",
        "cik": "0000012208",
        "fillingDate": "2016-08-05",
        "acceptedDate": "2016-08-05 17:20:02",
        "calendarYear": "2016",
        "period": "Q2",
        "revenue": 516777000,
        "costOfRevenue": 236545000,
        "grossProfit": 280232000,
        "grossProfitRatio": 0.5422687155,
        "researchAndDevelopmentExpenses": 52171000,
        "generalAndAdministrativeExpenses": 205536000,
        "sellingAndMarketingExpenses": 0,
        "sellingGeneralAndAdministrativeExpenses": 205536000,
        "otherExpenses": 0,
        "operatingExpenses": 257707000,
        "costAndExpenses": 494252000,
        "interestIncome": 10600000,
        "interestExpense": 5632000,
        "depreciationAndAmortization": 37578000,
        "ebitda": 70074000,
        "ebitdaratio": 0.13559814,
        "operatingIncome": 22525000,
        "operatingIncomeRatio": 0.0435874662,
        "totalOtherIncomeExpensesNet": 4339000,
        "incomeBeforeTax": 26864000,
        "incomeBeforeTaxRatio": 0.0519837377,
        "incomeTaxExpense": 8850000,
        "netIncome": 18014000,
        "netIncomeRatio": 0.0348583625,
        "eps": 0.61,
        "epsdiluted": 0.61,
        "weightedAverageShsOut": 29398000,
        "weightedAverageShsOutDil": 29589000,
        "link": "https://www.sec.gov/Archives/edgar/data/12208/000001220816000081/0000012208-16-000081-index.htm",
        "finalLink": "https://www.sec.gov/Archives/edgar/data/12208/000001220816000081/a10q63016.htm"
    },
    {
        "date": "2016-03-31",
        "symbol": "BIO",
        "reportedCurrency": "USD",
        "cik": "0000012208",
        "fillingDate": "2016-05-06",
        "acceptedDate": "2016-05-06 16:06:29",
        "calendarYear": "2016",
        "period": "Q1",
        "revenue": 471197000,
        "costOfRevenue": 207168000,
        "grossProfit": 264029000,
        "grossProfitRatio": 0.5603367594,
        "researchAndDevelopmentExpenses": 48586000,
        "generalAndAdministrativeExpenses": 189716000,
        "sellingAndMarketingExpenses": 0,
        "sellingGeneralAndAdministrativeExpenses": 189716000,
        "otherExpenses": 1177000,
        "operatingExpenses": 238302000,
        "costAndExpenses": 445470000,
        "interestIncome": 1200000,
        "interestExpense": 5580000,
        "depreciationAndAmortization": 34090000,
        "ebitda": 59865000,
        "ebitdaratio": 0.1270487715,
        "operatingIncome": 25727000,
        "operatingIncomeRatio": 0.0545992441,
        "totalOtherIncomeExpensesNet": -5532000,
        "incomeBeforeTax": 20195000,
        "incomeBeforeTaxRatio": 0.0428589316,
        "incomeTaxExpense": 7919000,
        "netIncome": 12276000,
        "netIncomeRatio": 0.0260527974,
        "eps": 0.42,
        "epsdiluted": 0.42,
        "weightedAverageShsOut": 29364000,
        "weightedAverageShsOutDil": 29506000,
        "link": "https://www.sec.gov/Archives/edgar/data/12208/000001220816000067/0000012208-16-000067-index.htm",
        "finalLink": "https://www.sec.gov/Archives/edgar/data/12208/000001220816000067/a10q33116.htm"
    },
    {
        "date": "2015-12-31",
        "symbol": "BIO",
        "reportedCurrency": "USD",
        "cik": "0000012208",
        "fillingDate": "2016-02-29",
        "acceptedDate": "2016-02-29 15:29:50",
        "calendarYear": "2015",
        "period": "Q4",
        "revenue": 570557000,
        "costOfRevenue": 262042000,
        "grossProfit": 308515000,
        "grossProfitRatio": 0.5407259923,
        "researchAndDevelopmentExpenses": 55887000,
        "generalAndAdministrativeExpenses": 193145000,
        "sellingAndMarketingExpenses": 0,
        "sellingGeneralAndAdministrativeExpenses": 193145000,
        "otherExpenses": 2088000,
        "operatingExpenses": 249032000,
        "costAndExpenses": 511074000,
        "interestIncome": 1400000,
        "interestExpense": 6034000,
        "depreciationAndAmortization": 33878000,
        "ebitda": 94062000,
        "ebitdaratio": 0.1648599526,
        "operatingIncome": 59483000,
        "operatingIncomeRatio": 0.1042542638,
        "totalOtherIncomeExpensesNet": -5285000,
        "incomeBeforeTax": 54198000,
        "incomeBeforeTaxRatio": 0.0949913856,
        "incomeTaxExpense": 4716000,
        "netIncome": 49482000,
        "netIncomeRatio": 0.0867257785,
        "eps": 1.69,
        "epsdiluted": 1.68,
        "weightedAverageShsOut": 29321000,
        "weightedAverageShsOutDil": 29470000,
        "link": "https://www.sec.gov/Archives/edgar/data/12208/000001220816000053/0000012208-16-000053-index.htm",
        "finalLink": "https://www.sec.gov/Archives/edgar/data/12208/000001220816000053/a10k123115.htm"
    },
    {
        "date": "2015-09-30",
        "symbol": "BIO",
        "reportedCurrency": "USD",
        "cik": "0000012208",
        "fillingDate": "2015-11-05",
        "acceptedDate": "2015-11-04 18:15:23",
        "calendarYear": "2015",
        "period": "Q3",
        "revenue": 469961000,
        "costOfRevenue": 206509000,
        "grossProfit": 263452000,
        "grossProfitRatio": 0.5605826866,
        "researchAndDevelopmentExpenses": 43336000,
        "generalAndAdministrativeExpenses": 187445000,
        "sellingAndMarketingExpenses": 0,
        "sellingGeneralAndAdministrativeExpenses": 187445000,
        "otherExpenses": 732000,
        "operatingExpenses": 230781000,
        "costAndExpenses": 437290000,
        "interestIncome": 700000,
        "interestExpense": 5822000,
        "depreciationAndAmortization": 33561000,
        "ebitda": 64798000,
        "ebitdaratio": 0.1378795262,
        "operatingIncome": 32671000,
        "operatingIncomeRatio": 0.0695185345,
        "totalOtherIncomeExpensesNet": -7256000,
        "incomeBeforeTax": 25415000,
        "incomeBeforeTaxRatio": 0.0540789555,
        "incomeTaxExpense": 8045000,
        "netIncome": 17370000,
        "netIncomeRatio": 0.0369605137,
        "eps": 0.59,
        "epsdiluted": 0.59,
        "weightedAverageShsOut": 29195000,
        "weightedAverageShsOutDil": 29439000,
        "link": "https://www.sec.gov/Archives/edgar/data/12208/000001220815000044/0000012208-15-000044-index.htm",
        "finalLink": "https://www.sec.gov/Archives/edgar/data/12208/000001220815000044/a10q93015.htm"
    },
    {
        "date": "2015-06-30",
        "symbol": "BIO",
        "reportedCurrency": "USD",
        "cik": "0000012208",
        "fillingDate": "2015-08-07",
        "acceptedDate": "2015-08-07 13:15:54",
        "calendarYear": "2015",
        "period": "Q2",
        "revenue": 506102000,
        "costOfRevenue": 226505000,
        "grossProfit": 279597000,
        "grossProfitRatio": 0.5524518773,
        "researchAndDevelopmentExpenses": 46547000,
        "generalAndAdministrativeExpenses": 192845000,
        "sellingAndMarketingExpenses": 0,
        "sellingGeneralAndAdministrativeExpenses": 192845000,
        "otherExpenses": 0,
        "operatingExpenses": 239392000,
        "costAndExpenses": 465897000,
        "interestIncome": 7100000,
        "interestExpense": 4834000,
        "depreciationAndAmortization": 32126000,
        "ebitda": 76500000,
        "ebitdaratio": 0.1511553007,
        "operatingIncome": 40205000,
        "operatingIncomeRatio": 0.079440508,
        "totalOtherIncomeExpensesNet": -665000,
        "incomeBeforeTax": 39540000,
        "incomeBeforeTaxRatio": 0.0781265437,
        "incomeTaxExpense": 11117000,
        "netIncome": 28423000,
        "netIncomeRatio": 0.0561606158,
        "eps": 0.98,
        "epsdiluted": 0.97,
        "weightedAverageShsOut": 29136000,
        "weightedAverageShsOutDil": 29381000,
        "link": "https://www.sec.gov/Archives/edgar/data/12208/000001220815000036/0000012208-15-000036-index.htm",
        "finalLink": "https://www.sec.gov/Archives/edgar/data/12208/000001220815000036/a10q63015.htm"
    },
    {
        "date": "2015-03-31",
        "symbol": "BIO",
        "reportedCurrency": "USD",
        "cik": "0000012208",
        "fillingDate": "2015-05-06",
        "acceptedDate": "2015-05-06 16:33:51",
        "calendarYear": "2015",
        "period": "Q1",
        "revenue": 472821000,
        "costOfRevenue": 202715000,
        "grossProfit": 270106000,
        "grossProfitRatio": 0.5712648127,
        "researchAndDevelopmentExpenses": 47202000,
        "generalAndAdministrativeExpenses": 188555000,
        "sellingAndMarketingExpenses": 0,
        "sellingGeneralAndAdministrativeExpenses": 188555000,
        "otherExpenses": 1153000,
        "operatingExpenses": 235757000,
        "costAndExpenses": 438472000,
        "interestIncome": 900000,
        "interestExpense": 5002000,
        "depreciationAndAmortization": 32283000,
        "ebitda": 67785000,
        "ebitdaratio": 0.1433629217,
        "operatingIncome": 34349000,
        "operatingIncomeRatio": 0.0726469425,
        "totalOtherIncomeExpensesNet": -7655000,
        "incomeBeforeTax": 26694000,
        "incomeBeforeTaxRatio": 0.0564568833,
        "incomeTaxExpense": 8876000,
        "netIncome": 17818000,
        "netIncomeRatio": 0.0376844514,
        "eps": 0.61,
        "epsdiluted": 0.61,
        "weightedAverageShsOut": 29092000,
        "weightedAverageShsOutDil": 29289000,
        "link": "https://www.sec.gov/Archives/edgar/data/12208/000001220815000024/0000012208-15-000024-index.htm",
        "finalLink": "https://www.sec.gov/Archives/edgar/data/12208/000001220815000024/a10q33115.htm"
    },
    {
        "date": "2014-12-31",
        "symbol": "BIO",
        "reportedCurrency": "USD",
        "cik": "0000012208",
        "fillingDate": "2015-03-02",
        "acceptedDate": "2015-03-02 15:01:26",
        "calendarYear": "2014",
        "period": "Q4",
        "revenue": 598224000,
        "costOfRevenue": 280814000,
        "grossProfit": 317410000,
        "grossProfitRatio": 0.5305872048,
        "researchAndDevelopmentExpenses": 59287000,
        "generalAndAdministrativeExpenses": 207537000,
        "sellingAndMarketingExpenses": 0,
        "sellingGeneralAndAdministrativeExpenses": 207537000,
        "otherExpenses": 0,
        "operatingExpenses": 266824000,
        "costAndExpenses": 547638000,
        "interestIncome": 3500000,
        "interestExpense": 5000000,
        "depreciationAndAmortization": 39760000,
        "ebitda": 90517000,
        "ebitdaratio": 0.1513095429,
        "operatingIncome": 50586000,
        "operatingIncomeRatio": 0.0845602985,
        "totalOtherIncomeExpensesNet": -4840000,
        "incomeBeforeTax": 45746000,
        "incomeBeforeTaxRatio": 0.0764696836,
        "incomeTaxExpense": 6709000,
        "netIncome": 39037000,
        "netIncomeRatio": 0.0652548209,
        "eps": 1.35,
        "epsdiluted": 1.34,
        "weightedAverageShsOut": 29000000,
        "weightedAverageShsOutDil": 29192000,
        "link": "https://www.sec.gov/Archives/edgar/data/12208/000001220815000012/0000012208-15-000012-index.htm",
        "finalLink": "https://www.sec.gov/Archives/edgar/data/12208/000001220815000012/a10k123114.htm"
    },
    {
        "date": "2014-09-30",
        "symbol": "BIO",
        "reportedCurrency": "USD",
        "cik": "0000012208",
        "fillingDate": "2014-11-07",
        "acceptedDate": "2014-11-07 13:58:29",
        "calendarYear": "2014",
        "period": "Q3",
        "revenue": 530644000,
        "costOfRevenue": 242068000,
        "grossProfit": 288576000,
        "grossProfitRatio": 0.5438222236,
        "researchAndDevelopmentExpenses": 52786000,
        "generalAndAdministrativeExpenses": 202550000,
        "sellingAndMarketingExpenses": 0,
        "sellingGeneralAndAdministrativeExpenses": 202550000,
        "otherExpenses": 613000,
        "operatingExpenses": 255336000,
        "costAndExpenses": 497404000,
        "interestIncome": 800000,
        "interestExpense": 7710000,
        "depreciationAndAmortization": 37122000,
        "ebitda": 70975000,
        "ebitdaratio": 0.1337525723,
        "operatingIncome": 33240000,
        "operatingIncomeRatio": 0.0626408666,
        "totalOtherIncomeExpensesNet": -10764000,
        "incomeBeforeTax": 22476000,
        "incomeBeforeTaxRatio": 0.0423560805,
        "incomeTaxExpense": 10967000,
        "netIncome": 11509000,
        "netIncomeRatio": 0.0216887405,
        "eps": 0.4,
        "epsdiluted": 0.39,
        "weightedAverageShsOut": 28884000,
        "weightedAverageShsOutDil": 29141000,
        "link": "https://www.sec.gov/Archives/edgar/data/12208/000001220814000074/0000012208-14-000074-index.htm",
        "finalLink": "https://www.sec.gov/Archives/edgar/data/12208/000001220814000074/a10q93014.htm"
    },
    {
        "date": "2014-06-30",
        "symbol": "BIO",
        "reportedCurrency": "USD",
        "cik": "0000012208",
        "fillingDate": "2014-08-06",
        "acceptedDate": "2014-08-06 17:17:06",
        "calendarYear": "2014",
        "period": "Q2",
        "revenue": 536832000,
        "costOfRevenue": 239590000,
        "grossProfit": 297242000,
        "grossProfitRatio": 0.553696501,
        "researchAndDevelopmentExpenses": 55717000,
        "generalAndAdministrativeExpenses": 195838000,
        "sellingAndMarketingExpenses": 0,
        "sellingGeneralAndAdministrativeExpenses": 195838000,
        "otherExpenses": 0,
        "operatingExpenses": 251555000,
        "costAndExpenses": 491145000,
        "interestIncome": 8500000,
        "interestExpense": 5564000,
        "depreciationAndAmortization": 36336000,
        "ebitda": 90697000,
        "ebitdaratio": 0.1689485724,
        "operatingIncome": 45687000,
        "operatingIncomeRatio": 0.0851048373,
        "totalOtherIncomeExpensesNet": 3110000,
        "incomeBeforeTax": 48797000,
        "incomeBeforeTaxRatio": 0.0908980836,
        "incomeTaxExpense": 17166000,
        "netIncome": 31631000,
        "netIncomeRatio": 0.0589215993,
        "eps": 1.1,
        "epsdiluted": 1.09,
        "weightedAverageShsOut": 28826000,
        "weightedAverageShsOutDil": 29092000,
        "link": "https://www.sec.gov/Archives/edgar/data/12208/000001220814000055/0000012208-14-000055-index.htm",
        "finalLink": "https://www.sec.gov/Archives/edgar/data/12208/000001220814000055/a10q63014.htm"
    },
    {
        "date": "2014-03-31",
        "symbol": "BIO",
        "reportedCurrency": "USD",
        "cik": "0000012208",
        "fillingDate": "2014-05-08",
        "acceptedDate": "2014-05-07 20:40:17",
        "calendarYear": "2014",
        "period": "Q1",
        "revenue": 509344000,
        "costOfRevenue": 234055000,
        "grossProfit": 275289000,
        "grossProfitRatio": 0.5404775554,
        "researchAndDevelopmentExpenses": 52543000,
        "generalAndAdministrativeExpenses": 202275000,
        "sellingAndMarketingExpenses": 0,
        "sellingGeneralAndAdministrativeExpenses": 202275000,
        "otherExpenses": 661000,
        "operatingExpenses": 254818000,
        "costAndExpenses": 488873000,
        "interestIncome": 700000,
        "interestExpense": 3857000,
        "depreciationAndAmortization": 36671000,
        "ebitda": 57803000,
        "ebitdaratio": 0.1134851888,
        "operatingIncome": 20471000,
        "operatingIncomeRatio": 0.0401909122,
        "totalOtherIncomeExpensesNet": -5933000,
        "incomeBeforeTax": 14538000,
        "incomeBeforeTaxRatio": 0.028542596,
        "incomeTaxExpense": 7870000,
        "netIncome": 6668000,
        "netIncomeRatio": 0.0130913489,
        "eps": 0.23,
        "epsdiluted": 0.23,
        "weightedAverageShsOut": 28791000,
        "weightedAverageShsOutDil": 29059000,
        "link": "https://www.sec.gov/Archives/edgar/data/12208/000001220814000038/0000012208-14-000038-index.htm",
        "finalLink": "https://www.sec.gov/Archives/edgar/data/12208/000001220814000038/a10q33114.htm"
    },
    {
        "date": "2013-12-31",
        "symbol": "BIO",
        "reportedCurrency": "USD",
        "cik": "0000012208",
        "fillingDate": "2014-03-18",
        "acceptedDate": "2014-03-17 18:31:45",
        "calendarYear": "2013",
        "period": "Q4",
        "revenue": 602635000,
        "costOfRevenue": 279886000,
        "grossProfit": 322749000,
        "grossProfitRatio": 0.5355629859,
        "researchAndDevelopmentExpenses": 55848000,
        "generalAndAdministrativeExpenses": 214584000,
        "sellingAndMarketingExpenses": 0,
        "sellingGeneralAndAdministrativeExpenses": 214584000,
        "otherExpenses": 2055000,
        "operatingExpenses": 270432000,
        "costAndExpenses": 550318000,
        "interestIncome": 3200000,
        "interestExpense": 7019000,
        "depreciationAndAmortization": 41976000,
        "ebitda": 93548000,
        "ebitdaratio": 0.1552316079,
        "operatingIncome": 52317000,
        "operatingIncomeRatio": 0.086813743,
        "totalOtherIncomeExpensesNet": -7807000,
        "incomeBeforeTax": 44510000,
        "incomeBeforeTaxRatio": 0.0738589694,
        "incomeTaxExpense": 14374000,
        "netIncome": 30136000,
        "netIncomeRatio": 0.0500070524,
        "eps": 1.05,
        "epsdiluted": 1.04,
        "weightedAverageShsOut": 28708000,
        "weightedAverageShsOutDil": 28988000,
        "link": "https://www.sec.gov/Archives/edgar/data/12208/000001220814000020/0000012208-14-000020-index.htm",
        "finalLink": "https://www.sec.gov/Archives/edgar/data/12208/000001220814000020/a10k123113.htm"
    },
    {
        "date": "2013-09-30",
        "symbol": "BIO",
        "reportedCurrency": "USD",
        "cik": "0000012208",
        "fillingDate": "2013-11-12",
        "acceptedDate": "2013-11-12 16:12:16",
        "calendarYear": "2013",
        "period": "Q3",
        "revenue": 505066000,
        "costOfRevenue": 220850000,
        "grossProfit": 284216000,
        "grossProfitRatio": 0.5627304154,
        "researchAndDevelopmentExpenses": 52920000,
        "generalAndAdministrativeExpenses": 202238000,
        "sellingAndMarketingExpenses": 0,
        "sellingGeneralAndAdministrativeExpenses": 202238000,
        "otherExpenses": 667000,
        "operatingExpenses": 255158000,
        "costAndExpenses": 476008000,
        "interestIncome": 1100000,
        "interestExpense": 31611000,
        "depreciationAndAmortization": 36970000,
        "ebitda": 66695000,
        "ebitdaratio": 0.1320520486,
        "operatingIncome": 29058000,
        "operatingIncomeRatio": 0.0575330749,
        "totalOtherIncomeExpensesNet": -34274000,
        "incomeBeforeTax": -5216000,
        "incomeBeforeTaxRatio": -0.0103273632,
        "incomeTaxExpense": 1883000,
        "netIncome": -7099000,
        "netIncomeRatio": -0.0140555888,
        "eps": -0.25,
        "epsdiluted": -0.25,
        "weightedAverageShsOut": 28396000,
        "weightedAverageShsOutDil": 28603000,
        "link": "https://www.sec.gov/Archives/edgar/data/12208/000001220813000042/0000012208-13-000042-index.htm",
        "finalLink": "https://www.sec.gov/Archives/edgar/data/12208/000001220813000042/a10q93013r.htm"
    },
    {
        "date": "2013-06-30",
        "symbol": "BIO",
        "reportedCurrency": "USD",
        "cik": "0000012208",
        "fillingDate": "2013-08-08",
        "acceptedDate": "2013-08-08 16:34:02",
        "calendarYear": "2013",
        "period": "Q2",
        "revenue": 525321000,
        "costOfRevenue": 225220000,
        "grossProfit": 300101000,
        "grossProfitRatio": 0.5712716606,
        "researchAndDevelopmentExpenses": 53224000,
        "generalAndAdministrativeExpenses": 195331000,
        "sellingAndMarketingExpenses": 0,
        "sellingGeneralAndAdministrativeExpenses": 195331000,
        "otherExpenses": 0,
        "operatingExpenses": 248555000,
        "costAndExpenses": 473775000,
        "interestIncome": 7800000,
        "interestExpense": 11664000,
        "depreciationAndAmortization": 34921000,
        "ebitda": 95629000,
        "ebitdaratio": 0.1820391722,
        "operatingIncome": 51546000,
        "operatingIncomeRatio": 0.098122862,
        "totalOtherIncomeExpensesNet": -3885000,
        "incomeBeforeTax": 47661000,
        "incomeBeforeTaxRatio": 0.0907273838,
        "incomeTaxExpense": 12987000,
        "netIncome": 34674000,
        "netIncomeRatio": 0.0660053567,
        "eps": 1.21,
        "epsdiluted": 1.2,
        "weightedAverageShsOut": 28538000,
        "weightedAverageShsOutDil": 28868000,
        "link": "https://www.sec.gov/Archives/edgar/data/12208/000001220813000024/0000012208-13-000024-index.htm",
        "finalLink": "https://www.sec.gov/Archives/edgar/data/12208/000001220813000024/a10q63013.htm"
    },
    {
        "date": "2013-03-31",
        "symbol": "BIO",
        "reportedCurrency": "USD",
        "cik": "0000012208",
        "fillingDate": "2013-05-10",
        "acceptedDate": "2013-05-10 16:51:39",
        "calendarYear": "2013",
        "period": "Q1",
        "revenue": 499672000,
        "costOfRevenue": 228260000,
        "grossProfit": 271412000,
        "grossProfitRatio": 0.5431803263,
        "researchAndDevelopmentExpenses": 51941000,
        "generalAndAdministrativeExpenses": 185917000,
        "sellingAndMarketingExpenses": 0,
        "sellingGeneralAndAdministrativeExpenses": 185917000,
        "otherExpenses": 1400000,
        "operatingExpenses": 237858000,
        "costAndExpenses": 466118000,
        "interestIncome": 1300000,
        "interestExpense": 10977000,
        "depreciationAndAmortization": 33290000,
        "ebitda": 68314000,
        "ebitdaratio": 0.1367176868,
        "operatingIncome": 33554000,
        "operatingIncomeRatio": 0.0671520517,
        "totalOtherIncomeExpensesNet": -11105000,
        "incomeBeforeTax": 22449000,
        "incomeBeforeTaxRatio": 0.0449274724,
        "incomeTaxExpense": 2929000,
        "netIncome": 19499000,
        "netIncomeRatio": 0.0390235995,
        "eps": 0.71,
        "epsdiluted": 0.7,
        "weightedAverageShsOut": 28494000,
        "weightedAverageShsOutDil": 28817000,
        "link": "https://www.sec.gov/Archives/edgar/data/12208/000001220813000017/0000012208-13-000017-index.htm",
        "finalLink": "https://www.sec.gov/Archives/edgar/data/12208/000001220813000017/a10q33113.htm"
    },
    {
        "date": "2012-12-31",
        "symbol": "BIO",
        "reportedCurrency": "USD",
        "cik": "0000012208",
        "fillingDate": "2013-03-18",
        "acceptedDate": "2013-03-18 16:27:34",
        "calendarYear": "2012",
        "period": "Q4",
        "revenue": 573839000,
        "costOfRevenue": 252786000,
        "grossProfit": 321053000,
        "grossProfitRatio": 0.559482712,
        "researchAndDevelopmentExpenses": 59777000,
        "generalAndAdministrativeExpenses": 189075000,
        "sellingAndMarketingExpenses": 0,
        "sellingGeneralAndAdministrativeExpenses": 189075000,
        "otherExpenses": 0,
        "operatingExpenses": 248852000,
        "costAndExpenses": 501638000,
        "interestIncome": 0,
        "interestExpense": 11765000,
        "depreciationAndAmortization": 35539000,
        "ebitda": 106468000,
        "ebitdaratio": 0.1855363612,
        "operatingIncome": 72201000,
        "operatingIncomeRatio": 0.1258210055,
        "totalOtherIncomeExpensesNet": -7955000,
        "incomeBeforeTax": 65990000,
        "incomeBeforeTaxRatio": 0.1149974122,
        "incomeTaxExpense": 18567000,
        "netIncome": 47502000,
        "netIncomeRatio": 0.0827793161,
        "eps": 1.67,
        "epsdiluted": 1.65,
        "weightedAverageShsOut": 28394000,
        "weightedAverageShsOutDil": 28712000,
        "link": "https://www.sec.gov/Archives/edgar/data/12208/000001220813000007/0000012208-13-000007-index.htm",
        "finalLink": "https://www.sec.gov/Archives/edgar/data/12208/000001220813000007/a10k123112.htm"
    },
    {
        "date": "2012-09-30",
        "symbol": "BIO",
        "reportedCurrency": "USD",
        "cik": "0000012208",
        "fillingDate": "2012-11-08",
        "acceptedDate": "2012-11-08 16:08:57",
        "calendarYear": "2012",
        "period": "Q3",
        "revenue": 498697000,
        "costOfRevenue": 225187000,
        "grossProfit": 273510000,
        "grossProfitRatio": 0.5484492588,
        "researchAndDevelopmentExpenses": 49004000,
        "generalAndAdministrativeExpenses": 160274000,
        "sellingAndMarketingExpenses": 0,
        "sellingGeneralAndAdministrativeExpenses": 160274000,
        "otherExpenses": 0,
        "operatingExpenses": 209278000,
        "costAndExpenses": 434465000,
        "interestIncome": 1000000,
        "interestExpense": 11901000,
        "depreciationAndAmortization": 32136000,
        "ebitda": 99040000,
        "ebitdaratio": 0.1985975452,
        "operatingIncome": 64232000,
        "operatingIncomeRatio": 0.1287996519,
        "totalOtherIncomeExpensesNet": -2338000,
        "incomeBeforeTax": 53394000,
        "incomeBeforeTaxRatio": 0.1070670166,
        "incomeTaxExpense": 11023000,
        "netIncome": 42384000,
        "netIncomeRatio": 0.0849894826,
        "eps": 1.51,
        "epsdiluted": 1.49,
        "weightedAverageShsOut": 28312000,
        "weightedAverageShsOutDil": 28645000,
        "link": "https://www.sec.gov/Archives/edgar/data/12208/000001220812000045/0000012208-12-000045-index.htm",
        "finalLink": "https://www.sec.gov/Archives/edgar/data/12208/000001220812000045/a10q93012.htm"
    },
    {
        "date": "2012-06-30",
        "symbol": "BIO",
        "reportedCurrency": "USD",
        "cik": "0000012208",
        "fillingDate": "2012-08-09",
        "acceptedDate": "2012-08-09 12:37:45",
        "calendarYear": "2012",
        "period": "Q2",
        "revenue": 510422000,
        "costOfRevenue": 222522000,
        "grossProfit": 287900000,
        "grossProfitRatio": 0.5640430859,
        "researchAndDevelopmentExpenses": 52336000,
        "generalAndAdministrativeExpenses": 162256000,
        "sellingAndMarketingExpenses": 0,
        "sellingGeneralAndAdministrativeExpenses": 162256000,
        "otherExpenses": 0,
        "operatingExpenses": 214592000,
        "costAndExpenses": 437114000,
        "interestIncome": 5900000,
        "interestExpense": 12401000,
        "depreciationAndAmortization": 31653000,
        "ebitda": 110073000,
        "ebitdaratio": 0.2156509712,
        "operatingIncome": 73308000,
        "operatingIncomeRatio": 0.143622336,
        "totalOtherIncomeExpensesNet": -7289000,
        "incomeBeforeTax": 66019000,
        "incomeBeforeTaxRatio": 0.1293419954,
        "incomeTaxExpense": 17454000,
        "netIncome": 48343000,
        "netIncomeRatio": 0.0947118267,
        "eps": 1.71,
        "epsdiluted": 1.69,
        "weightedAverageShsOut": 28250000,
        "weightedAverageShsOutDil": 28610000,
        "link": "https://www.sec.gov/Archives/edgar/data/12208/000001220812000037/0000012208-12-000037-index.htm",
        "finalLink": "https://www.sec.gov/Archives/edgar/data/12208/000001220812000037/a10q63012.htm"
    },
    {
        "date": "2012-03-31",
        "symbol": "BIO",
        "reportedCurrency": "USD",
        "cik": "0000012208",
        "fillingDate": "2012-05-10",
        "acceptedDate": "2012-05-10 14:41:07",
        "calendarYear": "2012",
        "period": "Q1",
        "revenue": 486277000,
        "costOfRevenue": 207695000,
        "grossProfit": 278582000,
        "grossProfitRatio": 0.5728874695,
        "researchAndDevelopmentExpenses": 52923000,
        "generalAndAdministrativeExpenses": 171293000,
        "sellingAndMarketingExpenses": 0,
        "sellingGeneralAndAdministrativeExpenses": 171293000,
        "otherExpenses": 0,
        "operatingExpenses": 224216000,
        "costAndExpenses": 431911000,
        "interestIncome": 1000000,
        "interestExpense": 13196000,
        "depreciationAndAmortization": 31096000,
        "ebitda": 90471000,
        "ebitdaratio": 0.1860482811,
        "operatingIncome": 54366000,
        "operatingIncomeRatio": 0.1118004759,
        "totalOtherIncomeExpensesNet": -8187000,
        "incomeBeforeTax": 46179000,
        "incomeBeforeTaxRatio": 0.0949643927,
        "incomeTaxExpense": 15235000,
        "netIncome": 31005000,
        "netIncomeRatio": 0.0637599557,
        "eps": 1.1,
        "epsdiluted": 1.09,
        "weightedAverageShsOut": 28201000,
        "weightedAverageShsOutDil": 28553000,
        "link": "https://www.sec.gov/Archives/edgar/data/12208/000001220812000021/0000012208-12-000021-index.htm",
        "finalLink": "https://www.sec.gov/Archives/edgar/data/12208/000001220812000021/a10q33112v2.htm"
    },
    {
        "date": "2011-12-31",
        "symbol": "BIO",
        "reportedCurrency": "USD",
        "cik": "0000012208",
        "fillingDate": "2012-02-29",
        "acceptedDate": "2012-02-29 14:55:58",
        "calendarYear": "2011",
        "period": "Q4",
        "revenue": 550238000,
        "costOfRevenue": 239272000,
        "grossProfit": 310966000,
        "grossProfitRatio": 0.5651481722,
        "researchAndDevelopmentExpenses": 50112000,
        "generalAndAdministrativeExpenses": 174924000,
        "sellingAndMarketingExpenses": 0,
        "sellingGeneralAndAdministrativeExpenses": 174924000,
        "otherExpenses": 0,
        "operatingExpenses": 225036000,
        "costAndExpenses": 464308000,
        "interestIncome": 0,
        "interestExpense": 11987000,
        "depreciationAndAmortization": 32873000,
        "ebitda": 118769000,
        "ebitdaratio": 0.2158502321,
        "operatingIncome": 85930000,
        "operatingIncomeRatio": 0.1561687851,
        "totalOtherIncomeExpensesNet": -12021000,
        "incomeBeforeTax": 73909000,
        "incomeBeforeTaxRatio": 0.1343218753,
        "incomeTaxExpense": 14708000,
        "netIncome": 59239000,
        "netIncomeRatio": 0.107660685,
        "eps": 2.1,
        "epsdiluted": 2.07,
        "weightedAverageShsOut": 28201000,
        "weightedAverageShsOutDil": 28553000,
        "link": "https://www.sec.gov/Archives/edgar/data/12208/000001220812000008/0000012208-12-000008-index.htm",
        "finalLink": "https://www.sec.gov/Archives/edgar/data/12208/000001220812000008/a10k123111.htm"
    },
    {
        "date": "2011-09-30",
        "symbol": "BIO",
        "reportedCurrency": "USD",
        "cik": "0000012208",
        "fillingDate": "2011-11-03",
        "acceptedDate": "2011-11-03 13:35:18",
        "calendarYear": "2011",
        "period": "Q3",
        "revenue": 516514000,
        "costOfRevenue": 220338000,
        "grossProfit": 296176000,
        "grossProfitRatio": 0.5734133054,
        "researchAndDevelopmentExpenses": 45387000,
        "generalAndAdministrativeExpenses": 176867000,
        "sellingAndMarketingExpenses": 0,
        "sellingGeneralAndAdministrativeExpenses": 176867000,
        "otherExpenses": 0,
        "operatingExpenses": 222254000,
        "costAndExpenses": 442592000,
        "interestIncome": 0,
        "interestExpense": 12341000,
        "depreciationAndAmortization": 30384000,
        "ebitda": 98498000,
        "ebitdaratio": 0.1906976384,
        "operatingIncome": 73922000,
        "operatingIncomeRatio": 0.1431171275,
        "totalOtherIncomeExpensesNet": -18149000,
        "incomeBeforeTax": 55773000,
        "incomeBeforeTaxRatio": 0.1079796482,
        "incomeTaxExpense": 9911000,
        "netIncome": 45897000,
        "netIncomeRatio": 0.0888591597,
        "eps": 1.63,
        "epsdiluted": 1.61,
        "weightedAverageShsOut": 28072000,
        "weightedAverageShsOutDil": 28456000,
        "link": "https://www.sec.gov/Archives/edgar/data/12208/000001220811000070/0000012208-11-000070-index.htm",
        "finalLink": "https://www.sec.gov/Archives/edgar/data/12208/000001220811000070/a10q93011.htm"
    },
    {
        "date": "2011-06-30",
        "symbol": "BIO",
        "reportedCurrency": "USD",
        "cik": "0000012208",
        "fillingDate": "2011-08-04",
        "acceptedDate": "2011-08-03 17:46:59",
        "calendarYear": "2011",
        "period": "Q2",
        "revenue": 521656000,
        "costOfRevenue": 228520000,
        "grossProfit": 293136000,
        "grossProfitRatio": 0.5619335347,
        "researchAndDevelopmentExpenses": 48210000,
        "generalAndAdministrativeExpenses": 176740000,
        "sellingAndMarketingExpenses": 0,
        "sellingGeneralAndAdministrativeExpenses": 176740000,
        "otherExpenses": 0,
        "operatingExpenses": 224950000,
        "costAndExpenses": 453470000,
        "interestIncome": 0,
        "interestExpense": 12041000,
        "depreciationAndAmortization": 29628000,
        "ebitda": 99488000,
        "ebitdaratio": 0.1907157207,
        "operatingIncome": 68186000,
        "operatingIncomeRatio": 0.1307106599,
        "totalOtherIncomeExpensesNet": -10367000,
        "incomeBeforeTax": 57819000,
        "incomeBeforeTaxRatio": 0.1108374101,
        "incomeTaxExpense": 17797000,
        "netIncome": 40048000,
        "netIncomeRatio": 0.0767708988,
        "eps": 1.43,
        "epsdiluted": 1.41,
        "weightedAverageShsOut": 28014000,
        "weightedAverageShsOutDil": 28495000,
        "link": "https://www.sec.gov/Archives/edgar/data/12208/000001220811000059/0000012208-11-000059-index.htm",
        "finalLink": "https://www.sec.gov/Archives/edgar/data/12208/000001220811000059/b10q06302011.htm"
    },
    {
        "date": "2011-03-31",
        "symbol": "BIO",
        "reportedCurrency": "USD",
        "cik": "0000012208",
        "fillingDate": "2011-05-06",
        "acceptedDate": "2011-05-06 14:45:36",
        "calendarYear": "2011",
        "period": "Q1",
        "revenue": 485121000,
        "costOfRevenue": 207510000,
        "grossProfit": 277611000,
        "grossProfitRatio": 0.5722510466,
        "researchAndDevelopmentExpenses": 42730000,
        "generalAndAdministrativeExpenses": 167763000,
        "sellingAndMarketingExpenses": 0,
        "sellingGeneralAndAdministrativeExpenses": 167763000,
        "otherExpenses": 0,
        "operatingExpenses": 210493000,
        "costAndExpenses": 418003000,
        "interestIncome": 0,
        "interestExpense": 16766000,
        "depreciationAndAmortization": 28115000,
        "ebitda": 93142000,
        "ebitdaratio": 0.1919974604,
        "operatingIncome": 67118000,
        "operatingIncomeRatio": 0.1383531119,
        "totalOtherIncomeExpensesNet": -18857000,
        "incomeBeforeTax": 48261000,
        "incomeBeforeTaxRatio": 0.0994823972,
        "incomeTaxExpense": 15323000,
        "netIncome": 33039000,
        "netIncomeRatio": 0.0681046584,
        "eps": 1.18,
        "epsdiluted": 1.16,
        "weightedAverageShsOut": 27904000,
        "weightedAverageShsOutDil": 28389000,
        "link": "https://www.sec.gov/Archives/edgar/data/12208/000001220811000046/0000012208-11-000046-index.htm",
        "finalLink": "https://www.sec.gov/Archives/edgar/data/12208/000001220811000046/b10q03312011.htm"
    },
    {
        "date": "2010-12-31",
        "symbol": "BIO",
        "reportedCurrency": "USD",
        "cik": "0000012208",
        "fillingDate": "2011-02-28",
        "acceptedDate": "2011-02-28 15:24:26",
        "calendarYear": "2010",
        "period": "Q4",
        "revenue": 533720000,
        "costOfRevenue": 233997000,
        "grossProfit": 299723000,
        "grossProfitRatio": 0.5615734842,
        "researchAndDevelopmentExpenses": 45267000,
        "generalAndAdministrativeExpenses": 176672000,
        "sellingAndMarketingExpenses": 0,
        "sellingGeneralAndAdministrativeExpenses": 176672000,
        "otherExpenses": 0,
        "operatingExpenses": 221939000,
        "costAndExpenses": 455936000,
        "interestIncome": 0,
        "interestExpense": 20548000,
        "depreciationAndAmortization": 28936000,
        "ebitda": 106685000,
        "ebitdaratio": 0.1998894551,
        "operatingIncome": 77784000,
        "operatingIncomeRatio": 0.145739339,
        "totalOtherIncomeExpensesNet": -20583000,
        "incomeBeforeTax": 57201000,
        "incomeBeforeTaxRatio": 0.1071741737,
        "incomeTaxExpense": -10736000,
        "netIncome": 67908000,
        "netIncomeRatio": 0.1272352544,
        "eps": 2.43,
        "epsdiluted": 2.39,
        "weightedAverageShsOut": 27904000,
        "weightedAverageShsOutDil": 28389000,
        "link": "https://www.sec.gov/Archives/edgar/data/12208/000001220811000016/0000012208-11-000016-index.htm",
        "finalLink": "https://www.sec.gov/Archives/edgar/data/12208/000001220811000016/form10k12312010final.htm"
    },
    {
        "date": "2010-09-30",
        "symbol": "BIO",
        "reportedCurrency": "USD",
        "cik": "0000012208",
        "fillingDate": "2010-11-09",
        "acceptedDate": "2010-11-09 14:58:29",
        "calendarYear": "2010",
        "period": "Q3",
        "revenue": 471502000,
        "costOfRevenue": 205172000,
        "grossProfit": 266330000,
        "grossProfitRatio": 0.5648544439,
        "researchAndDevelopmentExpenses": 42874000,
        "generalAndAdministrativeExpenses": 148654000,
        "sellingAndMarketingExpenses": 0,
        "sellingGeneralAndAdministrativeExpenses": 148654000,
        "otherExpenses": 0,
        "operatingExpenses": 191528000,
        "costAndExpenses": 396700000,
        "interestIncome": 0,
        "interestExpense": 14400000,
        "depreciationAndAmortization": 26331000,
        "ebitda": 98640000,
        "ebitdaratio": 0.2092037786,
        "operatingIncome": 74802000,
        "operatingIncomeRatio": 0.1586461987,
        "totalOtherIncomeExpensesNet": -16893000,
        "incomeBeforeTax": 57909000,
        "incomeBeforeTaxRatio": 0.1228181429,
        "incomeTaxExpense": 12824000,
        "netIncome": 44764000,
        "netIncomeRatio": 0.0949391519,
        "eps": 1.62,
        "epsdiluted": 1.59,
        "weightedAverageShsOut": 27697000,
        "weightedAverageShsOutDil": 28103000,
        "link": "https://www.sec.gov/Archives/edgar/data/12208/000001220810000123/0000012208-10-000123-index.htm",
        "finalLink": "https://www.sec.gov/Archives/edgar/data/12208/000001220810000123/b10q09302010.htm"
    },
    {
        "date": "2010-06-30",
        "symbol": "BIO",
        "reportedCurrency": "USD",
        "cik": "0000012208",
        "fillingDate": "2010-08-06",
        "acceptedDate": "2010-08-06 12:56:51",
        "calendarYear": "2010",
        "period": "Q2",
        "revenue": 467662000,
        "costOfRevenue": 199354000,
        "grossProfit": 268308000,
        "grossProfitRatio": 0.5737220471,
        "researchAndDevelopmentExpenses": 43862000,
        "generalAndAdministrativeExpenses": 156270000,
        "sellingAndMarketingExpenses": 0,
        "sellingGeneralAndAdministrativeExpenses": 156270000,
        "otherExpenses": 0,
        "operatingExpenses": 200132000,
        "costAndExpenses": 399486000,
        "interestIncome": 0,
        "interestExpense": 14325000,
        "depreciationAndAmortization": 26085000,
        "ebitda": 95764000,
        "ebitdaratio": 0.2047718224,
        "operatingIncome": 68176000,
        "operatingIncomeRatio": 0.1457804996,
        "totalOtherIncomeExpensesNet": -12822000,
        "incomeBeforeTax": 55354000,
        "incomeBeforeTaxRatio": 0.1183632624,
        "incomeTaxExpense": 16833000,
        "netIncome": 37957000,
        "netIncomeRatio": 0.0811633188,
        "eps": 1.37,
        "epsdiluted": 1.35,
        "weightedAverageShsOut": 27606000,
        "weightedAverageShsOutDil": 28125000,
        "link": "https://www.sec.gov/Archives/edgar/data/12208/000001220810000097/0000012208-10-000097-index.htm",
        "finalLink": "https://www.sec.gov/Archives/edgar/data/12208/000001220810000097/f10q06302010.htm"
    },
    {
        "date": "2010-03-31",
        "symbol": "BIO",
        "reportedCurrency": "USD",
        "cik": "0000012208",
        "fillingDate": "2010-05-10",
        "acceptedDate": "2010-05-10 15:50:40",
        "calendarYear": "2010",
        "period": "Q1",
        "revenue": 454234000,
        "costOfRevenue": 197107000,
        "grossProfit": 257127000,
        "grossProfitRatio": 0.5660672693,
        "researchAndDevelopmentExpenses": 40263000,
        "generalAndAdministrativeExpenses": 153617000,
        "sellingAndMarketingExpenses": 0,
        "sellingGeneralAndAdministrativeExpenses": 153617000,
        "otherExpenses": 0,
        "operatingExpenses": 193880000,
        "costAndExpenses": 390987000,
        "interestIncome": 0,
        "interestExpense": 14444000,
        "depreciationAndAmortization": 27548000,
        "ebitda": 91811000,
        "ebitdaratio": 0.2021226945,
        "operatingIncome": 63247000,
        "operatingIncomeRatio": 0.1392388064,
        "totalOtherIncomeExpensesNet": -13428000,
        "incomeBeforeTax": 49819000,
        "incomeBeforeTaxRatio": 0.1096769506,
        "incomeTaxExpense": 14427000,
        "netIncome": 34861000,
        "netIncomeRatio": 0.0767467869,
        "eps": 1.27,
        "epsdiluted": 1.24,
        "weightedAverageShsOut": 27545000,
        "weightedAverageShsOutDil": 28072000,
        "link": "https://www.sec.gov/Archives/edgar/data/12208/000001220810000028/0000012208-10-000028-index.htm",
        "finalLink": "https://www.sec.gov/Archives/edgar/data/12208/000001220810000028/f10q03312010.htm"
    },
    {
        "date": "2009-12-31",
        "symbol": "BIO",
        "reportedCurrency": "USD",
        "cik": "0000012208",
        "fillingDate": "2010-02-26",
        "acceptedDate": "2010-02-26 17:18:58",
        "calendarYear": "2009",
        "period": "Q4",
        "revenue": 495073000,
        "costOfRevenue": 226604000,
        "grossProfit": 268469000,
        "grossProfitRatio": 0.5422816433,
        "researchAndDevelopmentExpenses": 44510000,
        "generalAndAdministrativeExpenses": 163862000,
        "sellingAndMarketingExpenses": 0,
        "sellingGeneralAndAdministrativeExpenses": 163862000,
        "otherExpenses": 0,
        "operatingExpenses": 208372000,
        "costAndExpenses": 434976000,
        "interestIncome": 0,
        "interestExpense": 14363000,
        "depreciationAndAmortization": -74003000,
        "ebitda": 56456000,
        "ebitdaratio": 0.1140357079,
        "operatingIncome": 56295000,
        "operatingIncomeRatio": 0.1137105033,
        "totalOtherIncomeExpensesNet": -14202000,
        "incomeBeforeTax": 42093000,
        "incomeBeforeTaxRatio": 0.0850238248,
        "incomeTaxExpense": 3571000,
        "netIncome": 37862000,
        "netIncomeRatio": 0.0764776104,
        "eps": 1.37,
        "epsdiluted": 1.35,
        "weightedAverageShsOut": 27545000,
        "weightedAverageShsOutDil": 28072000,
        "link": "https://www.sec.gov/Archives/edgar/data/12208/000001220810000013/0000012208-10-000013-index.htm",
        "finalLink": "https://www.sec.gov/Archives/edgar/data/12208/000001220810000013/b10k12312009.htm"
    },
    {
        "date": "2009-09-30",
        "symbol": "BIO",
        "reportedCurrency": "USD",
        "cik": "0000012208",
        "fillingDate": "2009-11-05",
        "acceptedDate": "2009-11-04 17:42:11",
        "calendarYear": "2009",
        "period": "Q3",
        "revenue": 461055000,
        "costOfRevenue": 200545000,
        "grossProfit": 260510000,
        "grossProfitRatio": 0.5650302025,
        "researchAndDevelopmentExpenses": 39516000,
        "generalAndAdministrativeExpenses": 153623000,
        "sellingAndMarketingExpenses": 0,
        "sellingGeneralAndAdministrativeExpenses": 153623000,
        "otherExpenses": 0,
        "operatingExpenses": 193139000,
        "costAndExpenses": 393684000,
        "interestIncome": 0,
        "interestExpense": 14487000,
        "depreciationAndAmortization": 26238000,
        "ebitda": 91945000,
        "ebitdaratio": 0.1994230623,
        "operatingIncome": 67371000,
        "operatingIncomeRatio": 0.1461235644,
        "totalOtherIncomeExpensesNet": -16151000,
        "incomeBeforeTax": 51220000,
        "incomeBeforeTaxRatio": 0.1110930366,
        "incomeTaxExpense": 11920000,
        "netIncome": 38524000,
        "netIncomeRatio": 0.0835561918,
        "eps": 1.4,
        "epsdiluted": 1.38,
        "weightedAverageShsOut": 27431000,
        "weightedAverageShsOutDil": 27875000,
        "link": "https://www.sec.gov/Archives/edgar/data/12208/000001220809000074/0000012208-09-000074-index.htm",
        "finalLink": "https://www.sec.gov/Archives/edgar/data/12208/000001220809000074/b10q09302009.htm"
    },
    {
        "date": "2009-06-30",
        "symbol": "BIO",
        "reportedCurrency": "USD",
        "cik": "0000012208",
        "fillingDate": "2009-08-05",
        "acceptedDate": "2009-08-05 16:31:01",
        "calendarYear": "2009",
        "period": "Q2",
        "revenue": 427183000,
        "costOfRevenue": 185221000,
        "grossProfit": 241962000,
        "grossProfitRatio": 0.5664129893,
        "researchAndDevelopmentExpenses": 42407000,
        "generalAndAdministrativeExpenses": 143670000,
        "sellingAndMarketingExpenses": 0,
        "sellingGeneralAndAdministrativeExpenses": 143670000,
        "otherExpenses": 0,
        "operatingExpenses": 186077000,
        "costAndExpenses": 371298000,
        "interestIncome": 0,
        "interestExpense": 10367000,
        "depreciationAndAmortization": 25438000,
        "ebitda": 85079000,
        "ebitdaratio": 0.199162888,
        "operatingIncome": 55885000,
        "operatingIncomeRatio": 0.1308221535,
        "totalOtherIncomeExpensesNet": -6611000,
        "incomeBeforeTax": 49274000,
        "incomeBeforeTaxRatio": 0.1153463504,
        "incomeTaxExpense": 9974000,
        "netIncome": 37969000,
        "netIncomeRatio": 0.0888822823,
        "eps": 1.39,
        "epsdiluted": 1.37,
        "weightedAverageShsOut": 27370000,
        "weightedAverageShsOutDil": 27742000,
        "link": "https://www.sec.gov/Archives/edgar/data/12208/000001220809000064/0000012208-09-000064-index.htm",
        "finalLink": "https://www.sec.gov/Archives/edgar/data/12208/000001220809000064/b10q06302009.htm"
    },
    {
        "date": "2009-03-31",
        "symbol": "BIO",
        "reportedCurrency": "USD",
        "cik": "0000012208",
        "fillingDate": "2009-05-08",
        "acceptedDate": "2009-05-08 15:14:43",
        "calendarYear": "2009",
        "period": "Q1",
        "revenue": 400933000,
        "costOfRevenue": 172031000,
        "grossProfit": 228902000,
        "grossProfitRatio": 0.5709233214,
        "researchAndDevelopmentExpenses": 37152000,
        "generalAndAdministrativeExpenses": 140313000,
        "sellingAndMarketingExpenses": 0,
        "sellingGeneralAndAdministrativeExpenses": 140313000,
        "otherExpenses": 0,
        "operatingExpenses": 177465000,
        "costAndExpenses": 349496000,
        "interestIncome": 0,
        "interestExpense": 7807000,
        "depreciationAndAmortization": 22327000,
        "ebitda": 73379000,
        "ebitdaratio": 0.1830206044,
        "operatingIncome": 51437000,
        "operatingIncomeRatio": 0.128293256,
        "totalOtherIncomeExpensesNet": -8192000,
        "incomeBeforeTax": 43245000,
        "incomeBeforeTaxRatio": 0.1078609144,
        "incomeTaxExpense": 11202000,
        "netIncome": 30265000,
        "netIncomeRatio": 0.0754864279,
        "eps": 1.11,
        "epsdiluted": 1.1,
        "weightedAverageShsOut": 27321000,
        "weightedAverageShsOutDil": 27618000,
        "link": "https://www.sec.gov/Archives/edgar/data/12208/000001220809000023/0000012208-09-000023-index.htm",
        "finalLink": "https://www.sec.gov/Archives/edgar/data/12208/000001220809000023/f10q03312009.htm"
    },
    {
        "date": "2008-12-31",
        "symbol": "BIO",
        "reportedCurrency": "USD",
        "cik": "0000012208",
        "fillingDate": "2009-02-27",
        "acceptedDate": "2009-02-27 16:06:27",
        "calendarYear": "2008",
        "period": "Q4",
        "revenue": 447965000,
        "costOfRevenue": 201289000,
        "grossProfit": 246676000,
        "grossProfitRatio": 0.5506590917,
        "researchAndDevelopmentExpenses": 41120000,
        "generalAndAdministrativeExpenses": 154497000,
        "sellingAndMarketingExpenses": 0,
        "sellingGeneralAndAdministrativeExpenses": 154497000,
        "otherExpenses": 0,
        "operatingExpenses": 195617000,
        "costAndExpenses": 396906000,
        "interestIncome": 0,
        "interestExpense": 0,
        "depreciationAndAmortization": 22778000,
        "ebitda": 37093000,
        "ebitdaratio": 0.082803344,
        "operatingIncome": 22302000,
        "operatingIncomeRatio": 0.0497851395,
        "totalOtherIncomeExpensesNet": -18243000,
        "incomeBeforeTax": 4059000,
        "incomeBeforeTaxRatio": 0.0090609757,
        "incomeTaxExpense": 10567000,
        "netIncome": -8216000,
        "netIncomeRatio": -0.0183407186,
        "eps": -0.3,
        "epsdiluted": -0.3,
        "weightedAverageShsOut": 27321000,
        "weightedAverageShsOutDil": 27618000,
        "link": "https://www.sec.gov/Archives/edgar/data/12208/000001220809000011/0000012208-09-000011-index.htm",
        "finalLink": "https://www.sec.gov/Archives/edgar/data/12208/000001220809000011/f10k12312008.htm"
    },
    {
        "date": "2008-09-30",
        "symbol": "BIO",
        "reportedCurrency": "USD",
        "cik": "0000012208",
        "fillingDate": "2008-11-07",
        "acceptedDate": "2008-11-07 13:54:27",
        "calendarYear": "2008",
        "period": "Q3",
        "revenue": 441842000,
        "costOfRevenue": 201300000,
        "grossProfit": 240542000,
        "grossProfitRatio": 0.5444072768,
        "researchAndDevelopmentExpenses": 38830000,
        "generalAndAdministrativeExpenses": 150518000,
        "sellingAndMarketingExpenses": 0,
        "sellingGeneralAndAdministrativeExpenses": 150518000,
        "otherExpenses": 0,
        "operatingExpenses": 189348000,
        "costAndExpenses": 390648000,
        "interestIncome": 0,
        "interestExpense": 8180000,
        "depreciationAndAmortization": 24999000,
        "ebitda": 75761000,
        "ebitdaratio": 0.1714662707,
        "operatingIncome": 51194000,
        "operatingIncomeRatio": 0.1158649472,
        "totalOtherIncomeExpensesNet": -7748000,
        "incomeBeforeTax": 43446000,
        "incomeBeforeTaxRatio": 0.098329267,
        "incomeTaxExpense": 12557000,
        "netIncome": 27833000,
        "netIncomeRatio": 0.0629931061,
        "eps": 1.02,
        "epsdiluted": 1,
        "weightedAverageShsOut": 27171000,
        "weightedAverageShsOutDil": 27747000,
        "link": "https://www.sec.gov/Archives/edgar/data/12208/000001220808000046/0000012208-08-000046-index.htm",
        "finalLink": "https://www.sec.gov/Archives/edgar/data/12208/000001220808000046/f10q09302008.htm"
    },
    {
        "date": "2008-06-30",
        "symbol": "BIO",
        "reportedCurrency": "USD",
        "cik": "0000012208",
        "fillingDate": "2008-08-07",
        "acceptedDate": "2008-08-07 17:26:44",
        "calendarYear": "2008",
        "period": "Q2",
        "revenue": 452361000,
        "costOfRevenue": 203940000,
        "grossProfit": 248421000,
        "grossProfitRatio": 0.549165379,
        "researchAndDevelopmentExpenses": 42079000,
        "generalAndAdministrativeExpenses": 146634000,
        "sellingAndMarketingExpenses": 0,
        "sellingGeneralAndAdministrativeExpenses": 146634000,
        "otherExpenses": 0,
        "operatingExpenses": 188713000,
        "costAndExpenses": 392653000,
        "interestIncome": 0,
        "interestExpense": 7991000,
        "depreciationAndAmortization": 25583000,
        "ebitda": 81052000,
        "ebitdaratio": 0.1791754815,
        "operatingIncome": 59708000,
        "operatingIncomeRatio": 0.1319919268,
        "totalOtherIncomeExpensesNet": -3752000,
        "incomeBeforeTax": 55956000,
        "incomeBeforeTaxRatio": 0.1236976662,
        "incomeTaxExpense": 10632000,
        "netIncome": 43398000,
        "netIncomeRatio": 0.0959366524,
        "eps": 1.61,
        "epsdiluted": 1.57,
        "weightedAverageShsOut": 27038000,
        "weightedAverageShsOutDil": 27569000,
        "link": "https://www.sec.gov/Archives/edgar/data/12208/000001220808000029/0000012208-08-000029-index.htm",
        "finalLink": "https://www.sec.gov/Archives/edgar/data/12208/000001220808000029/f10q6302008.htm"
    },
    {
        "date": "2008-03-31",
        "symbol": "BIO",
        "reportedCurrency": "USD",
        "cik": "0000012208",
        "fillingDate": "2008-05-08",
        "acceptedDate": "2008-05-08 13:15:23",
        "calendarYear": "2008",
        "period": "Q1",
        "revenue": 422197000,
        "costOfRevenue": 195314000,
        "grossProfit": 226883000,
        "grossProfitRatio": 0.5373865755,
        "researchAndDevelopmentExpenses": 37489000,
        "generalAndAdministrativeExpenses": 139655000,
        "sellingAndMarketingExpenses": 0,
        "sellingGeneralAndAdministrativeExpenses": 139655000,
        "otherExpenses": 0,
        "operatingExpenses": 177144000,
        "costAndExpenses": 372458000,
        "interestIncome": 0,
        "interestExpense": 7957000,
        "depreciationAndAmortization": 23740000,
        "ebitda": 75879000,
        "ebitdaratio": 0.1797241572,
        "operatingIncome": 49739000,
        "operatingIncomeRatio": 0.1178099323,
        "totalOtherIncomeExpensesNet": -10357000,
        "incomeBeforeTax": 39382000,
        "incomeBeforeTaxRatio": 0.0932787301,
        "incomeTaxExpense": 10823000,
        "netIncome": 26495000,
        "netIncomeRatio": 0.0627550646,
        "eps": 0.98,
        "epsdiluted": 0.96,
        "weightedAverageShsOut": 26955000,
        "weightedAverageShsOutDil": 27538000,
        "link": "https://www.sec.gov/Archives/edgar/data/12208/000001220808000019/0000012208-08-000019-index.htm",
        "finalLink": "https://www.sec.gov/Archives/edgar/data/12208/000001220808000019/f10q03312008.htm"
    },
    {
        "date": "2007-12-31",
        "symbol": "BIO",
        "reportedCurrency": "USD",
        "cik": "0000012208",
        "fillingDate": "2008-02-29",
        "acceptedDate": "2008-02-29 17:24:08",
        "calendarYear": "2007",
        "period": "Q4",
        "revenue": 459688000,
        "costOfRevenue": 226055000,
        "grossProfit": 233633000,
        "grossProfitRatio": 0.5082425471,
        "researchAndDevelopmentExpenses": 39855000,
        "generalAndAdministrativeExpenses": 162990000,
        "sellingAndMarketingExpenses": 0,
        "sellingGeneralAndAdministrativeExpenses": 162990000,
        "otherExpenses": 0,
        "operatingExpenses": 202845000,
        "costAndExpenses": 428900000,
        "interestIncome": 0,
        "interestExpense": 0,
        "depreciationAndAmortization": 23894000,
        "ebitda": 54682000,
        "ebitdaratio": 0.1189545953,
        "operatingIncome": 23132000,
        "operatingIncomeRatio": 0.0503210873,
        "totalOtherIncomeExpensesNet": -10548000,
        "incomeBeforeTax": 12584000,
        "incomeBeforeTaxRatio": 0.0273750892,
        "incomeTaxExpense": -1072000,
        "netIncome": 12355000,
        "netIncomeRatio": 0.0268769252,
        "eps": 0.46,
        "epsdiluted": 0.45,
        "weightedAverageShsOut": 26881000,
        "weightedAverageShsOutDil": 27464000,
        "link": "https://www.sec.gov/Archives/edgar/data/12208/000001220808000008/0000012208-08-000008-index.htm",
        "finalLink": "https://www.sec.gov/Archives/edgar/data/12208/000001220808000008/f10k12312007.htm"
    },
    {
        "date": "2007-09-30",
        "symbol": "BIO",
        "reportedCurrency": "USD",
        "cik": "0000012208",
        "fillingDate": "2007-11-09",
        "acceptedDate": "2007-11-09 15:41:52",
        "calendarYear": "2007",
        "period": "Q3",
        "revenue": 339742000,
        "costOfRevenue": 151385000,
        "grossProfit": 188357000,
        "grossProfitRatio": 0.5544118772,
        "researchAndDevelopmentExpenses": 33145000,
        "generalAndAdministrativeExpenses": 117687000,
        "sellingAndMarketingExpenses": 0,
        "sellingGeneralAndAdministrativeExpenses": 117687000,
        "otherExpenses": 0,
        "operatingExpenses": 150832000,
        "costAndExpenses": 302217000,
        "interestIncome": 0,
        "interestExpense": 0,
        "depreciationAndAmortization": 14566000,
        "ebitda": 52091000,
        "ebitdaratio": 0.1533251703,
        "operatingIncome": 37525000,
        "operatingIncomeRatio": 0.1104514602,
        "totalOtherIncomeExpensesNet": -2417000,
        "incomeBeforeTax": 35108000,
        "incomeBeforeTaxRatio": 0.1033372383,
        "incomeTaxExpense": 7137000,
        "netIncome": 27971000,
        "netIncomeRatio": 0.0823301211,
        "eps": 1.05,
        "epsdiluted": 1.03,
        "weightedAverageShsOut": 26715000,
        "weightedAverageShsOutDil": 27270000,
        "link": "https://www.sec.gov/Archives/edgar/data/12208/000001220807000031/0000012208-07-000031-index.htm",
        "finalLink": "https://www.sec.gov/Archives/edgar/data/12208/000001220807000031/f10q09302007.htm"
    },
    {
        "date": "2007-06-30",
        "symbol": "BIO",
        "reportedCurrency": "USD",
        "cik": "0000012208",
        "fillingDate": "2007-08-08",
        "acceptedDate": "2007-08-08 15:35:28",
        "calendarYear": "2007",
        "period": "Q2",
        "revenue": 339114000,
        "costOfRevenue": 149123000,
        "grossProfit": 189991000,
        "grossProfitRatio": 0.5602570227,
        "researchAndDevelopmentExpenses": 34754000,
        "generalAndAdministrativeExpenses": 119551000,
        "sellingAndMarketingExpenses": 0,
        "sellingGeneralAndAdministrativeExpenses": 119551000,
        "otherExpenses": 0,
        "operatingExpenses": 154305000,
        "costAndExpenses": 303428000,
        "interestIncome": 0,
        "interestExpense": 0,
        "depreciationAndAmortization": 14465000,
        "ebitda": 50151000,
        "ebitdaratio": 0.1478883207,
        "operatingIncome": 35686000,
        "operatingIncomeRatio": 0.1052330485,
        "totalOtherIncomeExpensesNet": 26000,
        "incomeBeforeTax": 35712000,
        "incomeBeforeTaxRatio": 0.1053097189,
        "incomeTaxExpense": 10041000,
        "netIncome": 25671000,
        "netIncomeRatio": 0.075700207,
        "eps": 0.96,
        "epsdiluted": 0.95,
        "weightedAverageShsOut": 26657000,
        "weightedAverageShsOutDil": 27164000,
        "link": "https://www.sec.gov/Archives/edgar/data/12208/000001220807000024/0000012208-07-000024-index.htm",
        "finalLink": "https://www.sec.gov/Archives/edgar/data/12208/000001220807000024/f10q6302007.htm"
    },
    {
        "date": "2007-03-31",
        "symbol": "BIO",
        "reportedCurrency": "USD",
        "cik": "0000012208",
        "fillingDate": "2007-05-04",
        "acceptedDate": "2007-05-04 13:52:20",
        "calendarYear": "2007",
        "period": "Q1",
        "revenue": 322508000,
        "costOfRevenue": 143127000,
        "grossProfit": 179381000,
        "grossProfitRatio": 0.5562063577,
        "researchAndDevelopmentExpenses": 32781000,
        "generalAndAdministrativeExpenses": 107750000,
        "sellingAndMarketingExpenses": 0,
        "sellingGeneralAndAdministrativeExpenses": 107750000,
        "otherExpenses": 0,
        "operatingExpenses": 140531000,
        "costAndExpenses": 283658000,
        "interestIncome": 0,
        "interestExpense": 7869000,
        "depreciationAndAmortization": 14375000,
        "ebitda": 53225000,
        "ebitdaratio": 0.1650346658,
        "operatingIncome": 38850000,
        "operatingIncomeRatio": 0.1204621281,
        "totalOtherIncomeExpensesNet": -1411000,
        "incomeBeforeTax": 37439000,
        "incomeBeforeTaxRatio": 0.1160870428,
        "incomeTaxExpense": 10442000,
        "netIncome": 26997000,
        "netIncomeRatio": 0.0837095514,
        "eps": 1.02,
        "epsdiluted": 0.99,
        "weightedAverageShsOut": 26580000,
        "weightedAverageShsOutDil": 27156000,
        "link": "https://www.sec.gov/Archives/edgar/data/12208/000001220807000016/0000012208-07-000016-index.htm",
        "finalLink": "https://www.sec.gov/Archives/edgar/data/12208/000001220807000016/r10q03312007.htm"
    },
    {
        "date": "2006-12-31",
        "symbol": "BIO",
        "reportedCurrency": "USD",
        "cik": "0000012208",
        "fillingDate": "2007-03-01",
        "acceptedDate": "2007-02-28 20:48:43",
        "calendarYear": "2006",
        "period": "Q4",
        "revenue": 343081000,
        "costOfRevenue": 157524000,
        "grossProfit": 185557000,
        "grossProfitRatio": 0.5408547836,
        "researchAndDevelopmentExpenses": 33326000,
        "generalAndAdministrativeExpenses": 122463000,
        "sellingAndMarketingExpenses": 0,
        "sellingGeneralAndAdministrativeExpenses": 122463000,
        "otherExpenses": 0,
        "operatingExpenses": 155789000,
        "costAndExpenses": 313313000,
        "interestIncome": 0,
        "interestExpense": 0,
        "depreciationAndAmortization": 15100000,
        "ebitda": 44868000,
        "ebitdaratio": 0.1307796118,
        "operatingIncome": 25668000,
        "operatingIncomeRatio": 0.0748161513,
        "totalOtherIncomeExpensesNet": -1823000,
        "incomeBeforeTax": 23845000,
        "incomeBeforeTaxRatio": 0.0695025373,
        "incomeTaxExpense": 7196000,
        "netIncome": 16649000,
        "netIncomeRatio": 0.0485278987,
        "eps": 0.63,
        "epsdiluted": 0.61,
        "weightedAverageShsOut": 26580000,
        "weightedAverageShsOutDil": 27156000,
        "link": "https://www.sec.gov/Archives/edgar/data/12208/000001220807000011/0000012208-07-000011-index.htm",
        "finalLink": "https://www.sec.gov/Archives/edgar/data/12208/000001220807000011/f10k123106.htm"
    },
    {
        "date": "2006-09-30",
        "symbol": "BIO",
        "reportedCurrency": "USD",
        "cik": "0000012208",
        "fillingDate": "2006-11-08",
        "acceptedDate": "2006-11-08 13:26:51",
        "calendarYear": "2006",
        "period": "Q3",
        "revenue": 304764000,
        "costOfRevenue": 137975000,
        "grossProfit": 166789000,
        "grossProfitRatio": 0.5472726438,
        "researchAndDevelopmentExpenses": 30988000,
        "generalAndAdministrativeExpenses": 105950000,
        "sellingAndMarketingExpenses": 0,
        "sellingGeneralAndAdministrativeExpenses": 105950000,
        "otherExpenses": 0,
        "operatingExpenses": 136938000,
        "costAndExpenses": 274913000,
        "interestIncome": 0,
        "interestExpense": 8212000000,
        "depreciationAndAmortization": 13864000,
        "ebitda": 43715000,
        "ebitdaratio": 0.1434388576,
        "operatingIncome": 29851000,
        "operatingIncomeRatio": 0.0979479204,
        "totalOtherIncomeExpensesNet": 2595000,
        "incomeBeforeTax": 32446000,
        "incomeBeforeTaxRatio": 0.1064627056,
        "incomeTaxExpense": 9296000,
        "netIncome": 23150000,
        "netIncomeRatio": 0.0759604153,
        "eps": 0.88,
        "epsdiluted": 0.86,
        "weightedAverageShsOut": 26407000,
        "weightedAverageShsOutDil": 26971000,
        "link": "https://www.sec.gov/Archives/edgar/data/12208/000001220806000025/0000012208-06-000025-index.htm",
        "finalLink": "https://www.sec.gov/Archives/edgar/data/12208/000001220806000025/r10q93006.htm"
    },
    {
        "date": "2006-06-30",
        "symbol": "BIO",
        "reportedCurrency": "USD",
        "cik": "0000012208",
        "fillingDate": "2006-08-08",
        "acceptedDate": "2006-08-07 17:33:58",
        "calendarYear": "2006",
        "period": "Q2",
        "revenue": 317747000,
        "costOfRevenue": 133085000,
        "grossProfit": 184662000,
        "grossProfitRatio": 0.581160483,
        "researchAndDevelopmentExpenses": 30971000,
        "generalAndAdministrativeExpenses": 110466000,
        "sellingAndMarketingExpenses": 0,
        "sellingGeneralAndAdministrativeExpenses": 110466000,
        "otherExpenses": 0,
        "operatingExpenses": 141437000,
        "costAndExpenses": 274522000,
        "interestIncome": 0,
        "interestExpense": 7880000000,
        "depreciationAndAmortization": 13465000,
        "ebitda": 56690000,
        "ebitdaratio": 0.1784123847,
        "operatingIncome": 43225000,
        "operatingIncomeRatio": 0.1360359028,
        "totalOtherIncomeExpensesNet": -1368000,
        "incomeBeforeTax": 41857000,
        "incomeBeforeTaxRatio": 0.1317305907,
        "incomeTaxExpense": 9591000,
        "netIncome": 32266000,
        "netIncomeRatio": 0.1015461987,
        "eps": 1.22,
        "epsdiluted": 1.2,
        "weightedAverageShsOut": 26341000,
        "weightedAverageShsOutDil": 26900000,
        "link": "https://www.sec.gov/Archives/edgar/data/12208/000001220806000020/0000012208-06-000020-index.htm",
        "finalLink": "https://www.sec.gov/Archives/edgar/data/12208/000001220806000020/f10q63006.htm"
    },
    {
        "date": "2006-03-31",
        "symbol": "BIO",
        "reportedCurrency": "USD",
        "cik": "0000012208",
        "fillingDate": "2006-05-09",
        "acceptedDate": "2006-05-09 17:00:19",
        "calendarYear": "2006",
        "period": "Q1",
        "revenue": 308338000,
        "costOfRevenue": 132810000,
        "grossProfit": 175528000,
        "grossProfitRatio": 0.569271384,
        "researchAndDevelopmentExpenses": 28091000,
        "generalAndAdministrativeExpenses": 100070000,
        "sellingAndMarketingExpenses": 0,
        "sellingGeneralAndAdministrativeExpenses": 100070000,
        "otherExpenses": 0,
        "operatingExpenses": 128161000,
        "costAndExpenses": 260971000,
        "interestIncome": 0,
        "interestExpense": 8019000000,
        "depreciationAndAmortization": 12971000,
        "ebitda": 60338000,
        "ebitdaratio": 0.195687849,
        "operatingIncome": 47367000,
        "operatingIncomeRatio": 0.1536203776,
        "totalOtherIncomeExpensesNet": -3488000,
        "incomeBeforeTax": 43879000,
        "incomeBeforeTaxRatio": 0.1423081164,
        "incomeTaxExpense": 12681000,
        "netIncome": 31198000,
        "netIncomeRatio": 0.1011811713,
        "eps": 1.19,
        "epsdiluted": 1.16,
        "weightedAverageShsOut": 26277000,
        "weightedAverageShsOutDil": 26829000,
        "link": "https://www.sec.gov/Archives/edgar/data/12208/000001220806000015/0000012208-06-000015-index.htm",
        "finalLink": "https://www.sec.gov/Archives/edgar/data/12208/000001220806000015/f10q33106.htm"
    },
    {
        "date": "2005-12-31",
        "symbol": "BIO",
        "reportedCurrency": "USD",
        "cik": "0000012208",
        "fillingDate": "2006-03-03",
        "acceptedDate": "2006-03-03 14:01:52",
        "calendarYear": "2005",
        "period": "Q4",
        "revenue": 307287000,
        "costOfRevenue": 144662000,
        "grossProfit": 162625000,
        "grossProfitRatio": 0.5292283761,
        "researchAndDevelopmentExpenses": 31109000,
        "generalAndAdministrativeExpenses": 109626000,
        "sellingAndMarketingExpenses": 0,
        "sellingGeneralAndAdministrativeExpenses": 109626000,
        "otherExpenses": 0,
        "operatingExpenses": 140735000,
        "costAndExpenses": 285397000,
        "interestIncome": 0,
        "interestExpense": 0,
        "depreciationAndAmortization": 16419000,
        "ebitda": 38309000,
        "ebitdaratio": 0.1246684695,
        "operatingIncome": 21890000,
        "operatingIncomeRatio": 0.0712363361,
        "totalOtherIncomeExpensesNet": -12885000,
        "incomeBeforeTax": 9005000,
        "incomeBeforeTaxRatio": 0.0293048518,
        "incomeTaxExpense": -4447000,
        "netIncome": 13452000,
        "netIncomeRatio": 0.0437766648,
        "eps": 0.51,
        "epsdiluted": 0.5,
        "weightedAverageShsOut": 26277000,
        "weightedAverageShsOutDil": 26829000,
        "link": "https://www.sec.gov/Archives/edgar/data/12208/000001220806000009/0000012208-06-000009-index.htm",
        "finalLink": "https://www.sec.gov/Archives/edgar/data/12208/000001220806000009/f10k123105.htm"
    },
    {
        "date": "2005-09-30",
        "symbol": "BIO",
        "reportedCurrency": "USD",
        "cik": "0000012208",
        "fillingDate": "2005-11-08",
        "acceptedDate": "2005-11-07 18:59:54",
        "calendarYear": "2005",
        "period": "Q3",
        "revenue": 283225000,
        "costOfRevenue": 126413000,
        "grossProfit": 156812000,
        "grossProfitRatio": 0.5536658134,
        "researchAndDevelopmentExpenses": 28673000,
        "generalAndAdministrativeExpenses": 102738000,
        "sellingAndMarketingExpenses": 0,
        "sellingGeneralAndAdministrativeExpenses": 102738000,
        "otherExpenses": 0,
        "operatingExpenses": 131411000,
        "costAndExpenses": 257824000,
        "interestIncome": 0,
        "interestExpense": 8210000000,
        "depreciationAndAmortization": 14490000,
        "ebitda": 39891000,
        "ebitdaratio": 0.1408456174,
        "operatingIncome": 25401000,
        "operatingIncomeRatio": 0.0896848795,
        "totalOtherIncomeExpensesNet": -4607000,
        "incomeBeforeTax": 20794000,
        "incomeBeforeTaxRatio": 0.0734186601,
        "incomeTaxExpense": 4575000,
        "netIncome": 16219000,
        "netIncomeRatio": 0.057265425,
        "eps": 0.62,
        "epsdiluted": 0.61,
        "weightedAverageShsOut": 26115000,
        "weightedAverageShsOutDil": 26695000,
        "link": "https://www.sec.gov/Archives/edgar/data/12208/000001220805000036/0000012208-05-000036-index.htm",
        "finalLink": "https://www.sec.gov/Archives/edgar/data/12208/000001220805000036/f10q93005.htm"
    },
    {
        "date": "2005-06-30",
        "symbol": "BIO",
        "reportedCurrency": "USD",
        "cik": "0000012208",
        "fillingDate": "2005-08-09",
        "acceptedDate": "2005-08-08 17:47:28",
        "calendarYear": "2005",
        "period": "Q2",
        "revenue": 291302000,
        "costOfRevenue": 130659000,
        "grossProfit": 160643000,
        "grossProfitRatio": 0.5514654894,
        "researchAndDevelopmentExpenses": 28499000,
        "generalAndAdministrativeExpenses": 104222000,
        "sellingAndMarketingExpenses": 0,
        "sellingGeneralAndAdministrativeExpenses": 104222000,
        "otherExpenses": 0,
        "operatingExpenses": 132721000,
        "costAndExpenses": 263380000,
        "interestIncome": 0,
        "interestExpense": 8044000000,
        "depreciationAndAmortization": 14920000,
        "ebitda": 42842000,
        "ebitdaratio": 0.1470707376,
        "operatingIncome": 27922000,
        "operatingIncomeRatio": 0.0958524143,
        "totalOtherIncomeExpensesNet": -2433000,
        "incomeBeforeTax": 25489000,
        "incomeBeforeTaxRatio": 0.0875002575,
        "incomeTaxExpense": 7101000,
        "netIncome": 18388000,
        "netIncomeRatio": 0.0631234938,
        "eps": 0.71,
        "epsdiluted": 0.69,
        "weightedAverageShsOut": 26020000,
        "weightedAverageShsOutDil": 26610000,
        "link": "https://www.sec.gov/Archives/edgar/data/12208/000001220805000028/0000012208-05-000028-index.htm",
        "finalLink": "https://www.sec.gov/Archives/edgar/data/12208/000001220805000028/r10q630.htm"
    },
    {
        "date": "2005-03-31",
        "symbol": "BIO",
        "reportedCurrency": "USD",
        "cik": "0000012208",
        "fillingDate": "2005-05-10",
        "acceptedDate": "2005-05-10 13:35:27",
        "calendarYear": "2005",
        "period": "Q1",
        "revenue": 299171000,
        "costOfRevenue": 132765000,
        "grossProfit": 166406000,
        "grossProfitRatio": 0.5562236982,
        "researchAndDevelopmentExpenses": 26823000,
        "generalAndAdministrativeExpenses": 99498000,
        "sellingAndMarketingExpenses": 0,
        "sellingGeneralAndAdministrativeExpenses": 99498000,
        "otherExpenses": 0,
        "operatingExpenses": 126321000,
        "costAndExpenses": 259086000,
        "interestIncome": 0,
        "interestExpense": 8117000000,
        "depreciationAndAmortization": 15171000,
        "ebitda": 55256000,
        "ebitdaratio": 0.1846970462,
        "operatingIncome": 40085000,
        "operatingIncomeRatio": 0.1339869172,
        "totalOtherIncomeExpensesNet": -2002000,
        "incomeBeforeTax": 38083000,
        "incomeBeforeTaxRatio": 0.1272950921,
        "incomeTaxExpense": 8563000,
        "netIncome": 33494000,
        "netIncomeRatio": 0.1119560385,
        "eps": 1.29,
        "epsdiluted": 1.26,
        "weightedAverageShsOut": 25909000,
        "weightedAverageShsOutDil": 26555000,
        "link": "https://www.sec.gov/Archives/edgar/data/12208/000001220805000016/0000012208-05-000016-index.htm",
        "finalLink": "https://www.sec.gov/Archives/edgar/data/12208/000001220805000016/r10q0305.htm"
    },
    {
        "date": "2004-12-31",
        "symbol": "BIO",
        "reportedCurrency": "USD",
        "cik": "0000012208",
        "fillingDate": "2005-03-03",
        "acceptedDate": "2005-03-03 16:59:49",
        "calendarYear": "2004",
        "period": "Q4",
        "revenue": 307868000,
        "costOfRevenue": 139533000,
        "grossProfit": 168335000,
        "grossProfitRatio": 0.5467765406,
        "researchAndDevelopmentExpenses": 31885000,
        "generalAndAdministrativeExpenses": 110825000,
        "sellingAndMarketingExpenses": 0,
        "sellingGeneralAndAdministrativeExpenses": 110825000,
        "otherExpenses": 0,
        "operatingExpenses": 142710000,
        "costAndExpenses": 282243000,
        "interestIncome": 0,
        "interestExpense": 0,
        "depreciationAndAmortization": 19469000,
        "ebitda": 45094000,
        "ebitdaratio": 0.1464718646,
        "operatingIncome": 25625000,
        "operatingIncomeRatio": 0.0832337235,
        "totalOtherIncomeExpensesNet": 1760000,
        "incomeBeforeTax": 27385000,
        "incomeBeforeTaxRatio": 0.0889504593,
        "incomeTaxExpense": 10274000,
        "netIncome": 17111000,
        "netIncomeRatio": 0.0555790144,
        "eps": 0.66,
        "epsdiluted": 0.64,
        "weightedAverageShsOut": 25909000,
        "weightedAverageShsOutDil": 26555000,
        "link": "https://www.sec.gov/Archives/edgar/data/12208/000001220805000010/0000012208-05-000010-index.htm",
        "finalLink": "https://www.sec.gov/Archives/edgar/data/12208/000001220805000010/f10k123104.htm"
    },
    {
        "date": "2004-09-30",
        "symbol": "BIO",
        "reportedCurrency": "USD",
        "cik": "0000012208",
        "fillingDate": "2004-11-09",
        "acceptedDate": "2004-11-08 20:26:04",
        "calendarYear": "2004",
        "period": "Q3",
        "revenue": 258849000,
        "costOfRevenue": 116036000,
        "grossProfit": 142813000,
        "grossProfitRatio": 0.5517232054,
        "researchAndDevelopmentExpenses": 26581000,
        "generalAndAdministrativeExpenses": 90183000,
        "sellingAndMarketingExpenses": 0,
        "sellingGeneralAndAdministrativeExpenses": 90183000,
        "otherExpenses": 0,
        "operatingExpenses": 116764000,
        "costAndExpenses": 232800000,
        "interestIncome": 0,
        "interestExpense": 17887000000,
        "depreciationAndAmortization": 13850000,
        "ebitda": 39899000,
        "ebitdaratio": 0.1541400585,
        "operatingIncome": 12329000,
        "operatingIncomeRatio": 0.0476300855,
        "totalOtherIncomeExpensesNet": -12322700,
        "incomeBeforeTax": 9117000,
        "incomeBeforeTaxRatio": 0.0352213066,
        "incomeTaxExpense": 2827000,
        "netIncome": 6290000,
        "netIncomeRatio": 0.0242998814,
        "eps": 0.24,
        "epsdiluted": 0.24,
        "weightedAverageShsOut": 25753000,
        "weightedAverageShsOutDil": 26471000,
        "link": "https://www.sec.gov/Archives/edgar/data/12208/000001220804000023/0000012208-04-000023-index.htm",
        "finalLink": "https://www.sec.gov/Archives/edgar/data/12208/000001220804000023/f10q93004.htm"
    },
    {
        "date": "2004-06-30",
        "symbol": "BIO",
        "reportedCurrency": "USD",
        "cik": "0000012208",
        "fillingDate": "2004-08-06",
        "acceptedDate": "2004-08-06 16:49:12",
        "calendarYear": "2004",
        "period": "Q2",
        "revenue": 260546000,
        "costOfRevenue": 110885000,
        "grossProfit": 149661000,
        "grossProfitRatio": 0.5744129635,
        "researchAndDevelopmentExpenses": 25545000,
        "generalAndAdministrativeExpenses": 90199000,
        "sellingAndMarketingExpenses": 0,
        "sellingGeneralAndAdministrativeExpenses": 90199000,
        "otherExpenses": 0,
        "operatingExpenses": 115744000,
        "costAndExpenses": 226629000,
        "interestIncome": 0,
        "interestExpense": 0,
        "depreciationAndAmortization": 12381000,
        "ebitda": 46298000,
        "ebitdaratio": 0.177696069,
        "operatingIncome": 33917000,
        "operatingIncomeRatio": 0.1301766291,
        "totalOtherIncomeExpensesNet": -4598000,
        "incomeBeforeTax": 29319000,
        "incomeBeforeTaxRatio": 0.1125290736,
        "incomeTaxExpense": 9048000,
        "netIncome": 22863000,
        "netIncomeRatio": 0.0877503397,
        "eps": 0.89,
        "epsdiluted": 0.86,
        "weightedAverageShsOut": 25699000,
        "weightedAverageShsOutDil": 26504000,
        "link": "https://www.sec.gov/Archives/edgar/data/12208/000001220804000014/0000012208-04-000014-index.htm",
        "finalLink": "https://www.sec.gov/Archives/edgar/data/12208/000001220804000014/r10q0604.txt"
    },
    {
        "date": "2004-03-31",
        "symbol": "BIO",
        "reportedCurrency": "USD",
        "cik": "0000012208",
        "fillingDate": "2004-05-07",
        "acceptedDate": "2004-05-07 14:59:23",
        "calendarYear": "2004",
        "period": "Q1",
        "revenue": 266645000,
        "costOfRevenue": 115866000,
        "grossProfit": 150779000,
        "grossProfitRatio": 0.5654671942,
        "researchAndDevelopmentExpenses": 26124000,
        "generalAndAdministrativeExpenses": 88492000,
        "sellingAndMarketingExpenses": 0,
        "sellingGeneralAndAdministrativeExpenses": 88492000,
        "otherExpenses": 0,
        "operatingExpenses": 114616000,
        "costAndExpenses": 230482000,
        "interestIncome": 0,
        "interestExpense": 0,
        "depreciationAndAmortization": 10500000,
        "ebitda": 47081000,
        "ebitdaratio": 0.1765680962,
        "operatingIncome": 36163000,
        "operatingIncomeRatio": 0.1356222693,
        "totalOtherIncomeExpensesNet": -5468000,
        "incomeBeforeTax": 30695000,
        "incomeBeforeTaxRatio": 0.1151156031,
        "incomeTaxExpense": 8717000,
        "netIncome": 21978000,
        "netIncomeRatio": 0.082424197,
        "eps": 0.86,
        "epsdiluted": 0.83,
        "weightedAverageShsOut": 25624000,
        "weightedAverageShsOutDil": 26444000,
        "link": "https://www.sec.gov/Archives/edgar/data/12208/000001220804000008/0000012208-04-000008-index.htm",
        "finalLink": "https://www.sec.gov/Archives/edgar/data/12208/000001220804000008/r10q0304.txt"
    },
    {
        "date": "2003-12-31",
        "symbol": "BIO",
        "reportedCurrency": "USD",
        "cik": "0000012208",
        "fillingDate": "2004-03-15",
        "acceptedDate": "2004-03-15 15:40:06",
        "calendarYear": "2003",
        "period": "Q4",
        "revenue": 266202000,
        "costOfRevenue": 117350000,
        "grossProfit": 148852000,
        "grossProfitRatio": 0.5591693526,
        "researchAndDevelopmentExpenses": 26377000,
        "generalAndAdministrativeExpenses": 88819000,
        "sellingAndMarketingExpenses": 0,
        "sellingGeneralAndAdministrativeExpenses": 88819000,
        "otherExpenses": 0,
        "operatingExpenses": 115196000,
        "costAndExpenses": 232546000,
        "interestIncome": 0,
        "interestExpense": 0,
        "depreciationAndAmortization": 10844000,
        "ebitda": 44500000,
        "ebitdaratio": 0.1671662873,
        "operatingIncome": 33656000,
        "operatingIncomeRatio": 0.1264303048,
        "totalOtherIncomeExpensesNet": -5013000,
        "incomeBeforeTax": 28643000,
        "incomeBeforeTaxRatio": 0.1075987408,
        "incomeTaxExpense": 9452000,
        "netIncome": 19191000,
        "netIncomeRatio": 0.0720918701,
        "eps": 0.75,
        "epsdiluted": 0.73,
        "weightedAverageShsOut": 25624000,
        "weightedAverageShsOutDil": 26444000,
        "link": "https://www.sec.gov/Archives/edgar/data/12208/000001220804000004/0000012208-04-000004-index.htm",
        "finalLink": "https://www.sec.gov/Archives/edgar/data/12208/000001220804000004/r10k2003.txt"
    },
    {
        "date": "2003-09-30",
        "symbol": "BIO",
        "reportedCurrency": "USD",
        "cik": "0000012208",
        "fillingDate": "2003-11-13",
        "acceptedDate": "2003-11-13 17:06:16",
        "calendarYear": "2003",
        "period": "Q3",
        "revenue": 247704000,
        "costOfRevenue": 110281000,
        "grossProfit": 137423000,
        "grossProfitRatio": 0.5547871653,
        "researchAndDevelopmentExpenses": 23774000,
        "generalAndAdministrativeExpenses": 80356000,
        "sellingAndMarketingExpenses": 0,
        "sellingGeneralAndAdministrativeExpenses": 80356000,
        "otherExpenses": 0,
        "operatingExpenses": 104130000,
        "costAndExpenses": 214411000,
        "interestIncome": 0,
        "interestExpense": 0,
        "depreciationAndAmortization": 10661000,
        "ebitda": 44411000,
        "ebitdaratio": 0.1792906049,
        "operatingIncome": 33293000,
        "operatingIncomeRatio": 0.1344063883,
        "totalOtherIncomeExpensesNet": -19332000,
        "incomeBeforeTax": 14418000,
        "incomeBeforeTaxRatio": 0.0582065691,
        "incomeTaxExpense": 4758000,
        "netIncome": 9660000,
        "netIncomeRatio": 0.0389981591,
        "eps": 0.38,
        "epsdiluted": 0.37,
        "weightedAverageShsOut": 25468000,
        "weightedAverageShsOutDil": 26429000,
        "link": "https://www.sec.gov/Archives/edgar/data/12208/000001220803000017/0000012208-03-000017-index.htm",
        "finalLink": "https://www.sec.gov/Archives/edgar/data/12208/000001220803000017/r10q303.txt"
    },
    {
        "date": "2003-06-30",
        "symbol": "BIO",
        "reportedCurrency": "USD",
        "cik": "0000012208",
        "fillingDate": "2003-08-06",
        "acceptedDate": "2003-08-06 15:45:34",
        "calendarYear": "2003",
        "period": "Q2",
        "revenue": 243507000,
        "costOfRevenue": 107103000,
        "grossProfit": 136404000,
        "grossProfitRatio": 0.5601645949,
        "researchAndDevelopmentExpenses": 22731000,
        "generalAndAdministrativeExpenses": 79026000,
        "sellingAndMarketingExpenses": 0,
        "sellingGeneralAndAdministrativeExpenses": 79026000,
        "otherExpenses": 0,
        "operatingExpenses": 101757000,
        "costAndExpenses": 208860000,
        "interestIncome": 0,
        "interestExpense": 0,
        "depreciationAndAmortization": 10599000,
        "ebitda": 46722000,
        "ebitdaratio": 0.1918712809,
        "operatingIncome": 34647000,
        "operatingIncomeRatio": 0.1422833841,
        "totalOtherIncomeExpensesNet": -1894000,
        "incomeBeforeTax": 31277000,
        "incomeBeforeTaxRatio": 0.1284439462,
        "incomeTaxExpense": 10321000,
        "netIncome": 20956000,
        "netIncomeRatio": 0.0860591277,
        "eps": 0.83,
        "epsdiluted": 0.8,
        "weightedAverageShsOut": 25386000,
        "weightedAverageShsOutDil": 26341000,
        "link": "https://www.sec.gov/Archives/edgar/data/12208/000001220803000012/0000012208-03-000012-index.htm",
        "finalLink": "https://www.sec.gov/Archives/edgar/data/12208/000001220803000012/r10q203.txt"
    },
    {
        "date": "2003-03-31",
        "symbol": "BIO",
        "reportedCurrency": "USD",
        "cik": "0000012208",
        "fillingDate": "2003-05-13",
        "acceptedDate": "2003-05-13 17:29:10",
        "calendarYear": "2003",
        "period": "Q1",
        "revenue": 245969000,
        "costOfRevenue": 103256000,
        "grossProfit": 142713000,
        "grossProfitRatio": 0.5802072619,
        "researchAndDevelopmentExpenses": 21388000,
        "generalAndAdministrativeExpenses": 77159000,
        "sellingAndMarketingExpenses": 0,
        "sellingGeneralAndAdministrativeExpenses": 77159000,
        "otherExpenses": 0,
        "operatingExpenses": 98547000,
        "costAndExpenses": 201803000,
        "interestIncome": 0,
        "interestExpense": 0,
        "depreciationAndAmortization": 9896000,
        "ebitda": 54062000,
        "ebitdaratio": 0.219791925,
        "operatingIncome": 44166000,
        "operatingIncomeRatio": 0.1795592127,
        "totalOtherIncomeExpensesNet": -4816000,
        "incomeBeforeTax": 39350000,
        "incomeBeforeTaxRatio": 0.1599795096,
        "incomeTaxExpense": 12986000,
        "netIncome": 26364000,
        "netIncomeRatio": 0.1071842387,
        "eps": 1.04,
        "epsdiluted": 1.01,
        "weightedAverageShsOut": 25284000,
        "weightedAverageShsOutDil": 26057000,
        "link": "https://www.sec.gov/Archives/edgar/data/12208/000001220803000004/0000012208-03-000004-index.htm",
        "finalLink": "https://www.sec.gov/Archives/edgar/data/12208/000001220803000004/r10q03q1.txt"
    },
    {
        "date": "2002-12-31",
        "symbol": "BIO",
        "reportedCurrency": "USD",
        "cik": "0000012208",
        "fillingDate": "2003-03-26",
        "acceptedDate": "2003-03-26 15:22:05",
        "calendarYear": "2002",
        "period": "Q4",
        "revenue": 243000000,
        "costOfRevenue": 106155000,
        "grossProfit": 136845000,
        "grossProfitRatio": 0.5631481481,
        "researchAndDevelopmentExpenses": 22900000,
        "generalAndAdministrativeExpenses": 80538000,
        "sellingAndMarketingExpenses": 0,
        "sellingGeneralAndAdministrativeExpenses": 80538000,
        "otherExpenses": 0,
        "operatingExpenses": 103438000,
        "costAndExpenses": 209593000,
        "interestIncome": 0,
        "interestExpense": 0,
        "depreciationAndAmortization": 10566000,
        "ebitda": 43973000,
        "ebitdaratio": 0.1809588477,
        "operatingIncome": 33407000,
        "operatingIncomeRatio": 0.1374773663,
        "totalOtherIncomeExpensesNet": -8420000,
        "incomeBeforeTax": 24987000,
        "incomeBeforeTaxRatio": 0.1028271605,
        "incomeTaxExpense": 8746000,
        "netIncome": 16241000,
        "netIncomeRatio": 0.0668353909,
        "eps": 0.64,
        "epsdiluted": 0.62,
        "weightedAverageShsOut": 25284000,
        "weightedAverageShsOutDil": 26057000,
        "link": "https://www.sec.gov/Archives/edgar/data/12208/000001220803000002/0000012208-03-000002-index.htm",
        "finalLink": "https://www.sec.gov/Archives/edgar/data/12208/000001220803000002/r10k2002.txt"
    },
    {
        "date": "2002-09-30",
        "symbol": "BIO",
        "reportedCurrency": "USD",
        "cik": "0000012208",
        "fillingDate": "2002-11-13",
        "acceptedDate": "2002-11-13 16:28:56",
        "calendarYear": "2002",
        "period": "Q3",
        "revenue": 224878000,
        "costOfRevenue": 95852000,
        "grossProfit": 129026000,
        "grossProfitRatio": 0.5737599943,
        "researchAndDevelopmentExpenses": 19988000,
        "generalAndAdministrativeExpenses": 73415000,
        "sellingAndMarketingExpenses": 0,
        "sellingGeneralAndAdministrativeExpenses": 73415000,
        "otherExpenses": 0,
        "operatingExpenses": 93403000,
        "costAndExpenses": 189255000,
        "interestIncome": 0,
        "interestExpense": 0,
        "depreciationAndAmortization": 10094000,
        "ebitda": 45717000,
        "ebitdaratio": 0.2032968988,
        "operatingIncome": 35623000,
        "operatingIncomeRatio": 0.158410338,
        "totalOtherIncomeExpensesNet": -9243000,
        "incomeBeforeTax": 26380000,
        "incomeBeforeTaxRatio": 0.1173080515,
        "incomeTaxExpense": 9763000,
        "netIncome": 16617000,
        "netIncomeRatio": 0.0738934,
        "eps": 0.66,
        "epsdiluted": 0.64,
        "weightedAverageShsOut": 25160000,
        "weightedAverageShsOutDil": 26071000,
        "link": "https://www.sec.gov/Archives/edgar/data/12208/000001220802000014/0000012208-02-000014-index.htm",
        "finalLink": "https://www.sec.gov/Archives/edgar/data/12208/000001220802000014/r10q023q.txt"
    },
    {
        "date": "2002-06-30",
        "symbol": "BIO",
        "reportedCurrency": "USD",
        "cik": "0000012208",
        "fillingDate": "2002-08-14",
        "acceptedDate": "2002-08-14 12:21:51",
        "calendarYear": "2002",
        "period": "Q2",
        "revenue": 214660000,
        "costOfRevenue": 92386000,
        "grossProfit": 122274000,
        "grossProfitRatio": 0.5696170689,
        "researchAndDevelopmentExpenses": 19806000,
        "generalAndAdministrativeExpenses": 69486000,
        "sellingAndMarketingExpenses": 0,
        "sellingGeneralAndAdministrativeExpenses": 69486000,
        "otherExpenses": 0,
        "operatingExpenses": 89292000,
        "costAndExpenses": 181678000,
        "interestIncome": 0,
        "interestExpense": 0,
        "depreciationAndAmortization": 8523000,
        "ebitda": 41505000,
        "ebitdaratio": 0.193352278,
        "operatingIncome": 32982000,
        "operatingIncomeRatio": 0.1536476288,
        "totalOtherIncomeExpensesNet": -7552000,
        "incomeBeforeTax": 25430000,
        "incomeBeforeTaxRatio": 0.118466412,
        "incomeTaxExpense": 9198000,
        "netIncome": 16232000,
        "netIncomeRatio": 0.0756172552,
        "eps": 0.65,
        "epsdiluted": 0.62,
        "weightedAverageShsOut": 25098000,
        "weightedAverageShsOutDil": 26085000,
        "link": "https://www.sec.gov/Archives/edgar/data/12208/000001220802000012/0000012208-02-000012-index.htm",
        "finalLink": "https://www.sec.gov/Archives/edgar/data/12208/000001220802000012/r10q022q.txt"
    },
    {
        "date": "2002-03-31",
        "symbol": "BIO",
        "reportedCurrency": "USD",
        "cik": "0000012208",
        "fillingDate": "2002-05-15",
        "acceptedDate": "2002-05-15 12:52:29",
        "calendarYear": "2002",
        "period": "Q1",
        "revenue": 210182000,
        "costOfRevenue": 88842000,
        "grossProfit": 121340000,
        "grossProfitRatio": 0.5773091892,
        "researchAndDevelopmentExpenses": 20241000,
        "generalAndAdministrativeExpenses": 65657000,
        "sellingAndMarketingExpenses": 0,
        "sellingGeneralAndAdministrativeExpenses": 65657000,
        "otherExpenses": 0,
        "operatingExpenses": 85898000,
        "costAndExpenses": 174740000,
        "interestIncome": 0,
        "interestExpense": 0,
        "depreciationAndAmortization": 8817000,
        "ebitda": 44259000,
        "ebitdaratio": 0.2105746448,
        "operatingIncome": 35442000,
        "operatingIncomeRatio": 0.1686252867,
        "totalOtherIncomeExpensesNet": -7834000,
        "incomeBeforeTax": 27608000,
        "incomeBeforeTaxRatio": 0.1313528275,
        "incomeTaxExpense": 8835000,
        "netIncome": 18773000,
        "netIncomeRatio": 0.0893178293,
        "eps": 0.75,
        "epsdiluted": 0.73,
        "weightedAverageShsOut": 24930000,
        "weightedAverageShsOutDil": 25789000,
        "link": "https://www.sec.gov/Archives/edgar/data/12208/000001220802000006/0000012208-02-000006-index.htm",
        "finalLink": "https://www.sec.gov/Archives/edgar/data/12208/000001220802000006/r10q021q.txt"
    },
    {
        "date": "2001-12-31",
        "symbol": "BIO",
        "reportedCurrency": "USD",
        "cik": "0000012208",
        "fillingDate": "2002-03-28",
        "acceptedDate": "2002-03-28 00:00:00",
        "calendarYear": "2001",
        "period": "Q4",
        "revenue": 233383000,
        "costOfRevenue": 99482000,
        "grossProfit": 133901000,
        "grossProfitRatio": 0.5737393041,
        "researchAndDevelopmentExpenses": 21989000,
        "generalAndAdministrativeExpenses": 77467000,
        "sellingAndMarketingExpenses": 0,
        "sellingGeneralAndAdministrativeExpenses": 77467000,
        "otherExpenses": 0,
        "operatingExpenses": 99456000,
        "costAndExpenses": 198938000,
        "interestIncome": 0,
        "interestExpense": 0,
        "depreciationAndAmortization": 10612000,
        "ebitda": 45057000,
        "ebitdaratio": 0.1930603343,
        "operatingIncome": 34445000,
        "operatingIncomeRatio": 0.147590013,
        "totalOtherIncomeExpensesNet": -12614000,
        "incomeBeforeTax": 21831000,
        "incomeBeforeTaxRatio": 0.0935415176,
        "incomeTaxExpense": 4829000,
        "netIncome": 17002000,
        "netIncomeRatio": 0.0728502076,
        "eps": 0.68,
        "epsdiluted": 0.66,
        "weightedAverageShsOut": 24930000,
        "weightedAverageShsOutDil": 25789000,
        "link": "https://www.sec.gov/Archives/edgar/data/12208/000001220802000003/0000012208-02-000003-index.htm",
        "finalLink": "https://www.sec.gov/Archives/edgar/data/12208/000001220802000003/r10k01.txt"
    },
    {
        "date": "2001-09-30",
        "symbol": "BIO",
        "reportedCurrency": "USD",
        "cik": "0000012208",
        "fillingDate": "2001-11-14",
        "acceptedDate": "2001-11-14 00:00:00",
        "calendarYear": "2001",
        "period": "Q3",
        "revenue": 186104000,
        "costOfRevenue": 79918000,
        "grossProfit": 106186000,
        "grossProfitRatio": 0.5705734428,
        "researchAndDevelopmentExpenses": 18425000,
        "generalAndAdministrativeExpenses": 67203000,
        "sellingAndMarketingExpenses": 0,
        "sellingGeneralAndAdministrativeExpenses": 67203000,
        "otherExpenses": 0,
        "operatingExpenses": 85628000,
        "costAndExpenses": 165546000,
        "interestIncome": 0,
        "interestExpense": 0,
        "depreciationAndAmortization": 10442000,
        "ebitda": 31000000,
        "ebitdaratio": 0.1665735288,
        "operatingIncome": 20558000,
        "operatingIncomeRatio": 0.1104651163,
        "totalOtherIncomeExpensesNet": -9372000,
        "incomeBeforeTax": 11186000,
        "incomeBeforeTaxRatio": 0.0601061772,
        "incomeTaxExpense": 4139000,
        "netIncome": 7047000,
        "netIncomeRatio": 0.0378659244,
        "eps": 0.28,
        "epsdiluted": 0.28,
        "weightedAverageShsOut": 24702000,
        "weightedAverageShsOutDil": 25526000,
        "link": "https://www.sec.gov/Archives/edgar/data/12208/000001220801500025/0000012208-01-500025-index.htm",
        "finalLink": "https://www.sec.gov/Archives/edgar/data/12208/000001220801500025/r10q01q3.txt"
    },
    {
        "date": "2001-06-30",
        "symbol": "BIO",
        "reportedCurrency": "USD",
        "cik": "0000012208",
        "fillingDate": "2001-08-13",
        "acceptedDate": "2001-08-13 00:00:00",
        "calendarYear": "2001",
        "period": "Q2",
        "revenue": 195354000,
        "costOfRevenue": 85612000,
        "grossProfit": 109742000,
        "grossProfitRatio": 0.5617596773,
        "researchAndDevelopmentExpenses": 17701000,
        "generalAndAdministrativeExpenses": 65341000,
        "sellingAndMarketingExpenses": 0,
        "sellingGeneralAndAdministrativeExpenses": 65341000,
        "otherExpenses": 0,
        "operatingExpenses": 83042000,
        "costAndExpenses": 168654000,
        "interestIncome": 0,
        "interestExpense": 0,
        "depreciationAndAmortization": 9944000,
        "ebitda": 36644000,
        "ebitdaratio": 0.1875774235,
        "operatingIncome": 26700000,
        "operatingIncomeRatio": 0.1366749593,
        "totalOtherIncomeExpensesNet": -8350000,
        "incomeBeforeTax": 18350000,
        "incomeBeforeTaxRatio": 0.0939320413,
        "incomeTaxExpense": 6789000,
        "netIncome": 11561000,
        "netIncomeRatio": 0.0591797455,
        "eps": 0.47,
        "epsdiluted": 0.46,
        "weightedAverageShsOut": 24598000,
        "weightedAverageShsOutDil": 25362000,
        "link": "https://www.sec.gov/Archives/edgar/data/12208/000001220801500021/0000012208-01-500021-index.htm",
        "finalLink": "https://www.sec.gov/Archives/edgar/data/12208/000001220801500021/r10q012.txt"
    },
    {
        "date": "2001-03-31",
        "symbol": "BIO",
        "reportedCurrency": "USD",
        "cik": "0000012208",
        "fillingDate": "2001-05-14",
        "acceptedDate": "2001-05-14 00:00:00",
        "calendarYear": "2001",
        "period": "Q1",
        "revenue": 202668000,
        "costOfRevenue": 81016000,
        "grossProfit": 121652000,
        "grossProfitRatio": 0.6002526299,
        "researchAndDevelopmentExpenses": 18428000,
        "generalAndAdministrativeExpenses": 62599000,
        "sellingAndMarketingExpenses": 0,
        "sellingGeneralAndAdministrativeExpenses": 62599000,
        "otherExpenses": 0,
        "operatingExpenses": 81027000,
        "costAndExpenses": 162043000,
        "interestIncome": 0,
        "interestExpense": 0,
        "depreciationAndAmortization": 10302000,
        "ebitda": 50927000,
        "ebitdaratio": 0.2512828863,
        "operatingIncome": 30323000,
        "operatingIncomeRatio": 0.1496190815,
        "totalOtherIncomeExpensesNet": -16721000,
        "incomeBeforeTax": 13602000,
        "incomeBeforeTaxRatio": 0.06711469,
        "incomeTaxExpense": 5033000,
        "netIncome": 8569000,
        "netIncomeRatio": 0.0422809718,
        "eps": 0.35,
        "epsdiluted": 0.34,
        "weightedAverageShsOut": 24508000,
        "weightedAverageShsOutDil": 25094000,
        "link": "https://www.sec.gov/Archives/edgar/data/12208/000001220801500017/0000012208-01-500017-index.htm",
        "finalLink": "https://www.sec.gov/Archives/edgar/data/12208/000001220801500017/r10q011.txt"
    },
    {
        "date": "2000-12-31",
        "symbol": "BIO",
        "reportedCurrency": "USD",
        "cik": "0000012208",
        "fillingDate": "2001-03-28",
        "acceptedDate": "2001-03-28 00:00:00",
        "calendarYear": "2000",
        "period": "Q4",
        "revenue": 183025000,
        "costOfRevenue": 74482000,
        "grossProfit": 108543000,
        "grossProfitRatio": 0.5930501298,
        "researchAndDevelopmentExpenses": 16517000,
        "generalAndAdministrativeExpenses": 66242000,
        "sellingAndMarketingExpenses": 0,
        "sellingGeneralAndAdministrativeExpenses": 66242000,
        "otherExpenses": 10879000,
        "operatingExpenses": 93638000,
        "costAndExpenses": 168120000,
        "interestIncome": 0,
        "interestExpense": 0,
        "depreciationAndAmortization": 10879000,
        "ebitda": 25784000,
        "ebitdaratio": 0.1408769294,
        "operatingIncome": 14905000,
        "operatingIncomeRatio": 0.0814369622,
        "totalOtherIncomeExpensesNet": -2716000,
        "incomeBeforeTax": 12189000,
        "incomeBeforeTaxRatio": 0.0665974594,
        "incomeTaxExpense": 2327000,
        "netIncome": 9152000,
        "netIncomeRatio": 0.0500040978,
        "eps": 0.37,
        "epsdiluted": 0.36,
        "weightedAverageShsOut": 24508000,
        "weightedAverageShsOutDil": 25094000,
        "link": "https://www.sec.gov/Archives/edgar/data/12208/000001220801500015/0000012208-01-500015-index.htm",
        "finalLink": "https://www.sec.gov/Archives/edgar/data/12208/000001220801500015/r10k00.txt"
    },
    {
        "date": "2000-09-30",
        "symbol": "BIO",
        "reportedCurrency": "USD",
        "cik": "0000012208",
        "fillingDate": "2000-11-14",
        "acceptedDate": "2000-11-14 00:00:00",
        "calendarYear": "2000",
        "period": "Q3",
        "revenue": 174086000,
        "costOfRevenue": 73386000,
        "grossProfit": 100700000,
        "grossProfitRatio": 0.5784497317,
        "researchAndDevelopmentExpenses": 16372000,
        "generalAndAdministrativeExpenses": 58388000,
        "sellingAndMarketingExpenses": 0,
        "sellingGeneralAndAdministrativeExpenses": 58388000,
        "otherExpenses": 10704000,
        "operatingExpenses": 85464000,
        "costAndExpenses": 158850000,
        "interestIncome": 0,
        "interestExpense": 0,
        "depreciationAndAmortization": 10704000,
        "ebitda": 25940000,
        "ebitdaratio": 0.1490068127,
        "operatingIncome": 15236000,
        "operatingIncomeRatio": 0.0875199614,
        "totalOtherIncomeExpensesNet": 6210000,
        "incomeBeforeTax": 21446000,
        "incomeBeforeTaxRatio": 0.1231919856,
        "incomeTaxExpense": 7527000,
        "netIncome": 13919000,
        "netIncomeRatio": 0.079954735,
        "eps": 0.57,
        "epsdiluted": 0.57,
        "weightedAverageShsOut": 24434000,
        "weightedAverageShsOutDil": 24476000,
        "link": "https://www.sec.gov/Archives/edgar/data/12208/000001220800500007/0000012208-00-500007-index.htm",
        "finalLink": "https://www.sec.gov/Archives/edgar/data/12208/000001220800500007/0000012208-00-500007-0001.txt"
    },
    {
        "date": "2000-06-30",
        "symbol": "BIO",
        "reportedCurrency": "USD",
        "cik": "0000012208",
        "fillingDate": "2000-08-14",
        "acceptedDate": "2000-08-14 00:00:00",
        "calendarYear": "2000",
        "period": "Q2",
        "revenue": 185087000,
        "costOfRevenue": 76155000,
        "grossProfit": 108932000,
        "grossProfitRatio": 0.5885448465,
        "researchAndDevelopmentExpenses": 17380000,
        "generalAndAdministrativeExpenses": 62265000,
        "sellingAndMarketingExpenses": 0,
        "sellingGeneralAndAdministrativeExpenses": 62265000,
        "otherExpenses": 11038000,
        "operatingExpenses": 90683000,
        "costAndExpenses": 166838000,
        "interestIncome": 0,
        "interestExpense": 0,
        "depreciationAndAmortization": 11038000,
        "ebitda": 29287000,
        "ebitdaratio": 0.1582336955,
        "operatingIncome": 18249000,
        "operatingIncomeRatio": 0.0985968761,
        "totalOtherIncomeExpensesNet": -10787000,
        "incomeBeforeTax": 7462000,
        "incomeBeforeTaxRatio": 0.0403161756,
        "incomeTaxExpense": 2388000,
        "netIncome": 5074000,
        "netIncomeRatio": 0.027414135,
        "eps": 0.21,
        "epsdiluted": 0.21,
        "weightedAverageShsOut": 24436000,
        "weightedAverageShsOutDil": 24540000,
        "link": "https://www.sec.gov/Archives/edgar/data/12208/000001220800000005/0000012208-00-000005-index.htm",
        "finalLink": "https://www.sec.gov/Archives/edgar/data/12208/000001220800000005/0000012208-00-000005-0001.txt"
    },
    {
        "date": "2000-03-31",
        "symbol": "BIO",
        "reportedCurrency": "USD",
        "cik": "0000012208",
        "fillingDate": "2000-05-15",
        "acceptedDate": "2000-05-15 00:00:00",
        "calendarYear": "2000",
        "period": "Q1",
        "revenue": 183686000,
        "costOfRevenue": 76032000,
        "grossProfit": 107654000,
        "grossProfitRatio": 0.5860762388,
        "researchAndDevelopmentExpenses": 17871000,
        "generalAndAdministrativeExpenses": 60718000,
        "sellingAndMarketingExpenses": 0,
        "sellingGeneralAndAdministrativeExpenses": 60718000,
        "otherExpenses": 10688000,
        "operatingExpenses": 89277000,
        "costAndExpenses": 165309000,
        "interestIncome": 0,
        "interestExpense": 0,
        "depreciationAndAmortization": 10688000,
        "ebitda": 39753000,
        "ebitdaratio": 0.2164182355,
        "operatingIncome": 18377000,
        "operatingIncomeRatio": 0.1000457302,
        "totalOtherIncomeExpensesNet": -14031000,
        "incomeBeforeTax": 4346000,
        "incomeBeforeTaxRatio": 0.0236599414,
        "incomeTaxExpense": 1391000,
        "netIncome": 2955000,
        "netIncomeRatio": 0.0160872358,
        "eps": 0.12,
        "epsdiluted": 0.12,
        "weightedAverageShsOut": 24354000,
        "weightedAverageShsOutDil": 24512000,
        "link": "https://www.sec.gov/Archives/edgar/data/12208/000001220800000004/0000012208-00-000004-index.html",
        "finalLink": "https://www.sec.gov/Archives/edgar/data/12208/000001220800000004/"
    },
    {
        "date": "1999-12-31",
        "symbol": "BIO",
        "reportedCurrency": "USD",
        "cik": "0000012208",
        "fillingDate": "2000-03-29",
        "acceptedDate": "2000-03-29 00:00:00",
        "calendarYear": "1999",
        "period": "Q4",
        "revenue": 194400000,
        "costOfRevenue": 86300000,
        "grossProfit": 108100000,
        "grossProfitRatio": 0.5560699588,
        "researchAndDevelopmentExpenses": 18800000,
        "generalAndAdministrativeExpenses": 66100000,
        "sellingAndMarketingExpenses": 0,
        "sellingGeneralAndAdministrativeExpenses": 66100000,
        "otherExpenses": 10900000,
        "operatingExpenses": 95800000,
        "costAndExpenses": 182100000,
        "interestIncome": 0,
        "interestExpense": 0,
        "depreciationAndAmortization": 10900000,
        "ebitda": 23200000,
        "ebitdaratio": 0.1193415638,
        "operatingIncome": 12300000,
        "operatingIncomeRatio": 0.0632716049,
        "totalOtherIncomeExpensesNet": -28000000,
        "incomeBeforeTax": -15700000,
        "incomeBeforeTaxRatio": -0.0807613169,
        "incomeTaxExpense": -4500000,
        "netIncome": -11200000,
        "netIncomeRatio": -0.0576131687,
        "eps": -0.46,
        "epsdiluted": -0.46,
        "weightedAverageShsOut": 24354000,
        "weightedAverageShsOutDil": 24512000,
        "link": "https://www.sec.gov/Archives/edgar/data/12208/000001220800000002/0000012208-00-000002-index.html",
        "finalLink": "https://www.sec.gov/Archives/edgar/data/12208/000001220800000002/"
    },
    {
        "date": "1999-09-30",
        "symbol": "BIO",
        "reportedCurrency": "USD",
        "cik": "0000012208",
        "fillingDate": "1999-11-12",
        "acceptedDate": "1999-11-12 00:00:00",
        "calendarYear": "1999",
        "period": "Q3",
        "revenue": 113500000,
        "costOfRevenue": 46100000,
        "grossProfit": 67400000,
        "grossProfitRatio": 0.5938325991,
        "researchAndDevelopmentExpenses": 11000000,
        "generalAndAdministrativeExpenses": 43600000,
        "sellingAndMarketingExpenses": 0,
        "sellingGeneralAndAdministrativeExpenses": 43600000,
        "otherExpenses": 5800000,
        "operatingExpenses": 60400000,
        "costAndExpenses": 106500000,
        "interestIncome": 0,
        "interestExpense": 0,
        "depreciationAndAmortization": 5800000,
        "ebitda": 12800000,
        "ebitdaratio": 0.1127753304,
        "operatingIncome": 7000000,
        "operatingIncomeRatio": 0.0616740088,
        "totalOtherIncomeExpensesNet": -1000000,
        "incomeBeforeTax": 6000000,
        "incomeBeforeTaxRatio": 0.0528634361,
        "incomeTaxExpense": 1700000,
        "netIncome": 4300000,
        "netIncomeRatio": 0.0378854626,
        "eps": 0.18,
        "epsdiluted": 0.18,
        "weightedAverageShsOut": 24571429,
        "weightedAverageShsOutDil": 24571429,
        "link": "https://www.sec.gov/Archives/edgar/data/12208/000001220899000009/0000012208-99-000009-index.html",
        "finalLink": "https://www.sec.gov/Archives/edgar/data/12208/000001220899000009/"
    },
    {
        "date": "1999-06-30",
        "symbol": "BIO",
        "reportedCurrency": "USD",
        "cik": "0000012208",
        "fillingDate": "1999-08-12",
        "acceptedDate": "1999-08-12 00:00:00",
        "calendarYear": "1999",
        "period": "Q2",
        "revenue": 115800000,
        "costOfRevenue": 45000000,
        "grossProfit": 70800000,
        "grossProfitRatio": 0.6113989637,
        "researchAndDevelopmentExpenses": 10900000,
        "generalAndAdministrativeExpenses": 41800000,
        "sellingAndMarketingExpenses": 0,
        "sellingGeneralAndAdministrativeExpenses": 41800000,
        "otherExpenses": 5600000,
        "operatingExpenses": 58300000,
        "costAndExpenses": 103300000,
        "interestIncome": 0,
        "interestExpense": 0,
        "depreciationAndAmortization": 5600000,
        "ebitda": 18094000,
        "ebitdaratio": 0.1562521589,
        "operatingIncome": 12500000,
        "operatingIncomeRatio": 0.1079447323,
        "totalOtherIncomeExpensesNet": -1394000,
        "incomeBeforeTax": 11100000,
        "incomeBeforeTaxRatio": 0.0958549223,
        "incomeTaxExpense": 3200000,
        "netIncome": 7900000,
        "netIncomeRatio": 0.0682210708,
        "eps": 0.33,
        "epsdiluted": 0.33,
        "weightedAverageShsOut": 24307692,
        "weightedAverageShsOutDil": 24307692,
        "link": "https://www.sec.gov/Archives/edgar/data/12208/000001220899000006/0000012208-99-000006-index.html",
        "finalLink": "https://www.sec.gov/Archives/edgar/data/12208/000001220899000006/"
    },
    {
        "date": "1999-03-31",
        "symbol": "BIO",
        "reportedCurrency": "USD",
        "cik": "0000012208",
        "fillingDate": "1999-05-14",
        "acceptedDate": "1999-05-14 00:00:00",
        "calendarYear": "1999",
        "period": "Q1",
        "revenue": 125700000,
        "costOfRevenue": 50300000,
        "grossProfit": 75400000,
        "grossProfitRatio": 0.599840891,
        "researchAndDevelopmentExpenses": 10500000,
        "generalAndAdministrativeExpenses": 43000000,
        "sellingAndMarketingExpenses": 0,
        "sellingGeneralAndAdministrativeExpenses": 43000000,
        "otherExpenses": 5200000,
        "operatingExpenses": 58700000,
        "costAndExpenses": 109000000,
        "interestIncome": 0,
        "interestExpense": 0,
        "depreciationAndAmortization": 5200000,
        "ebitda": 21938000,
        "ebitdaratio": 0.1745266508,
        "operatingIncome": 16700000,
        "operatingIncomeRatio": 0.1328560064,
        "totalOtherIncomeExpensesNet": -1638000,
        "incomeBeforeTax": 15100000,
        "incomeBeforeTaxRatio": 0.1201272872,
        "incomeTaxExpense": 4300000,
        "netIncome": 10800000,
        "netIncomeRatio": 0.0859188544,
        "eps": 0.45,
        "epsdiluted": 0.45,
        "weightedAverageShsOut": 24269663,
        "weightedAverageShsOutDil": 24269663,
        "link": "https://www.sec.gov/Archives/edgar/data/12208/000001220899000003/0000012208-99-000003-index.html",
        "finalLink": "https://www.sec.gov/Archives/edgar/data/12208/"
    },
    {
        "date": "1998-12-31",
        "symbol": "BIO",
        "reportedCurrency": "USD",
        "cik": "0000012208",
        "fillingDate": "1999-03-25",
        "acceptedDate": "1999-03-25 00:00:00",
        "calendarYear": "1998",
        "period": "Q4",
        "revenue": 118800000,
        "costOfRevenue": 50300000,
        "grossProfit": 68500000,
        "grossProfitRatio": 0.5765993266,
        "researchAndDevelopmentExpenses": 10600000,
        "generalAndAdministrativeExpenses": 43400000,
        "sellingAndMarketingExpenses": 0,
        "sellingGeneralAndAdministrativeExpenses": 43400000,
        "otherExpenses": 5700000,
        "operatingExpenses": 59700000,
        "costAndExpenses": 110000000,
        "interestIncome": 0,
        "interestExpense": 0,
        "depreciationAndAmortization": 5700000,
        "ebitda": 14500000,
        "ebitdaratio": 0.1220538721,
        "operatingIncome": 8800000,
        "operatingIncomeRatio": 0.0740740741,
        "totalOtherIncomeExpensesNet": 200000,
        "incomeBeforeTax": 9000000,
        "incomeBeforeTaxRatio": 0.0757575758,
        "incomeTaxExpense": 2600000,
        "netIncome": 6400000,
        "netIncomeRatio": 0.0538720539,
        "eps": 0.26,
        "epsdiluted": 0.26,
        "weightedAverageShsOut": 24269663,
        "weightedAverageShsOutDil": 24269663,
        "link": "https://www.sec.gov/Archives/edgar/data/12208/000001220899000001/0000012208-99-000001-index.html",
        "finalLink": "https://www.sec.gov/Archives/edgar/data/12208/"
    },
    {
        "date": "1998-09-30",
        "symbol": "BIO",
        "reportedCurrency": "USD",
        "cik": "0000012208",
        "fillingDate": "1998-11-12",
        "acceptedDate": "1998-11-12 00:00:00",
        "calendarYear": "1998",
        "period": "Q3",
        "revenue": 99000000,
        "costOfRevenue": 40300000,
        "grossProfit": 58700000,
        "grossProfitRatio": 0.5929292929,
        "researchAndDevelopmentExpenses": 10200000,
        "generalAndAdministrativeExpenses": 41000000,
        "sellingAndMarketingExpenses": 0,
        "sellingGeneralAndAdministrativeExpenses": 41000000,
        "otherExpenses": 5100000,
        "operatingExpenses": 56300000,
        "costAndExpenses": 96600000,
        "interestIncome": 0,
        "interestExpense": 0,
        "depreciationAndAmortization": 5100000,
        "ebitda": 7500000,
        "ebitdaratio": 0.0757575758,
        "operatingIncome": 2400000,
        "operatingIncomeRatio": 0.0242424242,
        "totalOtherIncomeExpensesNet": 300000,
        "incomeBeforeTax": 2700000,
        "incomeBeforeTaxRatio": 0.0272727273,
        "incomeTaxExpense": 800000,
        "netIncome": 1900000,
        "netIncomeRatio": 0.0191919192,
        "eps": 0.08,
        "epsdiluted": 0.08,
        "weightedAverageShsOut": 23750000,
        "weightedAverageShsOutDil": 23750000,
        "link": "https://www.sec.gov/Archives/edgar/data/12208/000001220898000006/0000012208-98-000006-index.html",
        "finalLink": "https://www.sec.gov/Archives/edgar/data/12208/"
    },
    {
        "date": "1998-06-30",
        "symbol": "BIO",
        "reportedCurrency": "USD",
        "cik": "0000012208",
        "fillingDate": "1998-08-14",
        "acceptedDate": "1998-08-14 00:00:00",
        "calendarYear": "1998",
        "period": "Q2",
        "revenue": 107900000,
        "costOfRevenue": 43900000,
        "grossProfit": 64000000,
        "grossProfitRatio": 0.593141798,
        "researchAndDevelopmentExpenses": 10600000,
        "generalAndAdministrativeExpenses": 41500000,
        "sellingAndMarketingExpenses": 0,
        "sellingGeneralAndAdministrativeExpenses": 41500000,
        "otherExpenses": 5100000,
        "operatingExpenses": 57200000,
        "costAndExpenses": 101100000,
        "interestIncome": 0,
        "interestExpense": 0,
        "depreciationAndAmortization": 5100000,
        "ebitda": 11900000,
        "ebitdaratio": 0.1102873031,
        "operatingIncome": 6800000,
        "operatingIncomeRatio": 0.063021316,
        "totalOtherIncomeExpensesNet": 3300000,
        "incomeBeforeTax": 10100000,
        "incomeBeforeTaxRatio": 0.09360519,
        "incomeTaxExpense": 2900000,
        "netIncome": 7200000,
        "netIncomeRatio": 0.0667284523,
        "eps": 0.29,
        "epsdiluted": 0.29,
        "weightedAverageShsOut": 24827586,
        "weightedAverageShsOutDil": 24827586,
        "link": "https://www.sec.gov/Archives/edgar/data/12208/000001220898000005/0000012208-98-000005-index.html",
        "finalLink": "https://www.sec.gov/Archives/edgar/data/12208/"
    },
    {
        "date": "1998-03-31",
        "symbol": "BIO",
        "reportedCurrency": "USD",
        "cik": "0000012208",
        "fillingDate": "1998-05-14",
        "acceptedDate": "1998-05-14 00:00:00",
        "calendarYear": "1998",
        "period": "Q1",
        "revenue": 116200000,
        "costOfRevenue": 47000000,
        "grossProfit": 69200000,
        "grossProfitRatio": 0.595524957,
        "researchAndDevelopmentExpenses": 9900000,
        "generalAndAdministrativeExpenses": 41100000,
        "sellingAndMarketingExpenses": 0,
        "sellingGeneralAndAdministrativeExpenses": 41100000,
        "otherExpenses": 5100000,
        "operatingExpenses": 56100000,
        "costAndExpenses": 103100000,
        "interestIncome": 0,
        "interestExpense": 0,
        "depreciationAndAmortization": 5100000,
        "ebitda": 18200000,
        "ebitdaratio": 0.156626506,
        "operatingIncome": 13100000,
        "operatingIncomeRatio": 0.1127366609,
        "totalOtherIncomeExpensesNet": -700000,
        "incomeBeforeTax": 12400000,
        "incomeBeforeTaxRatio": 0.1067125645,
        "incomeTaxExpense": 3600000,
        "netIncome": 8800000,
        "netIncomeRatio": 0.0757314974,
        "eps": 0.36,
        "epsdiluted": 0.36,
        "weightedAverageShsOut": 24788732,
        "weightedAverageShsOutDil": 24788732,
        "link": "https://www.sec.gov/Archives/edgar/data/12208/000001220898000004/0000012208-98-000004-index.html",
        "finalLink": "https://www.sec.gov/Archives/edgar/data/12208/"
    },
    {
        "date": "1997-12-31",
        "symbol": "BIO",
        "reportedCurrency": "USD",
        "cik": "0000012208",
        "fillingDate": "1998-03-26",
        "acceptedDate": "1998-03-26 00:00:00",
        "calendarYear": "1997",
        "period": "Q4",
        "revenue": 115800000,
        "costOfRevenue": 47600000,
        "grossProfit": 68200000,
        "grossProfitRatio": 0.5889464594,
        "researchAndDevelopmentExpenses": 13100000,
        "generalAndAdministrativeExpenses": 43600000,
        "sellingAndMarketingExpenses": 0,
        "sellingGeneralAndAdministrativeExpenses": 43600000,
        "otherExpenses": 6400000,
        "operatingExpenses": 63100000,
        "costAndExpenses": 110700000,
        "interestIncome": 0,
        "interestExpense": 0,
        "depreciationAndAmortization": 6400000,
        "ebitda": 11500000,
        "ebitdaratio": 0.0993091537,
        "operatingIncome": 5100000,
        "operatingIncomeRatio": 0.0440414508,
        "totalOtherIncomeExpensesNet": -3100000,
        "incomeBeforeTax": 2000000,
        "incomeBeforeTaxRatio": 0.0172711572,
        "incomeTaxExpense": 600000,
        "netIncome": 1400000,
        "netIncomeRatio": 0.01208981,
        "eps": 0.056,
        "epsdiluted": 0.056,
        "weightedAverageShsOut": 24788732,
        "weightedAverageShsOutDil": 24788732,
        "link": "https://www.sec.gov/Archives/edgar/data/12208/000001220898000001/0000012208-98-000001-index.html",
        "finalLink": "https://www.sec.gov/Archives/edgar/data/12208/"
    },
    {
        "date": "1997-09-30",
        "symbol": "BIO",
        "reportedCurrency": "USD",
        "cik": "0000012208",
        "fillingDate": "1997-11-13",
        "acceptedDate": "1997-11-13 00:00:00",
        "calendarYear": "1997",
        "period": "Q3",
        "revenue": 99500000,
        "costOfRevenue": 40600000,
        "grossProfit": 58900000,
        "grossProfitRatio": 0.591959799,
        "researchAndDevelopmentExpenses": 11000000,
        "generalAndAdministrativeExpenses": 39900000,
        "sellingAndMarketingExpenses": 0,
        "sellingGeneralAndAdministrativeExpenses": 39900000,
        "otherExpenses": 4100000,
        "operatingExpenses": 55000000,
        "costAndExpenses": 95600000,
        "interestIncome": 0,
        "interestExpense": 0,
        "depreciationAndAmortization": 4100000,
        "ebitda": 8000000,
        "ebitdaratio": 0.0804020101,
        "operatingIncome": 3900000,
        "operatingIncomeRatio": 0.0391959799,
        "totalOtherIncomeExpensesNet": -300000,
        "incomeBeforeTax": 3600000,
        "incomeBeforeTaxRatio": 0.0361809045,
        "incomeTaxExpense": 1000000,
        "netIncome": 2600000,
        "netIncomeRatio": 0.0261306533,
        "eps": 0.11,
        "epsdiluted": 0.11,
        "weightedAverageShsOut": 24761905,
        "weightedAverageShsOutDil": 24761905,
        "link": "https://www.sec.gov/Archives/edgar/data/12208/000001220897000009/0000012208-97-000009-index.html",
        "finalLink": "https://www.sec.gov/Archives/edgar/data/12208/"
    },
    {
        "date": "1997-06-30",
        "symbol": "BIO",
        "reportedCurrency": "USD",
        "cik": "0000012208",
        "fillingDate": "1997-08-06",
        "acceptedDate": "1997-08-06 00:00:00",
        "calendarYear": "1997",
        "period": "Q2",
        "revenue": 105800000,
        "costOfRevenue": 42200000,
        "grossProfit": 63600000,
        "grossProfitRatio": 0.6011342155,
        "researchAndDevelopmentExpenses": 11200000,
        "generalAndAdministrativeExpenses": 40500000,
        "sellingAndMarketingExpenses": 0,
        "sellingGeneralAndAdministrativeExpenses": 40500000,
        "otherExpenses": 4800000,
        "operatingExpenses": 56500000,
        "costAndExpenses": 98700000,
        "interestIncome": 0,
        "interestExpense": 0,
        "depreciationAndAmortization": 4800000,
        "ebitda": 11900000,
        "ebitdaratio": 0.1124763705,
        "operatingIncome": 7100000,
        "operatingIncomeRatio": 0.0671077505,
        "totalOtherIncomeExpensesNet": -300000,
        "incomeBeforeTax": 6800000,
        "incomeBeforeTaxRatio": 0.0642722117,
        "incomeTaxExpense": 1900000,
        "netIncome": 4900000,
        "netIncomeRatio": 0.0463137996,
        "eps": 0.2,
        "epsdiluted": 0.2,
        "weightedAverageShsOut": 24500000,
        "weightedAverageShsOutDil": 25128205,
        "link": "https://www.sec.gov/Archives/edgar/data/12208/000001220897000008/0000012208-97-000008-index.html",
        "finalLink": "https://www.sec.gov/Archives/edgar/data/12208/"
    },
    {
        "date": "1997-03-31",
        "symbol": "BIO",
        "reportedCurrency": "USD",
        "cik": "0000012208",
        "fillingDate": "1997-05-14",
        "acceptedDate": "1997-05-14 00:00:00",
        "calendarYear": "1997",
        "period": "Q1",
        "revenue": 105900000,
        "costOfRevenue": 39500000,
        "grossProfit": 66400000,
        "grossProfitRatio": 0.62700661,
        "researchAndDevelopmentExpenses": 10800000,
        "generalAndAdministrativeExpenses": 40700000,
        "sellingAndMarketingExpenses": 0,
        "sellingGeneralAndAdministrativeExpenses": 40700000,
        "otherExpenses": 4200000,
        "operatingExpenses": 55700000,
        "costAndExpenses": 95200000,
        "interestIncome": 0,
        "interestExpense": 0,
        "depreciationAndAmortization": 4200000,
        "ebitda": 14900000,
        "ebitdaratio": 0.1406987724,
        "operatingIncome": 10700000,
        "operatingIncomeRatio": 0.1010387158,
        "totalOtherIncomeExpensesNet": -300000,
        "incomeBeforeTax": 10400000,
        "incomeBeforeTaxRatio": 0.0982058546,
        "incomeTaxExpense": 2900000,
        "netIncome": 7500000,
        "netIncomeRatio": 0.0708215297,
        "eps": 0.31,
        "epsdiluted": 0.3,
        "weightedAverageShsOut": 24590164,
        "weightedAverageShsOutDil": 25000000,
        "link": "https://www.sec.gov/Archives/edgar/data/12208/000001220897000006/0000012208-97-000006-index.html",
        "finalLink": "https://www.sec.gov/Archives/edgar/data/12208/"
    },
    {
        "date": "1996-12-31",
        "symbol": "BIO",
        "reportedCurrency": "USD",
        "cik": "0000012208",
        "fillingDate": "1997-03-27",
        "acceptedDate": "1997-03-27 00:00:00",
        "calendarYear": "1996",
        "period": "Q4",
        "revenue": 114000000,
        "costOfRevenue": 47000000,
        "grossProfit": 67000000,
        "grossProfitRatio": 0.5877192982,
        "researchAndDevelopmentExpenses": 10600000,
        "generalAndAdministrativeExpenses": 41700000,
        "sellingAndMarketingExpenses": 0,
        "sellingGeneralAndAdministrativeExpenses": 41700000,
        "otherExpenses": 5700000,
        "operatingExpenses": 58000000,
        "costAndExpenses": 105000000,
        "interestIncome": 0,
        "interestExpense": 0,
        "depreciationAndAmortization": 5700000,
        "ebitda": 14700000,
        "ebitdaratio": 0.1289473684,
        "operatingIncome": 9000000,
        "operatingIncomeRatio": 0.0789473684,
        "totalOtherIncomeExpensesNet": -4100000,
        "incomeBeforeTax": 4900000,
        "incomeBeforeTaxRatio": 0.0429824561,
        "incomeTaxExpense": 1200000,
        "netIncome": 2500000,
        "netIncomeRatio": 0.0219298246,
        "eps": 0.1,
        "epsdiluted": 0.1,
        "weightedAverageShsOut": 24590164,
        "weightedAverageShsOutDil": 25000000,
        "link": "https://www.sec.gov/Archives/edgar/data/12208/000001220897000003/0000012208-97-000003-index.html",
        "finalLink": "https://www.sec.gov/Archives/edgar/data/12208/"
    },
    {
        "date": "1996-09-30",
        "symbol": "BIO",
        "reportedCurrency": "USD",
        "cik": "0000012208",
        "fillingDate": "1996-11-12",
        "acceptedDate": "1996-11-12 00:00:00",
        "calendarYear": "1996",
        "period": "Q3",
        "revenue": 96600000,
        "costOfRevenue": 36400000,
        "grossProfit": 60200000,
        "grossProfitRatio": 0.6231884058,
        "researchAndDevelopmentExpenses": 9700000,
        "generalAndAdministrativeExpenses": 37300000,
        "sellingAndMarketingExpenses": 0,
        "sellingGeneralAndAdministrativeExpenses": 37300000,
        "otherExpenses": 4300000,
        "operatingExpenses": 51300000,
        "costAndExpenses": 87700000,
        "interestIncome": 0,
        "interestExpense": 0,
        "depreciationAndAmortization": 4300000,
        "ebitda": 13200000,
        "ebitdaratio": 0.1366459627,
        "operatingIncome": 8900000,
        "operatingIncomeRatio": 0.0921325052,
        "totalOtherIncomeExpensesNet": 0,
        "incomeBeforeTax": 8900000,
        "incomeBeforeTaxRatio": 0.0921325052,
        "incomeTaxExpense": 2200000,
        "netIncome": 6700000,
        "netIncomeRatio": 0.0693581781,
        "eps": 0.28,
        "epsdiluted": 0.27,
        "weightedAverageShsOut": 24363636,
        "weightedAverageShsOutDil": 24814815,
        "link": "https://www.sec.gov/Archives/edgar/data/12208/000001220896000005/0000012208-96-000005-index.html",
        "finalLink": "https://www.sec.gov/Archives/edgar/data/12208/"
    },
    {
        "date": "1996-06-30",
        "symbol": "BIO",
        "reportedCurrency": "USD",
        "cik": "0000012208",
        "fillingDate": "1996-08-09",
        "acceptedDate": "1996-08-09 00:00:00",
        "calendarYear": "1996",
        "period": "Q2",
        "revenue": 100000000,
        "costOfRevenue": 37800000,
        "grossProfit": 62200000,
        "grossProfitRatio": 0.622,
        "researchAndDevelopmentExpenses": 9600000,
        "generalAndAdministrativeExpenses": 38700000,
        "sellingAndMarketingExpenses": 0,
        "sellingGeneralAndAdministrativeExpenses": 38700000,
        "otherExpenses": 3900000,
        "operatingExpenses": 52200000,
        "costAndExpenses": 90000000,
        "interestIncome": 0,
        "interestExpense": 0,
        "depreciationAndAmortization": 3900000,
        "ebitda": 13900000,
        "ebitdaratio": 0.139,
        "operatingIncome": 10000000,
        "operatingIncomeRatio": 0.1,
        "totalOtherIncomeExpensesNet": 0,
        "incomeBeforeTax": 10000000,
        "incomeBeforeTaxRatio": 0.1,
        "incomeTaxExpense": 2500000,
        "netIncome": 7500000,
        "netIncomeRatio": 0.075,
        "eps": 0.31,
        "epsdiluted": 0.31,
        "weightedAverageShsOut": 24590164,
        "weightedAverageShsOutDil": 24590164,
        "link": "https://www.sec.gov/Archives/edgar/data/12208/000001220896000004/0000012208-96-000004-index.html",
        "finalLink": "https://www.sec.gov/Archives/edgar/data/12208/"
    },
    {
        "date": "1996-03-31",
        "symbol": "BIO",
        "reportedCurrency": "USD",
        "cik": "0000012208",
        "fillingDate": "1996-05-13",
        "acceptedDate": "1996-05-13 00:00:00",
        "calendarYear": "1996",
        "period": "Q1",
        "revenue": 108300000,
        "costOfRevenue": 42800000,
        "grossProfit": 65500000,
        "grossProfitRatio": 0.6048014774,
        "researchAndDevelopmentExpenses": 9600000,
        "generalAndAdministrativeExpenses": 37800000,
        "sellingAndMarketingExpenses": 0,
        "sellingGeneralAndAdministrativeExpenses": 37800000,
        "otherExpenses": 4000000,
        "operatingExpenses": 51400000,
        "costAndExpenses": 94200000,
        "interestIncome": 0,
        "interestExpense": 0,
        "depreciationAndAmortization": 4000000,
        "ebitda": 18100000,
        "ebitdaratio": 0.1671283472,
        "operatingIncome": 14100000,
        "operatingIncomeRatio": 0.1301939058,
        "totalOtherIncomeExpensesNet": -1400000,
        "incomeBeforeTax": 12700000,
        "incomeBeforeTaxRatio": 0.1172668513,
        "incomeTaxExpense": 3200000,
        "netIncome": 9500000,
        "netIncomeRatio": 0.0877192982,
        "eps": 0.39,
        "epsdiluted": 0.38,
        "weightedAverageShsOut": 24675325,
        "weightedAverageShsOutDil": 25000000,
        "link": "https://www.sec.gov/Archives/edgar/data/12208/000001220896000003/0000012208-96-000003-index.html",
        "finalLink": "https://www.sec.gov/Archives/edgar/data/12208/"
    },
    {
        "date": "1995-12-31",
        "symbol": "BIO",
        "reportedCurrency": "USD",
        "cik": "0000012208",
        "fillingDate": "1996-03-22",
        "acceptedDate": "1996-03-22 00:00:00",
        "calendarYear": "1995",
        "period": "Q4",
        "revenue": 107900000,
        "costOfRevenue": 44300000,
        "grossProfit": 63600000,
        "grossProfitRatio": 0.5894346617,
        "researchAndDevelopmentExpenses": 9300000,
        "generalAndAdministrativeExpenses": 40200000,
        "sellingAndMarketingExpenses": 0,
        "sellingGeneralAndAdministrativeExpenses": 40200000,
        "otherExpenses": 4400000,
        "operatingExpenses": 53900000,
        "costAndExpenses": 98200000,
        "interestIncome": 0,
        "interestExpense": 0,
        "depreciationAndAmortization": 4400000,
        "ebitda": 14100000,
        "ebitdaratio": 0.1306765524,
        "operatingIncome": 9700000,
        "operatingIncomeRatio": 0.0898980538,
        "totalOtherIncomeExpensesNet": -1400000,
        "incomeBeforeTax": 8300000,
        "incomeBeforeTaxRatio": 0.0769230769,
        "incomeTaxExpense": 2100000,
        "netIncome": 6200000,
        "netIncomeRatio": 0.0574606117,
        "eps": 0.25,
        "epsdiluted": 0.25,
        "weightedAverageShsOut": 24675325,
        "weightedAverageShsOutDil": 25000000,
        "link": "https://www.sec.gov/Archives/edgar/data/12208/000001220896000001/0000012208-96-000001-index.html",
        "finalLink": "https://www.sec.gov/Archives/edgar/data/12208/"
    },
    {
        "date": "1995-09-30",
        "symbol": "BIO",
        "reportedCurrency": "USD",
        "cik": "0000012208",
        "fillingDate": "1995-11-03",
        "acceptedDate": "1995-11-03 00:00:00",
        "calendarYear": "1995",
        "period": "Q3",
        "revenue": 92900000,
        "costOfRevenue": 36000000,
        "grossProfit": 56900000,
        "grossProfitRatio": 0.6124865447,
        "researchAndDevelopmentExpenses": 8500000,
        "generalAndAdministrativeExpenses": 36300000,
        "sellingAndMarketingExpenses": 0,
        "sellingGeneralAndAdministrativeExpenses": 36300000,
        "otherExpenses": 4000000,
        "operatingExpenses": 48800000,
        "costAndExpenses": 84800000,
        "interestIncome": 0,
        "interestExpense": 0,
        "depreciationAndAmortization": 4000000,
        "ebitda": 12100000,
        "ebitdaratio": 0.130247578,
        "operatingIncome": 8100000,
        "operatingIncomeRatio": 0.0871905274,
        "totalOtherIncomeExpensesNet": -2200000,
        "incomeBeforeTax": 5900000,
        "incomeBeforeTaxRatio": 0.0635091496,
        "incomeTaxExpense": 1500000,
        "netIncome": 4400000,
        "netIncomeRatio": 0.0473627557,
        "eps": 0.19,
        "epsdiluted": 0.19,
        "weightedAverageShsOut": 23783784,
        "weightedAverageShsOutDil": 23783784,
        "link": "https://www.sec.gov/Archives/edgar/data/12208/000001220895000006/0000012208-95-000006-index.html",
        "finalLink": "https://www.sec.gov/Archives/edgar/data/12208/"
    },
    {
        "date": "1995-06-30",
        "symbol": "BIO",
        "reportedCurrency": "USD",
        "cik": "0000012208",
        "fillingDate": "1995-08-09",
        "acceptedDate": "1995-08-09 00:00:00",
        "calendarYear": "1995",
        "period": "Q2",
        "revenue": 97900000,
        "costOfRevenue": 37300000,
        "grossProfit": 60600000,
        "grossProfitRatio": 0.6189989785,
        "researchAndDevelopmentExpenses": 8500000,
        "generalAndAdministrativeExpenses": 38900000,
        "sellingAndMarketingExpenses": 0,
        "sellingGeneralAndAdministrativeExpenses": 38900000,
        "otherExpenses": 4100000,
        "operatingExpenses": 51500000,
        "costAndExpenses": 88800000,
        "interestIncome": 0,
        "interestExpense": 0,
        "depreciationAndAmortization": 4100000,
        "ebitda": 13200000,
        "ebitdaratio": 0.1348314607,
        "operatingIncome": 9100000,
        "operatingIncomeRatio": 0.0929519918,
        "totalOtherIncomeExpensesNet": -400000,
        "incomeBeforeTax": 8700000,
        "incomeBeforeTaxRatio": 0.08886619,
        "incomeTaxExpense": 2200000,
        "netIncome": 6500000,
        "netIncomeRatio": 0.0663942799,
        "eps": 0.27,
        "epsdiluted": 0.27,
        "weightedAverageShsOut": 24528302,
        "weightedAverageShsOutDil": 24528302,
        "link": "https://www.sec.gov/Archives/edgar/data/12208/000001220895000005/0000012208-95-000005-index.html",
        "finalLink": "https://www.sec.gov/Archives/edgar/data/12208/"
    },
    {
        "date": "1995-03-31",
        "symbol": "BIO",
        "reportedCurrency": "USD",
        "cik": "0000012208",
        "fillingDate": "1995-05-11",
        "acceptedDate": "1995-05-11 00:00:00",
        "calendarYear": "1995",
        "period": "Q1",
        "revenue": 97900000,
        "costOfRevenue": 37600000,
        "grossProfit": 60300000,
        "grossProfitRatio": 0.6159346272,
        "researchAndDevelopmentExpenses": 8400000,
        "generalAndAdministrativeExpenses": 35000000,
        "sellingAndMarketingExpenses": 0,
        "sellingGeneralAndAdministrativeExpenses": 35000000,
        "otherExpenses": 4200000,
        "operatingExpenses": 47600000,
        "costAndExpenses": 85200000,
        "interestIncome": 0,
        "interestExpense": 0,
        "depreciationAndAmortization": 4200000,
        "ebitda": 16900000,
        "ebitdaratio": 0.1726251277,
        "operatingIncome": 12700000,
        "operatingIncomeRatio": 0.1297242084,
        "totalOtherIncomeExpensesNet": -1900000,
        "incomeBeforeTax": 10800000,
        "incomeBeforeTaxRatio": 0.1103166496,
        "incomeTaxExpense": 2700000,
        "netIncome": 8100000,
        "netIncomeRatio": 0.0827374872,
        "eps": 0.33,
        "epsdiluted": 0.33,
        "weightedAverageShsOut": 24545455,
        "weightedAverageShsOutDil": 24545455,
        "link": "https://www.sec.gov/Archives/edgar/data/12208/000001220895000004/0000012208-95-000004-index.html",
        "finalLink": "https://www.sec.gov/Archives/edgar/data/12208/"
    },
    {
        "date": "1994-12-31",
        "symbol": "BIO",
        "reportedCurrency": "USD",
        "cik": "0000012208",
        "fillingDate": "1995-03-24",
        "acceptedDate": "1995-03-24 00:00:00",
        "calendarYear": "1994",
        "period": "Q4",
        "revenue": 96700000,
        "costOfRevenue": 39200000,
        "grossProfit": 57500000,
        "grossProfitRatio": 0.594622544,
        "researchAndDevelopmentExpenses": 8300000,
        "generalAndAdministrativeExpenses": 35700000,
        "sellingAndMarketingExpenses": 0,
        "sellingGeneralAndAdministrativeExpenses": 35700000,
        "otherExpenses": 4400000,
        "operatingExpenses": 48400000,
        "costAndExpenses": 87600000,
        "interestIncome": 0,
        "interestExpense": 0,
        "depreciationAndAmortization": 4400000,
        "ebitda": 13500000,
        "ebitdaratio": 0.1396070321,
        "operatingIncome": 9100000,
        "operatingIncomeRatio": 0.0941054809,
        "totalOtherIncomeExpensesNet": -2600000,
        "incomeBeforeTax": 6500000,
        "incomeBeforeTaxRatio": 0.0672182006,
        "incomeTaxExpense": 2300000,
        "netIncome": 4200000,
        "netIncomeRatio": 0.0434332989,
        "eps": 0.17,
        "epsdiluted": 0.17,
        "weightedAverageShsOut": 24134043,
        "weightedAverageShsOutDil": 24545455,
        "link": "https://www.sec.gov/Archives/edgar/data/12208/000001220895000002/0000012208-95-000002-index.html",
        "finalLink": "https://www.sec.gov/Archives/edgar/data/12208/"
    },
    {
        "date": "1994-09-30",
        "symbol": "BIO",
        "reportedCurrency": "USD",
        "cik": "0000012208",
        "fillingDate": "1994-11-14",
        "acceptedDate": "1994-11-14 00:00:00",
        "calendarYear": "1994",
        "period": "Q3",
        "revenue": 83800000,
        "costOfRevenue": 32100000,
        "grossProfit": 51700000,
        "grossProfitRatio": 0.6169451074,
        "researchAndDevelopmentExpenses": 7300000,
        "generalAndAdministrativeExpenses": 33000000,
        "sellingAndMarketingExpenses": 0,
        "sellingGeneralAndAdministrativeExpenses": 33000000,
        "otherExpenses": 4100000,
        "operatingExpenses": 44400000,
        "costAndExpenses": 76500000,
        "interestIncome": 0,
        "interestExpense": 0,
        "depreciationAndAmortization": 4100000,
        "ebitda": 11400000,
        "ebitdaratio": 0.1360381862,
        "operatingIncome": 7300000,
        "operatingIncomeRatio": 0.0871121718,
        "totalOtherIncomeExpensesNet": -2300000,
        "incomeBeforeTax": 5000000,
        "incomeBeforeTaxRatio": 0.0596658711,
        "incomeTaxExpense": 1100000,
        "netIncome": 3900000,
        "netIncomeRatio": 0.0465393795,
        "eps": 0.16,
        "epsdiluted": 0.16,
        "weightedAverageShsOut": 24375000,
        "weightedAverageShsOutDil": 24375000,
        "link": "https://www.sec.gov/Archives/edgar/data/12208/000001220894000011/0000012208-94-000011-index.html",
        "finalLink": "https://www.sec.gov/Archives/edgar/data/12208/"
    },
    {
        "date": "1994-06-30",
        "symbol": "BIO",
        "reportedCurrency": "USD",
        "cik": "0000012208",
        "fillingDate": "1994-08-08",
        "acceptedDate": "1994-08-08 00:00:00",
        "calendarYear": "1994",
        "period": "Q2",
        "revenue": 85100000,
        "costOfRevenue": 32600000,
        "grossProfit": 52500000,
        "grossProfitRatio": 0.6169212691,
        "researchAndDevelopmentExpenses": 7300000,
        "generalAndAdministrativeExpenses": 32200000,
        "sellingAndMarketingExpenses": 0,
        "sellingGeneralAndAdministrativeExpenses": 32200000,
        "otherExpenses": 4000000,
        "operatingExpenses": 43500000,
        "costAndExpenses": 76100000,
        "interestIncome": 0,
        "interestExpense": 0,
        "depreciationAndAmortization": 4000000,
        "ebitda": 13000000,
        "ebitdaratio": 0.1527614571,
        "operatingIncome": 9000000,
        "operatingIncomeRatio": 0.1057579318,
        "totalOtherIncomeExpensesNet": -4300000,
        "incomeBeforeTax": 4700000,
        "incomeBeforeTaxRatio": 0.0552291422,
        "incomeTaxExpense": 1900000,
        "netIncome": 2800000,
        "netIncomeRatio": 0.0329024677,
        "eps": 0.12,
        "epsdiluted": 0.12,
        "weightedAverageShsOut": 24347826,
        "weightedAverageShsOutDil": 24347826,
        "link": "https://www.sec.gov/Archives/edgar/data/12208/000001220894000009/0000012208-94-000009-index.html",
        "finalLink": "https://www.sec.gov/Archives/edgar/data/12208/"
    },
    {
        "date": "1994-03-31",
        "symbol": "BIO",
        "reportedCurrency": "USD",
        "cik": "0000012208",
        "fillingDate": "1994-05-12",
        "acceptedDate": "1994-05-12 00:00:00",
        "calendarYear": "1994",
        "period": "Q1",
        "revenue": 89700000,
        "costOfRevenue": 35100000,
        "grossProfit": 54600000,
        "grossProfitRatio": 0.6086956522,
        "researchAndDevelopmentExpenses": 7300000,
        "generalAndAdministrativeExpenses": 31700000,
        "sellingAndMarketingExpenses": 0,
        "sellingGeneralAndAdministrativeExpenses": 31700000,
        "otherExpenses": 4300000,
        "operatingExpenses": 43300000,
        "costAndExpenses": 78400000,
        "interestIncome": 0,
        "interestExpense": 0,
        "depreciationAndAmortization": 4300000,
        "ebitda": 15600000,
        "ebitdaratio": 0.1739130435,
        "operatingIncome": 11300000,
        "operatingIncomeRatio": 0.1259754738,
        "totalOtherIncomeExpensesNet": -3500000,
        "incomeBeforeTax": 7800000,
        "incomeBeforeTaxRatio": 0.0869565217,
        "incomeTaxExpense": 3100000,
        "netIncome": 4700000,
        "netIncomeRatio": 0.0523968785,
        "eps": 0.2,
        "epsdiluted": 0.2,
        "weightedAverageShsOut": 24102564,
        "weightedAverageShsOutDil": 24102564,
        "link": "https://www.sec.gov/Archives/edgar/data/12208/000001220894000007/0000012208-94-000007-index.html",
        "finalLink": "https://www.sec.gov/Archives/edgar/data/12208/"
    },
    {
        "date": "1993-12-31",
        "symbol": "BIO",
        "reportedCurrency": "USD",
        "cik": "0000012208",
        "fillingDate": "1993-12-31",
        "acceptedDate": "1993-12-31 00:00:00",
        "calendarYear": "1993",
        "period": "Q4",
        "revenue": 87300000,
        "costOfRevenue": 38000000,
        "grossProfit": 49300000,
        "grossProfitRatio": 0.5647193585,
        "researchAndDevelopmentExpenses": 0,
        "generalAndAdministrativeExpenses": 0,
        "sellingAndMarketingExpenses": 0,
        "sellingGeneralAndAdministrativeExpenses": 44200000,
        "otherExpenses": 4300000,
        "operatingExpenses": 48500000,
        "costAndExpenses": 86500000,
        "interestIncome": 0,
        "interestExpense": 0,
        "depreciationAndAmortization": 4300000,
        "ebitda": 5100000,
        "ebitdaratio": 0.058419244,
        "operatingIncome": 800000,
        "operatingIncomeRatio": 0.009163803,
        "totalOtherIncomeExpensesNet": -2100000,
        "incomeBeforeTax": -1300000,
        "incomeBeforeTaxRatio": -0.0148911798,
        "incomeTaxExpense": -500000,
        "netIncome": -800000,
        "netIncomeRatio": -0.009163803,
        "eps": -0.0332,
        "epsdiluted": -0.0332,
        "weightedAverageShsOut": 24102564,
        "weightedAverageShsOutDil": 24102564,
        "link": null,
        "finalLink": null
    },
    {
        "date": "1993-09-30",
        "symbol": "BIO",
        "reportedCurrency": "USD",
        "cik": "0000012208",
        "fillingDate": "1993-09-30",
        "acceptedDate": "1993-09-30 00:00:00",
        "calendarYear": "1993",
        "period": "Q3",
        "revenue": 78900000,
        "costOfRevenue": 32700000,
        "grossProfit": 46200000,
        "grossProfitRatio": 0.5855513308,
        "researchAndDevelopmentExpenses": 0,
        "generalAndAdministrativeExpenses": 40000000,
        "sellingAndMarketingExpenses": 0,
        "sellingGeneralAndAdministrativeExpenses": 40000000,
        "otherExpenses": 4400000,
        "operatingExpenses": 44400000,
        "costAndExpenses": 77100000,
        "interestIncome": 0,
        "interestExpense": 0,
        "depreciationAndAmortization": 4400000,
        "ebitda": 6200000,
        "ebitdaratio": 0.0785804816,
        "operatingIncome": 1800000,
        "operatingIncomeRatio": 0.0228136882,
        "totalOtherIncomeExpensesNet": -1600000,
        "incomeBeforeTax": 200000,
        "incomeBeforeTaxRatio": 0.0025348542,
        "incomeTaxExpense": 100000,
        "netIncome": 100000,
        "netIncomeRatio": 0.0012674271,
        "eps": 0.005,
        "epsdiluted": 0.005,
        "weightedAverageShsOut": 20000000,
        "weightedAverageShsOutDil": 20000000,
        "link": null,
        "finalLink": null
    },
    {
        "date": "1993-06-30",
        "symbol": "BIO",
        "reportedCurrency": "USD",
        "cik": "0000012208",
        "fillingDate": "1993-06-30",
        "acceptedDate": "1993-06-30 00:00:00",
        "calendarYear": "1993",
        "period": "Q2",
        "revenue": 81800000,
        "costOfRevenue": 32800000,
        "grossProfit": 49000000,
        "grossProfitRatio": 0.5990220049,
        "researchAndDevelopmentExpenses": 0,
        "generalAndAdministrativeExpenses": 41900000,
        "sellingAndMarketingExpenses": 0,
        "sellingGeneralAndAdministrativeExpenses": 41900000,
        "otherExpenses": 4400000,
        "operatingExpenses": 46300000,
        "costAndExpenses": 79100000,
        "interestIncome": 0,
        "interestExpense": 0,
        "depreciationAndAmortization": 4400000,
        "ebitda": 7100000,
        "ebitdaratio": 0.086797066,
        "operatingIncome": 2700000,
        "operatingIncomeRatio": 0.033007335,
        "totalOtherIncomeExpensesNet": -2300000,
        "incomeBeforeTax": 400000,
        "incomeBeforeTaxRatio": 0.0048899756,
        "incomeTaxExpense": 200000,
        "netIncome": 200000,
        "netIncomeRatio": 0.0024449878,
        "eps": 0.01,
        "epsdiluted": 0.01,
        "weightedAverageShsOut": 20000000,
        "weightedAverageShsOutDil": 20000000,
        "link": null,
        "finalLink": null
    },
    {
        "date": "1993-03-31",
        "symbol": "BIO",
        "reportedCurrency": "USD",
        "cik": "0000012208",
        "fillingDate": "1993-03-31",
        "acceptedDate": "1993-03-31 00:00:00",
        "calendarYear": "1993",
        "period": "Q1",
        "revenue": 80500000,
        "costOfRevenue": 30800000,
        "grossProfit": 49700000,
        "grossProfitRatio": 0.6173913043,
        "researchAndDevelopmentExpenses": 0,
        "generalAndAdministrativeExpenses": 41200000,
        "sellingAndMarketingExpenses": 0,
        "sellingGeneralAndAdministrativeExpenses": 41200000,
        "otherExpenses": 3500000,
        "operatingExpenses": 44700000,
        "costAndExpenses": 75500000,
        "interestIncome": 0,
        "interestExpense": 0,
        "depreciationAndAmortization": 3500000,
        "ebitda": 8500000,
        "ebitdaratio": 0.1055900621,
        "operatingIncome": 5000000,
        "operatingIncomeRatio": 0.0621118012,
        "totalOtherIncomeExpensesNet": 400000,
        "incomeBeforeTax": 5400000,
        "incomeBeforeTaxRatio": 0.0670807453,
        "incomeTaxExpense": 2200000,
        "netIncome": 3200000,
        "netIncomeRatio": 0.0397515528,
        "eps": 0.14,
        "epsdiluted": 0.14,
        "weightedAverageShsOut": 23703704,
        "weightedAverageShsOutDil": 23703704,
        "link": null,
        "finalLink": null
    },
    {
        "date": "1992-12-31",
        "symbol": "BIO",
        "reportedCurrency": "USD",
        "cik": "0000012208",
        "fillingDate": "1992-12-31",
        "acceptedDate": "1992-12-31 00:00:00",
        "calendarYear": "1992",
        "period": "Q4",
        "revenue": 88100000,
        "costOfRevenue": 34800000,
        "grossProfit": 53300000,
        "grossProfitRatio": 0.6049943246,
        "researchAndDevelopmentExpenses": 0,
        "generalAndAdministrativeExpenses": 0,
        "sellingAndMarketingExpenses": 0,
        "sellingGeneralAndAdministrativeExpenses": 44900000,
        "otherExpenses": 3800000,
        "operatingExpenses": 48700000,
        "costAndExpenses": 83500000,
        "interestIncome": 0,
        "interestExpense": 0,
        "depreciationAndAmortization": 3800000,
        "ebitda": 8400000,
        "ebitdaratio": 0.0953461975,
        "operatingIncome": 4600000,
        "operatingIncomeRatio": 0.0522133939,
        "totalOtherIncomeExpensesNet": -2100000,
        "incomeBeforeTax": 2500000,
        "incomeBeforeTaxRatio": 0.0283768445,
        "incomeTaxExpense": 1100000,
        "netIncome": 1400000,
        "netIncomeRatio": 0.0158910329,
        "eps": 0.059,
        "epsdiluted": 0.059,
        "weightedAverageShsOut": 23670537,
        "weightedAverageShsOutDil": 23703704,
        "link": null,
        "finalLink": null
    },
    {
        "date": "1992-09-30",
        "symbol": "BIO",
        "reportedCurrency": "USD",
        "cik": "0000012208",
        "fillingDate": "1992-09-30",
        "acceptedDate": "1992-09-30 00:00:00",
        "calendarYear": "1992",
        "period": "Q3",
        "revenue": 78600000,
        "costOfRevenue": 30100000,
        "grossProfit": 48500000,
        "grossProfitRatio": 0.6170483461,
        "researchAndDevelopmentExpenses": 0,
        "generalAndAdministrativeExpenses": 41900000,
        "sellingAndMarketingExpenses": 0,
        "sellingGeneralAndAdministrativeExpenses": 41900000,
        "otherExpenses": 3400000,
        "operatingExpenses": 45300000,
        "costAndExpenses": 75400000,
        "interestIncome": 0,
        "interestExpense": 0,
        "depreciationAndAmortization": 3800000,
        "ebitda": 7000000,
        "ebitdaratio": 0.0890585242,
        "operatingIncome": 3200000,
        "operatingIncomeRatio": 0.0407124682,
        "totalOtherIncomeExpensesNet": 700000,
        "incomeBeforeTax": 3900000,
        "incomeBeforeTaxRatio": 0.0496183206,
        "incomeTaxExpense": 1700000,
        "netIncome": 2200000,
        "netIncomeRatio": 0.0279898219,
        "eps": 0.095,
        "epsdiluted": 0.095,
        "weightedAverageShsOut": 23157895,
        "weightedAverageShsOutDil": 23157895,
        "link": null,
        "finalLink": null
    },
    {
        "date": "1992-06-30",
        "symbol": "BIO",
        "reportedCurrency": "USD",
        "cik": "0000012208",
        "fillingDate": "1992-06-30",
        "acceptedDate": "1992-06-30 00:00:00",
        "calendarYear": "1992",
        "period": "Q2",
        "revenue": 80000000,
        "costOfRevenue": 29200000,
        "grossProfit": 50800000,
        "grossProfitRatio": 0.635,
        "researchAndDevelopmentExpenses": 0,
        "generalAndAdministrativeExpenses": 50800000,
        "sellingAndMarketingExpenses": 0,
        "sellingGeneralAndAdministrativeExpenses": 50800000,
        "otherExpenses": 3100000,
        "operatingExpenses": 53900000,
        "costAndExpenses": 83100000,
        "interestIncome": 0,
        "interestExpense": 0,
        "depreciationAndAmortization": 3100000,
        "ebitda": 0,
        "ebitdaratio": 0,
        "operatingIncome": -3100000,
        "operatingIncomeRatio": -0.03875,
        "totalOtherIncomeExpensesNet": 18100000,
        "incomeBeforeTax": 15000000,
        "incomeBeforeTaxRatio": 0.1875,
        "incomeTaxExpense": 6500000,
        "netIncome": 8500000,
        "netIncomeRatio": 0.10625,
        "eps": 0.36,
        "epsdiluted": 0.36,
        "weightedAverageShsOut": 23943662,
        "weightedAverageShsOutDil": 23943662,
        "link": null,
        "finalLink": null
    },
    {
        "date": "1992-03-31",
        "symbol": "BIO",
        "reportedCurrency": "USD",
        "cik": "0000012208",
        "fillingDate": "1992-03-31",
        "acceptedDate": "1992-03-31 00:00:00",
        "calendarYear": "1992",
        "period": "Q1",
        "revenue": 83600000,
        "costOfRevenue": 30500000,
        "grossProfit": 53100000,
        "grossProfitRatio": 0.6351674641,
        "researchAndDevelopmentExpenses": 0,
        "generalAndAdministrativeExpenses": 40000000,
        "sellingAndMarketingExpenses": 0,
        "sellingGeneralAndAdministrativeExpenses": 40000000,
        "otherExpenses": 3200000,
        "operatingExpenses": 43200000,
        "costAndExpenses": 73700000,
        "interestIncome": 0,
        "interestExpense": 0,
        "depreciationAndAmortization": 3200000,
        "ebitda": 13100000,
        "ebitdaratio": 0.1566985646,
        "operatingIncome": 9900000,
        "operatingIncomeRatio": 0.1184210526,
        "totalOtherIncomeExpensesNet": -3700000,
        "incomeBeforeTax": 6200000,
        "incomeBeforeTaxRatio": 0.0741626794,
        "incomeTaxExpense": 2700000,
        "netIncome": 3500000,
        "netIncomeRatio": 0.0418660287,
        "eps": 0.14,
        "epsdiluted": 0.14,
        "weightedAverageShsOut": 24137931,
        "weightedAverageShsOutDil": 24137931,
        "link": null,
        "finalLink": null
    },
    {
        "date": "1991-12-31",
        "symbol": "BIO",
        "reportedCurrency": "USD",
        "cik": "0000012208",
        "fillingDate": "1991-12-31",
        "acceptedDate": "1991-12-31 00:00:00",
        "calendarYear": "1991",
        "period": "Q4",
        "revenue": 82400000,
        "costOfRevenue": 33200000,
        "grossProfit": 49200000,
        "grossProfitRatio": 0.5970873786,
        "researchAndDevelopmentExpenses": 0,
        "generalAndAdministrativeExpenses": 0,
        "sellingAndMarketingExpenses": 0,
        "sellingGeneralAndAdministrativeExpenses": 41700000,
        "otherExpenses": 3800000,
        "operatingExpenses": 45500000,
        "costAndExpenses": 78700000,
        "interestIncome": 0,
        "interestExpense": 0,
        "depreciationAndAmortization": 3800000,
        "ebitda": 7500000,
        "ebitdaratio": 0.0910194175,
        "operatingIncome": 3700000,
        "operatingIncomeRatio": 0.0449029126,
        "totalOtherIncomeExpensesNet": -1000000,
        "incomeBeforeTax": 2700000,
        "incomeBeforeTaxRatio": 0.0327669903,
        "incomeTaxExpense": 1200000,
        "netIncome": 1500000,
        "netIncomeRatio": 0.0182038835,
        "eps": 0.062,
        "epsdiluted": 0.062,
        "weightedAverageShsOut": 24137931,
        "weightedAverageShsOutDil": 24137931,
        "link": null,
        "finalLink": null
    },
    {
        "date": "1991-09-30",
        "symbol": "BIO",
        "reportedCurrency": "USD",
        "cik": "0000012208",
        "fillingDate": "1991-09-30",
        "acceptedDate": "1991-09-30 00:00:00",
        "calendarYear": "1991",
        "period": "Q3",
        "revenue": 75100000,
        "costOfRevenue": 29100000,
        "grossProfit": 46000000,
        "grossProfitRatio": 0.6125166445,
        "researchAndDevelopmentExpenses": 0,
        "generalAndAdministrativeExpenses": 37800000,
        "sellingAndMarketingExpenses": 0,
        "sellingGeneralAndAdministrativeExpenses": 37800000,
        "otherExpenses": 3000000,
        "operatingExpenses": 40800000,
        "costAndExpenses": 69900000,
        "interestIncome": 0,
        "interestExpense": 0,
        "depreciationAndAmortization": 3000000,
        "ebitda": 8200000,
        "ebitdaratio": 0.1091877497,
        "operatingIncome": 5200000,
        "operatingIncomeRatio": 0.069241012,
        "totalOtherIncomeExpensesNet": -2500000,
        "incomeBeforeTax": 2700000,
        "incomeBeforeTaxRatio": 0.0359520639,
        "incomeTaxExpense": 1000000,
        "netIncome": 1700000,
        "netIncomeRatio": 0.0226364847,
        "eps": 0.07,
        "epsdiluted": 0.07,
        "weightedAverageShsOut": 24285714,
        "weightedAverageShsOutDil": 24285714,
        "link": null,
        "finalLink": null
    },
    {
        "date": "1991-06-30",
        "symbol": "BIO",
        "reportedCurrency": "USD",
        "cik": "0000012208",
        "fillingDate": "1991-06-30",
        "acceptedDate": "1991-06-30 00:00:00",
        "calendarYear": "1991",
        "period": "Q2",
        "revenue": 76500000,
        "costOfRevenue": 30800000,
        "grossProfit": 45700000,
        "grossProfitRatio": 0.5973856209,
        "researchAndDevelopmentExpenses": 0,
        "generalAndAdministrativeExpenses": 38100000,
        "sellingAndMarketingExpenses": 0,
        "sellingGeneralAndAdministrativeExpenses": 38100000,
        "otherExpenses": 2700000,
        "operatingExpenses": 40800000,
        "costAndExpenses": 71600000,
        "interestIncome": 0,
        "interestExpense": 0,
        "depreciationAndAmortization": 2700000,
        "ebitda": 7600000,
        "ebitdaratio": 0.0993464052,
        "operatingIncome": 4900000,
        "operatingIncomeRatio": 0.0640522876,
        "totalOtherIncomeExpensesNet": -2600000,
        "incomeBeforeTax": 2300000,
        "incomeBeforeTaxRatio": 0.0300653595,
        "incomeTaxExpense": 900000,
        "netIncome": 1400000,
        "netIncomeRatio": 0.0183006536,
        "eps": 0.06,
        "epsdiluted": 0.06,
        "weightedAverageShsOut": 23333333,
        "weightedAverageShsOutDil": 23333333,
        "link": null,
        "finalLink": null
    },
    {
        "date": "1991-03-31",
        "symbol": "BIO",
        "reportedCurrency": "USD",
        "cik": "0000012208",
        "fillingDate": "1991-03-31",
        "acceptedDate": "1991-03-31 00:00:00",
        "calendarYear": "1991",
        "period": "Q1",
        "revenue": 76700000,
        "costOfRevenue": 29000000,
        "grossProfit": 47700000,
        "grossProfitRatio": 0.6219035202,
        "researchAndDevelopmentExpenses": 0,
        "generalAndAdministrativeExpenses": 36800000,
        "sellingAndMarketingExpenses": 0,
        "sellingGeneralAndAdministrativeExpenses": 36800000,
        "otherExpenses": 2600000,
        "operatingExpenses": 39400000,
        "costAndExpenses": 68400000,
        "interestIncome": 0,
        "interestExpense": 0,
        "depreciationAndAmortization": 2600000,
        "ebitda": 10900000,
        "ebitdaratio": 0.1421121252,
        "operatingIncome": 8300000,
        "operatingIncomeRatio": 0.1082138201,
        "totalOtherIncomeExpensesNet": -2500000,
        "incomeBeforeTax": 5800000,
        "incomeBeforeTaxRatio": 0.075619296,
        "incomeTaxExpense": 2200000,
        "netIncome": 3600000,
        "netIncomeRatio": 0.0469361147,
        "eps": 0.16,
        "epsdiluted": 0.16,
        "weightedAverageShsOut": 23225806,
        "weightedAverageShsOutDil": 23225806,
        "link": null,
        "finalLink": null
    },
    {
        "date": "1990-12-31",
        "symbol": "BIO",
        "reportedCurrency": "USD",
        "cik": "0000012208",
        "fillingDate": "1990-12-31",
        "acceptedDate": "1990-12-31 00:00:00",
        "calendarYear": "1990",
        "period": "Q4",
        "revenue": 80300000,
        "costOfRevenue": 32600000,
        "grossProfit": 47700000,
        "grossProfitRatio": 0.5940224159,
        "researchAndDevelopmentExpenses": 0,
        "generalAndAdministrativeExpenses": 0,
        "sellingAndMarketingExpenses": 0,
        "sellingGeneralAndAdministrativeExpenses": 36800000,
        "otherExpenses": 2800000,
        "operatingExpenses": 39600000,
        "costAndExpenses": 72200000,
        "interestIncome": 0,
        "interestExpense": 0,
        "depreciationAndAmortization": 2800000,
        "ebitda": 10900000,
        "ebitdaratio": 0.1357409714,
        "operatingIncome": 8100000,
        "operatingIncomeRatio": 0.100871731,
        "totalOtherIncomeExpensesNet": -2600000,
        "incomeBeforeTax": 5500000,
        "incomeBeforeTaxRatio": 0.0684931507,
        "incomeTaxExpense": 2100000,
        "netIncome": 3400000,
        "netIncomeRatio": 0.0423412204,
        "eps": 0.15,
        "epsdiluted": 0.15,
        "weightedAverageShsOut": 23225806,
        "weightedAverageShsOutDil": 23225806,
        "link": null,
        "finalLink": null
    },
    {
        "date": "1990-09-30",
        "symbol": "BIO",
        "reportedCurrency": "USD",
        "cik": "0000012208",
        "fillingDate": "1990-09-30",
        "acceptedDate": "1990-09-30 00:00:00",
        "calendarYear": "1990",
        "period": "Q3",
        "revenue": 69500000,
        "costOfRevenue": 28300000,
        "grossProfit": 41200000,
        "grossProfitRatio": 0.5928057554,
        "researchAndDevelopmentExpenses": 0,
        "generalAndAdministrativeExpenses": 34400000,
        "sellingAndMarketingExpenses": 0,
        "sellingGeneralAndAdministrativeExpenses": 34400000,
        "otherExpenses": 2600000,
        "operatingExpenses": 37000000,
        "costAndExpenses": 65300000,
        "interestIncome": 0,
        "interestExpense": 0,
        "depreciationAndAmortization": 2600000,
        "ebitda": 6800000,
        "ebitdaratio": 0.0978417266,
        "operatingIncome": 4200000,
        "operatingIncomeRatio": 0.0604316547,
        "totalOtherIncomeExpensesNet": -1600000,
        "incomeBeforeTax": 2600000,
        "incomeBeforeTaxRatio": 0.0374100719,
        "incomeTaxExpense": 1000000,
        "netIncome": 1600000,
        "netIncomeRatio": 0.0230215827,
        "eps": 0.065,
        "epsdiluted": 0.065,
        "weightedAverageShsOut": 24615385,
        "weightedAverageShsOutDil": 24615385,
        "link": null,
        "finalLink": null
    },
    {
        "date": "1990-06-30",
        "symbol": "BIO",
        "reportedCurrency": "USD",
        "cik": "0000012208",
        "fillingDate": "1990-06-30",
        "acceptedDate": "1990-06-30 00:00:00",
        "calendarYear": "1990",
        "period": "Q2",
        "revenue": 68800000,
        "costOfRevenue": 25900000,
        "grossProfit": 42900000,
        "grossProfitRatio": 0.6235465116,
        "researchAndDevelopmentExpenses": 0,
        "generalAndAdministrativeExpenses": 35300000,
        "sellingAndMarketingExpenses": 0,
        "sellingGeneralAndAdministrativeExpenses": 35300000,
        "otherExpenses": 2600000,
        "operatingExpenses": 37900000,
        "costAndExpenses": 63800000,
        "interestIncome": 0,
        "interestExpense": 0,
        "depreciationAndAmortization": 2600000,
        "ebitda": 7600000,
        "ebitdaratio": 0.1104651163,
        "operatingIncome": 5000000,
        "operatingIncomeRatio": 0.0726744186,
        "totalOtherIncomeExpensesNet": -1500000,
        "incomeBeforeTax": 3500000,
        "incomeBeforeTaxRatio": 0.050872093,
        "incomeTaxExpense": 1400000,
        "netIncome": 2100000,
        "netIncomeRatio": 0.0305232558,
        "eps": 0.085,
        "epsdiluted": 0.085,
        "weightedAverageShsOut": 24705882,
        "weightedAverageShsOutDil": 24705882,
        "link": null,
        "finalLink": null
    },
    {
        "date": "1990-03-31",
        "symbol": "BIO",
        "reportedCurrency": "USD",
        "cik": "0000012208",
        "fillingDate": "1990-03-31",
        "acceptedDate": "1990-03-31 00:00:00",
        "calendarYear": "1990",
        "period": "Q1",
        "revenue": 68100000,
        "costOfRevenue": 26500000,
        "grossProfit": 41600000,
        "grossProfitRatio": 0.610866373,
        "researchAndDevelopmentExpenses": 0,
        "generalAndAdministrativeExpenses": 32200000,
        "sellingAndMarketingExpenses": 0,
        "sellingGeneralAndAdministrativeExpenses": 32200000,
        "otherExpenses": 2300000,
        "operatingExpenses": 34500000,
        "costAndExpenses": 61000000,
        "interestIncome": 0,
        "interestExpense": 0,
        "depreciationAndAmortization": 2300000,
        "ebitda": 9400000,
        "ebitdaratio": 0.1380323054,
        "operatingIncome": 7100000,
        "operatingIncomeRatio": 0.1042584435,
        "totalOtherIncomeExpensesNet": -1400000,
        "incomeBeforeTax": 5700000,
        "incomeBeforeTaxRatio": 0.0837004405,
        "incomeTaxExpense": 2100000,
        "netIncome": 3600000,
        "netIncomeRatio": 0.0528634361,
        "eps": 0.16,
        "epsdiluted": 0.16,
        "weightedAverageShsOut": 23225806,
        "weightedAverageShsOutDil": 23225806,
        "link": null,
        "finalLink": null
    },
    {
        "date": "1989-12-31",
        "symbol": "BIO",
        "reportedCurrency": "USD",
        "cik": "0000012208",
        "fillingDate": "1989-12-31",
        "acceptedDate": "1989-12-31 00:00:00",
        "calendarYear": "1989",
        "period": "Q4",
        "revenue": 64800000,
        "costOfRevenue": 27000000,
        "grossProfit": 37800000,
        "grossProfitRatio": 0.5833333333,
        "researchAndDevelopmentExpenses": 0,
        "generalAndAdministrativeExpenses": 0,
        "sellingAndMarketingExpenses": 0,
        "sellingGeneralAndAdministrativeExpenses": 31100000,
        "otherExpenses": 2100000,
        "operatingExpenses": 33200000,
        "costAndExpenses": 60200000,
        "interestIncome": 0,
        "interestExpense": 0,
        "depreciationAndAmortization": 2100000,
        "ebitda": 6700000,
        "ebitdaratio": 0.1033950617,
        "operatingIncome": 4600000,
        "operatingIncomeRatio": 0.0709876543,
        "totalOtherIncomeExpensesNet": -400000,
        "incomeBeforeTax": 4200000,
        "incomeBeforeTaxRatio": 0.0648148148,
        "incomeTaxExpense": 1400000,
        "netIncome": 2800000,
        "netIncomeRatio": 0.0432098765,
        "eps": 0.12,
        "epsdiluted": 0.12,
        "weightedAverageShsOut": 22349017,
        "weightedAverageShsOutDil": 23225806,
        "link": null,
        "finalLink": null
    },
    {
        "date": "1989-09-30",
        "symbol": "BIO",
        "reportedCurrency": "USD",
        "cik": "0000012208",
        "fillingDate": "1989-09-30",
        "acceptedDate": "1989-09-30 00:00:00",
        "calendarYear": "1989",
        "period": "Q3",
        "revenue": 55100000,
        "costOfRevenue": 21900000,
        "grossProfit": 33200000,
        "grossProfitRatio": 0.6025408348,
        "researchAndDevelopmentExpenses": 0,
        "generalAndAdministrativeExpenses": 27400000,
        "sellingAndMarketingExpenses": 0,
        "sellingGeneralAndAdministrativeExpenses": 27400000,
        "otherExpenses": 2100000,
        "operatingExpenses": 29500000,
        "costAndExpenses": 51400000,
        "interestIncome": 0,
        "interestExpense": 0,
        "depreciationAndAmortization": 2100000,
        "ebitda": 5800000,
        "ebitdaratio": 0.1052631579,
        "operatingIncome": 3700000,
        "operatingIncomeRatio": 0.0671506352,
        "totalOtherIncomeExpensesNet": -1500000,
        "incomeBeforeTax": 2200000,
        "incomeBeforeTaxRatio": 0.0399274047,
        "incomeTaxExpense": 800000,
        "netIncome": 1400000,
        "netIncomeRatio": 0.0254083485,
        "eps": 0.06,
        "epsdiluted": 0.06,
        "weightedAverageShsOut": 23333333,
        "weightedAverageShsOutDil": 23333333,
        "link": null,
        "finalLink": null
    },
    {
        "date": "1989-06-30",
        "symbol": "BIO",
        "reportedCurrency": "USD",
        "cik": "0000012208",
        "fillingDate": "1989-06-30",
        "acceptedDate": "1989-06-29 20:00:00",
        "calendarYear": "1989",
        "period": "Q2",
        "revenue": 60000000,
        "costOfRevenue": 24600000,
        "grossProfit": 35400000,
        "grossProfitRatio": 0.59,
        "researchAndDevelopmentExpenses": 0,
        "generalAndAdministrativeExpenses": 27600000,
        "sellingAndMarketingExpenses": 0,
        "sellingGeneralAndAdministrativeExpenses": 27600000,
        "otherExpenses": 1900000,
        "operatingExpenses": 29500000,
        "costAndExpenses": 54100000,
        "interestIncome": 0,
        "interestExpense": 0,
        "depreciationAndAmortization": 1900000,
        "ebitda": 7800000,
        "ebitdaratio": 0.13,
        "operatingIncome": 5900000,
        "operatingIncomeRatio": 0.0983333333,
        "totalOtherIncomeExpensesNet": -1600000,
        "incomeBeforeTax": 4300000,
        "incomeBeforeTaxRatio": 0.0716666667,
        "incomeTaxExpense": 1600000,
        "netIncome": 2700000,
        "netIncomeRatio": 0.045,
        "eps": 0.12,
        "epsdiluted": 0.12,
        "weightedAverageShsOut": 22500000,
        "weightedAverageShsOutDil": 22500000,
        "link": "",
        "finalLink": ""
    },
    {
        "date": "1989-03-31",
        "symbol": "BIO",
        "reportedCurrency": "USD",
        "cik": "0000012208",
        "fillingDate": "1989-03-31",
        "acceptedDate": "1989-03-30 19:00:00",
        "calendarYear": "1989",
        "period": "Q1",
        "revenue": 56300000,
        "costOfRevenue": 0,
        "grossProfit": 56300000,
        "grossProfitRatio": 1,
        "researchAndDevelopmentExpenses": 0,
        "generalAndAdministrativeExpenses": 0,
        "sellingAndMarketingExpenses": 0,
        "sellingGeneralAndAdministrativeExpenses": 0,
        "otherExpenses": 0,
        "operatingExpenses": 0,
        "costAndExpenses": 0,
        "interestIncome": 0,
        "interestExpense": 0,
        "depreciationAndAmortization": 0,
        "ebitda": 56300000,
        "ebitdaratio": 1,
        "operatingIncome": 56300000,
        "operatingIncomeRatio": 1,
        "totalOtherIncomeExpensesNet": -56300000,
        "incomeBeforeTax": 0,
        "incomeBeforeTaxRatio": 0,
        "incomeTaxExpense": 0,
        "netIncome": 3200000,
        "netIncomeRatio": 0.0568383659,
        "eps": 0.14,
        "epsdiluted": 0.14,
        "weightedAverageShsOut": 17104000,
        "weightedAverageShsOutDil": 17104000,
        "link": "",
        "finalLink": ""
    },
    {
        "date": "1988-12-31",
        "symbol": "BIO",
        "reportedCurrency": "USD",
        "cik": "0000012208",
        "fillingDate": "1988-12-31",
        "acceptedDate": "1988-12-30 19:00:00",
        "calendarYear": "1988",
        "period": "Q4",
        "revenue": 53300000,
        "costOfRevenue": 0,
        "grossProfit": 53300000,
        "grossProfitRatio": 1,
        "researchAndDevelopmentExpenses": 0,
        "generalAndAdministrativeExpenses": 0,
        "sellingAndMarketingExpenses": 0,
        "sellingGeneralAndAdministrativeExpenses": 0,
        "otherExpenses": -179100000,
        "operatingExpenses": -179100000,
        "costAndExpenses": -179100000,
        "interestIncome": 0,
        "interestExpense": 0,
        "depreciationAndAmortization": 0,
        "ebitda": -125800000,
        "ebitdaratio": -2.3602251407,
        "operatingIncome": -125800000,
        "operatingIncomeRatio": -2.3602251407,
        "totalOtherIncomeExpensesNet": 125800000,
        "incomeBeforeTax": 0,
        "incomeBeforeTaxRatio": 0,
        "incomeTaxExpense": 0,
        "netIncome": 1900000,
        "netIncomeRatio": 0.0356472795,
        "eps": 0.1110851263,
        "epsdiluted": 0.1110851263,
        "weightedAverageShsOut": 17104000,
        "weightedAverageShsOutDil": 17104000,
        "link": "",
        "finalLink": ""
    },
    {
        "date": "1988-09-30",
        "symbol": "BIO",
        "reportedCurrency": "USD",
        "cik": "0000012208",
        "fillingDate": "1988-09-30",
        "acceptedDate": "1988-09-29 20:00:00",
        "calendarYear": "1988",
        "period": "Q3",
        "revenue": 46200000,
        "costOfRevenue": 0,
        "grossProfit": 46200000,
        "grossProfitRatio": 1,
        "researchAndDevelopmentExpenses": 0,
        "generalAndAdministrativeExpenses": 0,
        "sellingAndMarketingExpenses": 0,
        "sellingGeneralAndAdministrativeExpenses": 0,
        "otherExpenses": 0,
        "operatingExpenses": 0,
        "costAndExpenses": 0,
        "interestIncome": 0,
        "interestExpense": 0,
        "depreciationAndAmortization": 0,
        "ebitda": 46200000,
        "ebitdaratio": 1,
        "operatingIncome": 46200000,
        "operatingIncomeRatio": 1,
        "totalOtherIncomeExpensesNet": -46200000,
        "incomeBeforeTax": 0,
        "incomeBeforeTaxRatio": 0,
        "incomeTaxExpense": 0,
        "netIncome": 1900000,
        "netIncomeRatio": 0.0411255411,
        "eps": 0.085,
        "epsdiluted": 0.085,
        "weightedAverageShsOut": 17022000,
        "weightedAverageShsOutDil": 17022000,
        "link": "",
        "finalLink": ""
    },
    {
        "date": "1988-06-30",
        "symbol": "BIO",
        "reportedCurrency": "USD",
        "cik": "0000012208",
        "fillingDate": "1988-06-30",
        "acceptedDate": "1988-06-29 20:00:00",
        "calendarYear": "1988",
        "period": "Q2",
        "revenue": 49000000,
        "costOfRevenue": 0,
        "grossProfit": 49000000,
        "grossProfitRatio": 1,
        "researchAndDevelopmentExpenses": 0,
        "generalAndAdministrativeExpenses": 0,
        "sellingAndMarketingExpenses": 0,
        "sellingGeneralAndAdministrativeExpenses": 0,
        "otherExpenses": 0,
        "operatingExpenses": 0,
        "costAndExpenses": 0,
        "interestIncome": 0,
        "interestExpense": 0,
        "depreciationAndAmortization": 0,
        "ebitda": 49000000,
        "ebitdaratio": 1,
        "operatingIncome": 49000000,
        "operatingIncomeRatio": 1,
        "totalOtherIncomeExpensesNet": -49000000,
        "incomeBeforeTax": 0,
        "incomeBeforeTaxRatio": 0,
        "incomeTaxExpense": 0,
        "netIncome": 2700000,
        "netIncomeRatio": 0.0551020408,
        "eps": 0.12,
        "epsdiluted": 0.12,
        "weightedAverageShsOut": 16962000,
        "weightedAverageShsOutDil": 16962000,
        "link": "",
        "finalLink": ""
    },
    {
        "date": "1988-03-31",
        "symbol": "BIO",
        "reportedCurrency": "USD",
        "cik": "0000012208",
        "fillingDate": "1988-03-31",
        "acceptedDate": "1988-03-30 19:00:00",
        "calendarYear": "1988",
        "period": "Q1",
        "revenue": 50500000,
        "costOfRevenue": 0,
        "grossProfit": 50500000,
        "grossProfitRatio": 1,
        "researchAndDevelopmentExpenses": 0,
        "generalAndAdministrativeExpenses": 0,
        "sellingAndMarketingExpenses": 0,
        "sellingGeneralAndAdministrativeExpenses": 0,
        "otherExpenses": 0,
        "operatingExpenses": 0,
        "costAndExpenses": 0,
        "interestIncome": 0,
        "interestExpense": 0,
        "depreciationAndAmortization": 0,
        "ebitda": 50500000,
        "ebitdaratio": 1,
        "operatingIncome": 50500000,
        "operatingIncomeRatio": 1,
        "totalOtherIncomeExpensesNet": -50500000,
        "incomeBeforeTax": 0,
        "incomeBeforeTaxRatio": 0,
        "incomeTaxExpense": 0,
        "netIncome": 3100000,
        "netIncomeRatio": 0.0613861386,
        "eps": 0.14,
        "epsdiluted": 0.14,
        "weightedAverageShsOut": 16906000,
        "weightedAverageShsOutDil": 16906000,
        "link": "",
        "finalLink": ""
    },
    {
        "date": "1987-12-31",
        "symbol": "BIO",
        "reportedCurrency": "USD",
        "cik": "0000012208",
        "fillingDate": "1987-12-31",
        "acceptedDate": "1987-12-30 19:00:00",
        "calendarYear": "1987",
        "period": "Q4",
        "revenue": 44100000,
        "costOfRevenue": 0,
        "grossProfit": 44100000,
        "grossProfitRatio": 1,
        "researchAndDevelopmentExpenses": 0,
        "generalAndAdministrativeExpenses": 0,
        "sellingAndMarketingExpenses": 0,
        "sellingGeneralAndAdministrativeExpenses": 0,
        "otherExpenses": -143100000,
        "operatingExpenses": -143100000,
        "costAndExpenses": -143100000,
        "interestIncome": 0,
        "interestExpense": 0,
        "depreciationAndAmortization": 0,
        "ebitda": -99000000,
        "ebitdaratio": -2.2448979592,
        "operatingIncome": -99000000,
        "operatingIncomeRatio": -2.2448979592,
        "totalOtherIncomeExpensesNet": 99000000,
        "incomeBeforeTax": 0,
        "incomeBeforeTaxRatio": 0,
        "incomeTaxExpense": 0,
        "netIncome": 1600000,
        "netIncomeRatio": 0.0362811791,
        "eps": 0.0946409559,
        "epsdiluted": 0.0946409559,
        "weightedAverageShsOut": 16906000,
        "weightedAverageShsOutDil": 16906000,
        "link": "",
        "finalLink": ""
    },
    {
        "date": "1987-09-30",
        "symbol": "BIO",
        "reportedCurrency": "USD",
        "cik": "0000012208",
        "fillingDate": "1987-09-30",
        "acceptedDate": "1987-09-29 20:00:00",
        "calendarYear": "1987",
        "period": "Q3",
        "revenue": 39000000,
        "costOfRevenue": 0,
        "grossProfit": 39000000,
        "grossProfitRatio": 1,
        "researchAndDevelopmentExpenses": 0,
        "generalAndAdministrativeExpenses": 0,
        "sellingAndMarketingExpenses": 0,
        "sellingGeneralAndAdministrativeExpenses": 0,
        "otherExpenses": 0,
        "operatingExpenses": 0,
        "costAndExpenses": 0,
        "interestIncome": 0,
        "interestExpense": 0,
        "depreciationAndAmortization": 0,
        "ebitda": 39000000,
        "ebitdaratio": 1,
        "operatingIncome": 39000000,
        "operatingIncomeRatio": 1,
        "totalOtherIncomeExpensesNet": -39000000,
        "incomeBeforeTax": 0,
        "incomeBeforeTaxRatio": 0,
        "incomeTaxExpense": 0,
        "netIncome": 1500000,
        "netIncomeRatio": 0.0384615385,
        "eps": 0.065,
        "epsdiluted": 0.065,
        "weightedAverageShsOut": 16792000,
        "weightedAverageShsOutDil": 16792000,
        "link": "",
        "finalLink": ""
    },
    {
        "date": "1987-06-30",
        "symbol": "BIO",
        "reportedCurrency": "USD",
        "cik": "0000012208",
        "fillingDate": "1987-06-30",
        "acceptedDate": "1987-06-29 20:00:00",
        "calendarYear": "1987",
        "period": "Q2",
        "revenue": 38900000,
        "costOfRevenue": 0,
        "grossProfit": 38900000,
        "grossProfitRatio": 1,
        "researchAndDevelopmentExpenses": 0,
        "generalAndAdministrativeExpenses": 0,
        "sellingAndMarketingExpenses": 0,
        "sellingGeneralAndAdministrativeExpenses": 0,
        "otherExpenses": 0,
        "operatingExpenses": 0,
        "costAndExpenses": 0,
        "interestIncome": 0,
        "interestExpense": 0,
        "depreciationAndAmortization": 0,
        "ebitda": 38900000,
        "ebitdaratio": 1,
        "operatingIncome": 38900000,
        "operatingIncomeRatio": 1,
        "totalOtherIncomeExpensesNet": -38900000,
        "incomeBeforeTax": 0,
        "incomeBeforeTaxRatio": 0,
        "incomeTaxExpense": 0,
        "netIncome": 2400000,
        "netIncomeRatio": 0.0616966581,
        "eps": 0.11,
        "epsdiluted": 0.11,
        "weightedAverageShsOut": 16702000,
        "weightedAverageShsOutDil": 16702000,
        "link": "",
        "finalLink": ""
    },
    {
        "date": "1987-03-31",
        "symbol": "BIO",
        "reportedCurrency": "USD",
        "cik": "0000012208",
        "fillingDate": "1987-03-31",
        "acceptedDate": "1987-03-30 19:00:00",
        "calendarYear": "1987",
        "period": "Q1",
        "revenue": 37500000,
        "costOfRevenue": 0,
        "grossProfit": 37500000,
        "grossProfitRatio": 1,
        "researchAndDevelopmentExpenses": 0,
        "generalAndAdministrativeExpenses": 0,
        "sellingAndMarketingExpenses": 0,
        "sellingGeneralAndAdministrativeExpenses": 0,
        "otherExpenses": 0,
        "operatingExpenses": 0,
        "costAndExpenses": 0,
        "interestIncome": 0,
        "interestExpense": 0,
        "depreciationAndAmortization": 0,
        "ebitda": 37500000,
        "ebitdaratio": 1,
        "operatingIncome": 37500000,
        "operatingIncomeRatio": 1,
        "totalOtherIncomeExpensesNet": -37500000,
        "incomeBeforeTax": 0,
        "incomeBeforeTaxRatio": 0,
        "incomeTaxExpense": 0,
        "netIncome": 2300000,
        "netIncomeRatio": 0.0613333333,
        "eps": 0.1,
        "epsdiluted": 0.1,
        "weightedAverageShsOut": 16680000,
        "weightedAverageShsOutDil": 16680000,
        "link": "",
        "finalLink": ""
    },
    {
        "date": "1986-12-31",
        "symbol": "BIO",
        "reportedCurrency": "USD",
        "cik": "0000012208",
        "fillingDate": "1986-12-31",
        "acceptedDate": "1986-12-30 19:00:00",
        "calendarYear": "1986",
        "period": "Q4",
        "revenue": 34000000,
        "costOfRevenue": 0,
        "grossProfit": 34000000,
        "grossProfitRatio": 1,
        "researchAndDevelopmentExpenses": 0,
        "generalAndAdministrativeExpenses": 0,
        "sellingAndMarketingExpenses": 0,
        "sellingGeneralAndAdministrativeExpenses": 0,
        "otherExpenses": -114700000,
        "operatingExpenses": -114700000,
        "costAndExpenses": -114700000,
        "interestIncome": 0,
        "interestExpense": 0,
        "depreciationAndAmortization": 0,
        "ebitda": -80700000,
        "ebitdaratio": -2.3735294118,
        "operatingIncome": -80700000,
        "operatingIncomeRatio": -2.3735294118,
        "totalOtherIncomeExpensesNet": 80700000,
        "incomeBeforeTax": 0,
        "incomeBeforeTaxRatio": 0,
        "incomeTaxExpense": 0,
        "netIncome": 1300000,
        "netIncomeRatio": 0.0382352941,
        "eps": 0.0779376499,
        "epsdiluted": 0.0779376499,
        "weightedAverageShsOut": 16680000,
        "weightedAverageShsOutDil": 16680000,
        "link": "",
        "finalLink": ""
    },
    {
        "date": "1986-09-30",
        "symbol": "BIO",
        "reportedCurrency": "USD",
        "cik": "0000012208",
        "fillingDate": "1986-09-30",
        "acceptedDate": "1986-09-29 20:00:00",
        "calendarYear": "1986",
        "period": "Q3",
        "revenue": 31100000,
        "costOfRevenue": 0,
        "grossProfit": 31100000,
        "grossProfitRatio": 1,
        "researchAndDevelopmentExpenses": 0,
        "generalAndAdministrativeExpenses": 0,
        "sellingAndMarketingExpenses": 0,
        "sellingGeneralAndAdministrativeExpenses": 0,
        "otherExpenses": 0,
        "operatingExpenses": 0,
        "costAndExpenses": 0,
        "interestIncome": 0,
        "interestExpense": 0,
        "depreciationAndAmortization": 0,
        "ebitda": 31100000,
        "ebitdaratio": 1,
        "operatingIncome": 31100000,
        "operatingIncomeRatio": 1,
        "totalOtherIncomeExpensesNet": -31100000,
        "incomeBeforeTax": 0,
        "incomeBeforeTaxRatio": 0,
        "incomeTaxExpense": 0,
        "netIncome": 1300000,
        "netIncomeRatio": 0.0418006431,
        "eps": 0.06,
        "epsdiluted": 0.06,
        "weightedAverageShsOut": 16680000,
        "weightedAverageShsOutDil": 16680000,
        "link": "",
        "finalLink": ""
    },
    {
        "date": "1986-06-30",
        "symbol": "BIO",
        "reportedCurrency": "USD",
        "cik": "0000012208",
        "fillingDate": "1986-06-30",
        "acceptedDate": "1986-06-29 20:00:00",
        "calendarYear": "1986",
        "period": "Q2",
        "revenue": 31400000,
        "costOfRevenue": 0,
        "grossProfit": 31400000,
        "grossProfitRatio": 1,
        "researchAndDevelopmentExpenses": 0,
        "generalAndAdministrativeExpenses": 0,
        "sellingAndMarketingExpenses": 0,
        "sellingGeneralAndAdministrativeExpenses": 0,
        "otherExpenses": 0,
        "operatingExpenses": 0,
        "costAndExpenses": 0,
        "interestIncome": 0,
        "interestExpense": 0,
        "depreciationAndAmortization": 0,
        "ebitda": 31400000,
        "ebitdaratio": 1,
        "operatingIncome": 31400000,
        "operatingIncomeRatio": 1,
        "totalOtherIncomeExpensesNet": -31400000,
        "incomeBeforeTax": 0,
        "incomeBeforeTaxRatio": 0,
        "incomeTaxExpense": 0,
        "netIncome": 1700000,
        "netIncomeRatio": 0.0541401274,
        "eps": 0.08,
        "epsdiluted": 0.08,
        "weightedAverageShsOut": 16680000,
        "weightedAverageShsOutDil": 16680000,
        "link": "",
        "finalLink": ""
    },
    {
        "date": "1986-03-31",
        "symbol": "BIO",
        "reportedCurrency": "USD",
        "cik": "0000012208",
        "fillingDate": "1986-03-31",
        "acceptedDate": "1986-03-30 19:00:00",
        "calendarYear": "1986",
        "period": "Q1",
        "revenue": 30000000,
        "costOfRevenue": 0,
        "grossProfit": 30000000,
        "grossProfitRatio": 1,
        "researchAndDevelopmentExpenses": 0,
        "generalAndAdministrativeExpenses": 0,
        "sellingAndMarketingExpenses": 0,
        "sellingGeneralAndAdministrativeExpenses": 0,
        "otherExpenses": 0,
        "operatingExpenses": 0,
        "costAndExpenses": 0,
        "interestIncome": 0,
        "interestExpense": 0,
        "depreciationAndAmortization": 0,
        "ebitda": 30000000,
        "ebitdaratio": 1,
        "operatingIncome": 30000000,
        "operatingIncomeRatio": 1,
        "totalOtherIncomeExpensesNet": -30000000,
        "incomeBeforeTax": 0,
        "incomeBeforeTaxRatio": 0,
        "incomeTaxExpense": 0,
        "netIncome": 1700000,
        "netIncomeRatio": 0.0566666667,
        "eps": 0.085,
        "epsdiluted": 0.085,
        "weightedAverageShsOut": 16680000,
        "weightedAverageShsOutDil": 16680000,
        "link": "",
        "finalLink": ""
    },
    {
        "date": "1985-12-31",
        "symbol": "BIO",
        "reportedCurrency": "USD",
        "cik": "0000012208",
        "fillingDate": "1985-12-31",
        "acceptedDate": "1985-12-30 19:00:00",
        "calendarYear": "1985",
        "period": "Q4",
        "revenue": 27200000,
        "costOfRevenue": 0,
        "grossProfit": 27200000,
        "grossProfitRatio": 1,
        "researchAndDevelopmentExpenses": 0,
        "generalAndAdministrativeExpenses": 0,
        "sellingAndMarketingExpenses": 0,
        "sellingGeneralAndAdministrativeExpenses": 0,
        "otherExpenses": -93600000,
        "operatingExpenses": -93600000,
        "costAndExpenses": -93600000,
        "interestIncome": 0,
        "interestExpense": 0,
        "depreciationAndAmortization": 0,
        "ebitda": -66400000,
        "ebitdaratio": -2.4411764706,
        "operatingIncome": -66400000,
        "operatingIncomeRatio": -2.4411764706,
        "totalOtherIncomeExpensesNet": 66400000,
        "incomeBeforeTax": 0,
        "incomeBeforeTaxRatio": 0,
        "incomeTaxExpense": 0,
        "netIncome": 800000,
        "netIncomeRatio": 0.0294117647,
        "eps": 0.0479616307,
        "epsdiluted": 0.0479616307,
        "weightedAverageShsOut": 16680000,
        "weightedAverageShsOutDil": 16680000,
        "link": "",
        "finalLink": ""
    },
    {
        "date": "1985-09-30",
        "symbol": "BIO",
        "reportedCurrency": "USD",
        "cik": "0000012208",
        "fillingDate": "1985-09-30",
        "acceptedDate": "1985-09-29 20:00:00",
        "calendarYear": "1985",
        "period": "Q3",
        "revenue": 25400000,
        "costOfRevenue": 0,
        "grossProfit": 25400000,
        "grossProfitRatio": 1,
        "researchAndDevelopmentExpenses": 0,
        "generalAndAdministrativeExpenses": 0,
        "sellingAndMarketingExpenses": 0,
        "sellingGeneralAndAdministrativeExpenses": 0,
        "otherExpenses": 0,
        "operatingExpenses": 0,
        "costAndExpenses": 0,
        "interestIncome": 0,
        "interestExpense": 0,
        "depreciationAndAmortization": 0,
        "ebitda": 25400000,
        "ebitdaratio": 1,
        "operatingIncome": 25400000,
        "operatingIncomeRatio": 1,
        "totalOtherIncomeExpensesNet": -25400000,
        "incomeBeforeTax": 0,
        "incomeBeforeTaxRatio": 0,
        "incomeTaxExpense": 0,
        "netIncome": 1200000,
        "netIncomeRatio": 0.0472440945,
        "eps": 0.065,
        "epsdiluted": 0.065,
        "weightedAverageShsOut": 16680000,
        "weightedAverageShsOutDil": 16680000,
        "link": "",
        "finalLink": ""
    }
]