[
    {
        "date": "2023-09-30",
        "symbol": "BKI",
        "reportedCurrency": "USD",
        "cik": "0001627014",
        "fillingDate": "2023-11-03",
        "acceptedDate": "2023-11-03 17:20:33",
        "calendarYear": "2023",
        "period": "Q3",
        "revenue": 275000000,
        "costOfRevenue": 0,
        "grossProfit": 275000000,
        "grossProfitRatio": 1,
        "researchAndDevelopmentExpenses": 0,
        "generalAndAdministrativeExpenses": 0,
        "sellingAndMarketingExpenses": 0,
        "sellingGeneralAndAdministrativeExpenses": 0,
        "otherExpenses": 168900000,
        "operatingExpenses": 168900000,
        "costAndExpenses": 168900000,
        "interestIncome": 0,
        "interestExpense": -27000000,
        "depreciationAndAmortization": 44100000,
        "ebitda": -103000000,
        "ebitdaratio": -0.3745454545,
        "operatingIncome": -63700000,
        "operatingIncomeRatio": -0.2316363636,
        "totalOtherIncomeExpensesNet": -56400000,
        "incomeBeforeTax": -120100000,
        "incomeBeforeTaxRatio": -0.4367272727,
        "incomeTaxExpense": -11200000,
        "netIncome": -108900000,
        "netIncomeRatio": -0.396,
        "eps": -0.7,
        "epsdiluted": -0.7,
        "weightedAverageShsOut": 155400000,
        "weightedAverageShsOutDil": 155400000,
        "link": "https://www.sec.gov/Archives/edgar/data/1627014/000155837023017617/0001558370-23-017617-index.htm",
        "finalLink": "https://www.sec.gov/Archives/edgar/data/1627014/000155837023017617/bki-20230930x10q.htm"
    },
    {
        "date": "2023-06-30",
        "symbol": "BKI",
        "reportedCurrency": "USD",
        "cik": "0001627014",
        "fillingDate": "2023-08-03",
        "acceptedDate": "2023-08-03 08:35:59",
        "calendarYear": "2023",
        "period": "Q2",
        "revenue": 368200000,
        "costOfRevenue": 0,
        "grossProfit": 368200000,
        "grossProfitRatio": 1,
        "researchAndDevelopmentExpenses": 0,
        "generalAndAdministrativeExpenses": 0,
        "sellingAndMarketingExpenses": 0,
        "sellingGeneralAndAdministrativeExpenses": 81300000,
        "otherExpenses": 214400000,
        "operatingExpenses": 295700000,
        "costAndExpenses": 295700000,
        "interestIncome": 0,
        "interestExpense": 33500000,
        "depreciationAndAmortization": 82100000,
        "ebitda": 125800000,
        "ebitdaratio": 0.3416621401,
        "operatingIncome": 60700000,
        "operatingIncomeRatio": 0.1648560565,
        "totalOtherIncomeExpensesNet": 16500000,
        "incomeBeforeTax": 77200000,
        "incomeBeforeTaxRatio": 0.2096686583,
        "incomeTaxExpense": 21200000,
        "netIncome": 55300000,
        "netIncomeRatio": 0.1501901141,
        "eps": 0.36,
        "epsdiluted": 0.35,
        "weightedAverageShsOut": 155000000,
        "weightedAverageShsOutDil": 155900000,
        "link": "https://www.sec.gov/Archives/edgar/data/1627014/000155837023013080/0001558370-23-013080-index.htm",
        "finalLink": "https://www.sec.gov/Archives/edgar/data/1627014/000155837023013080/bki-20230630x10q.htm"
    },
    {
        "date": "2023-03-31",
        "symbol": "BKI",
        "reportedCurrency": "USD",
        "cik": "0001627014",
        "fillingDate": "2023-05-04",
        "acceptedDate": "2023-05-04 08:30:53",
        "calendarYear": "2023",
        "period": "Q1",
        "revenue": 382200000,
        "costOfRevenue": 0,
        "grossProfit": 382200000,
        "grossProfitRatio": 1,
        "researchAndDevelopmentExpenses": 0,
        "generalAndAdministrativeExpenses": 0,
        "sellingAndMarketingExpenses": 0,
        "sellingGeneralAndAdministrativeExpenses": 0,
        "otherExpenses": 295700000,
        "operatingExpenses": 295700000,
        "costAndExpenses": 295700000,
        "interestIncome": 0,
        "interestExpense": 30100000,
        "depreciationAndAmortization": 82600000,
        "ebitda": 240200000,
        "ebitdaratio": 0.6284667713,
        "operatingIncome": 81000000,
        "operatingIncomeRatio": 0.2119309262,
        "totalOtherIncomeExpensesNet": 107900000,
        "incomeBeforeTax": 188900000,
        "incomeBeforeTaxRatio": 0.4942438514,
        "incomeTaxExpense": 45900000,
        "netIncome": 141800000,
        "netIncomeRatio": 0.3710099424,
        "eps": 0.92,
        "epsdiluted": 0.91,
        "weightedAverageShsOut": 154700000,
        "weightedAverageShsOutDil": 155500000,
        "link": "https://www.sec.gov/Archives/edgar/data/1627014/000155837023007986/0001558370-23-007986-index.htm",
        "finalLink": "https://www.sec.gov/Archives/edgar/data/1627014/000155837023007986/bki-20230331x10q.htm"
    },
    {
        "date": "2022-12-31",
        "symbol": "BKI",
        "reportedCurrency": "USD",
        "cik": "0001627014",
        "fillingDate": "2023-03-24",
        "acceptedDate": "2023-03-24 07:08:10",
        "calendarYear": "2022",
        "period": "Q4",
        "revenue": 383500000,
        "costOfRevenue": 0,
        "grossProfit": 383500000,
        "grossProfitRatio": 1,
        "researchAndDevelopmentExpenses": 0,
        "generalAndAdministrativeExpenses": 0,
        "sellingAndMarketingExpenses": 0,
        "sellingGeneralAndAdministrativeExpenses": 0,
        "otherExpenses": 318800000,
        "operatingExpenses": 318800000,
        "costAndExpenses": 318800000,
        "interestIncome": 0,
        "interestExpense": 30300000,
        "depreciationAndAmortization": 92100000,
        "ebitda": 153900000,
        "ebitdaratio": 0.401303781,
        "operatingIncome": 52800000,
        "operatingIncomeRatio": 0.1376792699,
        "totalOtherIncomeExpensesNet": -33200000,
        "incomeBeforeTax": 19600000,
        "incomeBeforeTaxRatio": 0.0511082138,
        "incomeTaxExpense": 5400000,
        "netIncome": 17600000,
        "netIncomeRatio": 0.04589309,
        "eps": 0.11,
        "epsdiluted": 0.11,
        "weightedAverageShsOut": 154400000,
        "weightedAverageShsOutDil": 155900000,
        "link": "https://www.sec.gov/Archives/edgar/data/1627014/000110465923036245/0001104659-23-036245-index.htm",
        "finalLink": "https://www.sec.gov/Archives/edgar/data/1627014/000110465923036245/tm2310170d1_10ka.htm"
    },
    {
        "date": "2022-09-30",
        "symbol": "BKI",
        "reportedCurrency": "USD",
        "cik": "0001627014",
        "fillingDate": "2022-11-03",
        "acceptedDate": "2022-11-03 08:51:08",
        "calendarYear": "2022",
        "period": "Q3",
        "revenue": 386700000,
        "costOfRevenue": 0,
        "grossProfit": 386700000,
        "grossProfitRatio": 1,
        "researchAndDevelopmentExpenses": 0,
        "generalAndAdministrativeExpenses": 0,
        "sellingAndMarketingExpenses": 0,
        "sellingGeneralAndAdministrativeExpenses": 0,
        "otherExpenses": 314400000,
        "operatingExpenses": 314400000,
        "costAndExpenses": 314400000,
        "interestIncome": 0,
        "interestExpense": 26600000,
        "depreciationAndAmortization": 81500000,
        "ebitda": 103100000,
        "ebitdaratio": 0.266614947,
        "operatingIncome": 68200000,
        "operatingIncomeRatio": 0.1763641065,
        "totalOtherIncomeExpensesNet": -32000000,
        "incomeBeforeTax": 36200000,
        "incomeBeforeTaxRatio": 0.0936126196,
        "incomeTaxExpense": 6500000,
        "netIncome": 30000000,
        "netIncomeRatio": 0.077579519,
        "eps": 0.19,
        "epsdiluted": 0.19,
        "weightedAverageShsOut": 154500000,
        "weightedAverageShsOutDil": 155400000,
        "link": "https://www.sec.gov/Archives/edgar/data/1627014/000155837022016160/0001558370-22-016160-index.htm",
        "finalLink": "https://www.sec.gov/Archives/edgar/data/1627014/000155837022016160/bki-20220930x10q.htm"
    },
    {
        "date": "2022-06-30",
        "symbol": "BKI",
        "reportedCurrency": "USD",
        "cik": "0001627014",
        "fillingDate": "2022-08-04",
        "acceptedDate": "2022-08-04 16:31:31",
        "calendarYear": "2022",
        "period": "Q2",
        "revenue": 394500000,
        "costOfRevenue": 0,
        "grossProfit": 394500000,
        "grossProfitRatio": 1,
        "researchAndDevelopmentExpenses": 0,
        "generalAndAdministrativeExpenses": 0,
        "sellingAndMarketingExpenses": 0,
        "sellingGeneralAndAdministrativeExpenses": 92500000,
        "otherExpenses": 216800000,
        "operatingExpenses": 309300000,
        "costAndExpenses": 309300000,
        "interestIncome": 0,
        "interestExpense": 22600000,
        "depreciationAndAmortization": 92500000,
        "ebitda": 121900000,
        "ebitdaratio": 0.3089987326,
        "operatingIncome": 77000000,
        "operatingIncomeRatio": 0.1951837769,
        "totalOtherIncomeExpensesNet": -25000000,
        "incomeBeforeTax": 52000000,
        "incomeBeforeTaxRatio": 0.1318124208,
        "incomeTaxExpense": 11600000,
        "netIncome": 40300000,
        "netIncomeRatio": 0.1021546261,
        "eps": 0.26,
        "epsdiluted": 0.26,
        "weightedAverageShsOut": 154500000,
        "weightedAverageShsOutDil": 155600000,
        "link": "https://www.sec.gov/Archives/edgar/data/1627014/000155837022012241/0001558370-22-012241-index.htm",
        "finalLink": "https://www.sec.gov/Archives/edgar/data/1627014/000155837022012241/bki-20220630x10q.htm"
    },
    {
        "date": "2022-03-31",
        "symbol": "BKI",
        "reportedCurrency": "USD",
        "cik": "0001627014",
        "fillingDate": "2022-05-09",
        "acceptedDate": "2022-05-09 16:37:58",
        "calendarYear": "2022",
        "period": "Q1",
        "revenue": 387200000,
        "costOfRevenue": 0,
        "grossProfit": 387200000,
        "grossProfitRatio": 1,
        "researchAndDevelopmentExpenses": 0,
        "generalAndAdministrativeExpenses": 0,
        "sellingAndMarketingExpenses": 0,
        "sellingGeneralAndAdministrativeExpenses": 91500000,
        "otherExpenses": 207900000,
        "operatingExpenses": 299400000,
        "costAndExpenses": 299400000,
        "interestIncome": 0,
        "interestExpense": 21100000,
        "depreciationAndAmortization": 91500000,
        "ebitda": 178100000,
        "ebitdaratio": 0.4599690083,
        "operatingIncome": 80200000,
        "operatingIncomeRatio": 0.2071280992,
        "totalOtherIncomeExpensesNet": -22300000,
        "incomeBeforeTax": 57900000,
        "incomeBeforeTaxRatio": 0.149535124,
        "incomeTaxExpense": -1100000,
        "netIncome": 364600000,
        "netIncomeRatio": 0.9416322314,
        "eps": 2.36,
        "epsdiluted": 2.35,
        "weightedAverageShsOut": 154200000,
        "weightedAverageShsOutDil": 155400000,
        "link": "https://www.sec.gov/Archives/edgar/data/1627014/000155837022007853/0001558370-22-007853-index.htm",
        "finalLink": "https://www.sec.gov/Archives/edgar/data/1627014/000155837022007853/bki-20220331x10q.htm"
    },
    {
        "date": "2021-12-31",
        "symbol": "BKI",
        "reportedCurrency": "USD",
        "cik": "0001627014",
        "fillingDate": "2022-02-25",
        "acceptedDate": "2022-02-25 16:14:25",
        "calendarYear": "2021",
        "period": "Q4",
        "revenue": 386200000,
        "costOfRevenue": 0,
        "grossProfit": 386200000,
        "grossProfitRatio": 1,
        "researchAndDevelopmentExpenses": 0,
        "generalAndAdministrativeExpenses": 0,
        "sellingAndMarketingExpenses": 0,
        "sellingGeneralAndAdministrativeExpenses": -63000000,
        "otherExpenses": -1100000,
        "operatingExpenses": -64100000,
        "costAndExpenses": -64100000,
        "interestIncome": 0,
        "interestExpense": 20800000,
        "depreciationAndAmortization": 93200000,
        "ebitda": 177400000,
        "ebitdaratio": 0.4593474883,
        "operatingIncome": 82900000,
        "operatingIncomeRatio": 0.2146556189,
        "totalOtherIncomeExpensesNet": -21900000,
        "incomeBeforeTax": 61000000,
        "incomeBeforeTaxRatio": 0.1579492491,
        "incomeTaxExpense": 2100000,
        "netIncome": 60700000,
        "netIncomeRatio": 0.1571724495,
        "eps": 0.39,
        "epsdiluted": 0.39,
        "weightedAverageShsOut": 155100000,
        "weightedAverageShsOutDil": 155600000,
        "link": "https://www.sec.gov/Archives/edgar/data/1627014/000155837022002149/0001558370-22-002149-index.htm",
        "finalLink": "https://www.sec.gov/Archives/edgar/data/1627014/000155837022002149/bki-20211231x10k.htm"
    },
    {
        "date": "2021-09-30",
        "symbol": "BKI",
        "reportedCurrency": "USD",
        "cik": "0001627014",
        "fillingDate": "2021-11-08",
        "acceptedDate": "2021-11-08 09:10:55",
        "calendarYear": "2021",
        "period": "Q3",
        "revenue": 378000000,
        "costOfRevenue": 0,
        "grossProfit": 378000000,
        "grossProfitRatio": 1,
        "researchAndDevelopmentExpenses": 0,
        "generalAndAdministrativeExpenses": 0,
        "sellingAndMarketingExpenses": 0,
        "sellingGeneralAndAdministrativeExpenses": 93600000,
        "otherExpenses": 203000000,
        "operatingExpenses": 296600000,
        "costAndExpenses": 296600000,
        "interestIncome": 0,
        "interestExpense": 21600000,
        "depreciationAndAmortization": 85200000,
        "ebitda": 165500000,
        "ebitdaratio": 0.4378306878,
        "operatingIncome": 82700000,
        "operatingIncomeRatio": 0.2187830688,
        "totalOtherIncomeExpensesNet": -22700000,
        "incomeBeforeTax": 60000000,
        "incomeBeforeTaxRatio": 0.1587301587,
        "incomeTaxExpense": 15300000,
        "netIncome": 53400000,
        "netIncomeRatio": 0.1412698413,
        "eps": 0.34,
        "epsdiluted": 0.34,
        "weightedAverageShsOut": 155200000,
        "weightedAverageShsOutDil": 156200000,
        "link": "https://www.sec.gov/Archives/edgar/data/1627014/000155837021014932/0001558370-21-014932-index.htm",
        "finalLink": "https://www.sec.gov/Archives/edgar/data/1627014/000155837021014932/bki-20210930x10q.htm"
    },
    {
        "date": "2021-06-30",
        "symbol": "BKI",
        "reportedCurrency": "USD",
        "cik": "0001627014",
        "fillingDate": "2021-08-05",
        "acceptedDate": "2021-08-05 09:17:40",
        "calendarYear": "2021",
        "period": "Q2",
        "revenue": 361300000,
        "costOfRevenue": 0,
        "grossProfit": 361300000,
        "grossProfitRatio": 1,
        "researchAndDevelopmentExpenses": 0,
        "generalAndAdministrativeExpenses": 0,
        "sellingAndMarketingExpenses": 0,
        "sellingGeneralAndAdministrativeExpenses": 90400000,
        "otherExpenses": 197000000,
        "operatingExpenses": 287400000,
        "costAndExpenses": 287400000,
        "interestIncome": 0,
        "interestExpense": 20900000,
        "depreciationAndAmortization": 81800000,
        "ebitda": 117200000,
        "ebitdaratio": 0.3243841683,
        "operatingIncome": 69600000,
        "operatingIncomeRatio": 0.1926376972,
        "totalOtherIncomeExpensesNet": -21900000,
        "incomeBeforeTax": 47700000,
        "incomeBeforeTaxRatio": 0.1320232494,
        "incomeTaxExpense": 10500000,
        "netIncome": 39700000,
        "netIncomeRatio": 0.1098809853,
        "eps": 0.26,
        "epsdiluted": 0.25,
        "weightedAverageShsOut": 155400000,
        "weightedAverageShsOutDil": 155700000,
        "link": "https://www.sec.gov/Archives/edgar/data/1627014/000155837021010436/0001558370-21-010436-index.htm",
        "finalLink": "https://www.sec.gov/Archives/edgar/data/1627014/000155837021010436/bki-20210630x10q.htm"
    },
    {
        "date": "2021-03-31",
        "symbol": "BKI",
        "reportedCurrency": "USD",
        "cik": "0001627014",
        "fillingDate": "2021-05-06",
        "acceptedDate": "2021-05-06 09:26:28",
        "calendarYear": "2021",
        "period": "Q1",
        "revenue": 349700000,
        "costOfRevenue": 0,
        "grossProfit": 349700000,
        "grossProfitRatio": 1,
        "researchAndDevelopmentExpenses": 0,
        "generalAndAdministrativeExpenses": 0,
        "sellingAndMarketingExpenses": 0,
        "sellingGeneralAndAdministrativeExpenses": 87800000,
        "otherExpenses": 186200000,
        "operatingExpenses": 274000000,
        "costAndExpenses": 274000000,
        "interestIncome": 0,
        "interestExpense": 20300000,
        "depreciationAndAmortization": 87800000,
        "ebitda": 152100000,
        "ebitdaratio": 0.4349442379,
        "operatingIncome": 67800000,
        "operatingIncomeRatio": 0.193880469,
        "totalOtherIncomeExpensesNet": -23500000,
        "incomeBeforeTax": 44300000,
        "incomeBeforeTaxRatio": 0.1266800114,
        "incomeTaxExpense": 5200000,
        "netIncome": 54100000,
        "netIncomeRatio": 0.154704032,
        "eps": 0.35,
        "epsdiluted": 0.35,
        "weightedAverageShsOut": 155600000,
        "weightedAverageShsOutDil": 155900000,
        "link": "https://www.sec.gov/Archives/edgar/data/1627014/000162701421000015/0001627014-21-000015-index.htm",
        "finalLink": "https://www.sec.gov/Archives/edgar/data/1627014/000162701421000015/bki-20210331x10q.htm"
    },
    {
        "date": "2020-12-31",
        "symbol": "BKI",
        "reportedCurrency": "USD",
        "cik": "0001627014",
        "fillingDate": "2021-02-26",
        "acceptedDate": "2021-02-26 17:11:08",
        "calendarYear": "2020",
        "period": "Q4",
        "revenue": 342100000,
        "costOfRevenue": 0,
        "grossProfit": 342100000,
        "grossProfitRatio": 1,
        "researchAndDevelopmentExpenses": 0,
        "generalAndAdministrativeExpenses": 0,
        "sellingAndMarketingExpenses": 0,
        "sellingGeneralAndAdministrativeExpenses": 0,
        "otherExpenses": 4200000,
        "operatingExpenses": 4200000,
        "costAndExpenses": 4200000,
        "interestIncome": 0,
        "interestExpense": 20500000,
        "depreciationAndAmortization": 90400000,
        "ebitda": 156900000,
        "ebitdaratio": 0.4586378252,
        "operatingIncome": 62600000,
        "operatingIncomeRatio": 0.1829874306,
        "totalOtherIncomeExpensesNet": -21200000,
        "incomeBeforeTax": 41400000,
        "incomeBeforeTaxRatio": 0.1210172464,
        "incomeTaxExpense": 300000,
        "netIncome": 47100000,
        "netIncomeRatio": 0.1376790412,
        "eps": 0.3,
        "epsdiluted": 0.3,
        "weightedAverageShsOut": 155400000,
        "weightedAverageShsOutDil": 156500000,
        "link": "https://www.sec.gov/Archives/edgar/data/1627014/000162701421000005/0001627014-21-000005-index.htm",
        "finalLink": "https://www.sec.gov/Archives/edgar/data/1627014/000162701421000005/bki-20201231.htm"
    },
    {
        "date": "2020-09-30",
        "symbol": "BKI",
        "reportedCurrency": "USD",
        "cik": "0001627014",
        "fillingDate": "2020-11-09",
        "acceptedDate": "2020-11-09 09:02:29",
        "calendarYear": "2020",
        "period": "Q3",
        "revenue": 312600000,
        "costOfRevenue": 0,
        "grossProfit": 312600000,
        "grossProfitRatio": 1,
        "researchAndDevelopmentExpenses": 0,
        "generalAndAdministrativeExpenses": 0,
        "sellingAndMarketingExpenses": 0,
        "sellingGeneralAndAdministrativeExpenses": 64000000,
        "otherExpenses": 167200000,
        "operatingExpenses": 231200000,
        "costAndExpenses": 231200000,
        "interestIncome": 0,
        "interestExpense": 14700000,
        "depreciationAndAmortization": 64000000,
        "ebitda": 144500000,
        "ebitdaratio": 0.4622520793,
        "operatingIncome": 59500000,
        "operatingIncomeRatio": 0.1903390915,
        "totalOtherIncomeExpensesNet": -15600000,
        "incomeBeforeTax": 43900000,
        "incomeBeforeTaxRatio": 0.1404350608,
        "incomeTaxExpense": 15900000,
        "netIncome": 127800000,
        "netIncomeRatio": 0.4088291747,
        "eps": 0.82,
        "epsdiluted": 0.82,
        "weightedAverageShsOut": 155400000,
        "weightedAverageShsOutDil": 156300000,
        "link": "https://www.sec.gov/Archives/edgar/data/1627014/000162701420000041/0001627014-20-000041-index.htm",
        "finalLink": "https://www.sec.gov/Archives/edgar/data/1627014/000162701420000041/bkfs-20200930.htm"
    },
    {
        "date": "2020-06-30",
        "symbol": "BKI",
        "reportedCurrency": "USD",
        "cik": "0001627014",
        "fillingDate": "2020-08-10",
        "acceptedDate": "2020-08-10 09:02:35",
        "calendarYear": "2020",
        "period": "Q2",
        "revenue": 293100000,
        "costOfRevenue": 0,
        "grossProfit": 293100000,
        "grossProfitRatio": 1,
        "researchAndDevelopmentExpenses": 0,
        "generalAndAdministrativeExpenses": 0,
        "sellingAndMarketingExpenses": 0,
        "sellingGeneralAndAdministrativeExpenses": 58600000,
        "otherExpenses": 155500000,
        "operatingExpenses": 214100000,
        "costAndExpenses": 214100000,
        "interestIncome": 0,
        "interestExpense": 13000000,
        "depreciationAndAmortization": 58600000,
        "ebitda": 101900000,
        "ebitdaratio": 0.3476629137,
        "operatingIncome": 76500000,
        "operatingIncomeRatio": 0.2610030706,
        "totalOtherIncomeExpensesNet": 5800000,
        "incomeBeforeTax": 82300000,
        "incomeBeforeTaxRatio": 0.2807915387,
        "incomeTaxExpense": 17200000,
        "netIncome": 39100000,
        "netIncomeRatio": 0.1334015694,
        "eps": 0.26,
        "epsdiluted": 0.26,
        "weightedAverageShsOut": 149200000,
        "weightedAverageShsOutDil": 150000000,
        "link": "https://www.sec.gov/Archives/edgar/data/1627014/000162701420000034/0001627014-20-000034-index.htm",
        "finalLink": "https://www.sec.gov/Archives/edgar/data/1627014/000162701420000034/bki2020q2form10-q.htm"
    },
    {
        "date": "2020-03-31",
        "symbol": "BKI",
        "reportedCurrency": "USD",
        "cik": "0001627014",
        "fillingDate": "2020-05-05",
        "acceptedDate": "2020-05-05 17:10:38",
        "calendarYear": "2020",
        "period": "Q1",
        "revenue": 290700000,
        "costOfRevenue": 0,
        "grossProfit": 290700000,
        "grossProfitRatio": 1,
        "researchAndDevelopmentExpenses": 0,
        "generalAndAdministrativeExpenses": 0,
        "sellingAndMarketingExpenses": 0,
        "sellingGeneralAndAdministrativeExpenses": 57700000,
        "otherExpenses": 162400000,
        "operatingExpenses": 220100000,
        "costAndExpenses": 220100000,
        "interestIncome": 0,
        "interestExpense": 14700000,
        "depreciationAndAmortization": 48800000,
        "ebitda": 118600000,
        "ebitdaratio": 0.4079807362,
        "operatingIncome": 68200000,
        "operatingIncomeRatio": 0.2346061232,
        "totalOtherIncomeExpensesNet": -15500000,
        "incomeBeforeTax": 52700000,
        "incomeBeforeTaxRatio": 0.1812865497,
        "incomeTaxExpense": 8200000,
        "netIncome": 50100000,
        "netIncomeRatio": 0.1723426213,
        "eps": 0.34,
        "epsdiluted": 0.34,
        "weightedAverageShsOut": 148000000,
        "weightedAverageShsOutDil": 148700000,
        "link": "https://www.sec.gov/Archives/edgar/data/1627014/000162701420000013/0001627014-20-000013-index.htm",
        "finalLink": "https://www.sec.gov/Archives/edgar/data/1627014/000162701420000013/bki2020q1form10-q.htm"
    },
    {
        "date": "2019-12-31",
        "symbol": "BKI",
        "reportedCurrency": "USD",
        "cik": "0001627014",
        "fillingDate": "2020-02-28",
        "acceptedDate": "2020-02-28 17:04:18",
        "calendarYear": "2019",
        "period": "Q4",
        "revenue": 300100000,
        "costOfRevenue": 162700000,
        "grossProfit": 137400000,
        "grossProfitRatio": 0.4578473842,
        "researchAndDevelopmentExpenses": 0,
        "generalAndAdministrativeExpenses": 0,
        "sellingAndMarketingExpenses": 0,
        "sellingGeneralAndAdministrativeExpenses": -10800000,
        "otherExpenses": -500000,
        "operatingExpenses": -11300000,
        "costAndExpenses": 224900000,
        "interestIncome": 0,
        "interestExpense": 15300000,
        "depreciationAndAmortization": 62200000,
        "ebitda": 136900000,
        "ebitdaratio": 0.4561812729,
        "operatingIncome": 72100000,
        "operatingIncomeRatio": 0.2402532489,
        "totalOtherIncomeExpensesNet": -15800000,
        "incomeBeforeTax": 56300000,
        "incomeBeforeTaxRatio": 0.187604132,
        "incomeTaxExpense": 7300000,
        "netIncome": 12900000,
        "netIncomeRatio": 0.0429856714,
        "eps": 0.09,
        "epsdiluted": 0.09,
        "weightedAverageShsOut": 147700000,
        "weightedAverageShsOutDil": 148600000,
        "link": "https://www.sec.gov/Archives/edgar/data/1627014/000162701420000005/0001627014-20-000005-index.htm",
        "finalLink": "https://www.sec.gov/Archives/edgar/data/1627014/000162701420000005/bki2019form10-k.htm"
    },
    {
        "date": "2019-09-30",
        "symbol": "BKI",
        "reportedCurrency": "USD",
        "cik": "0001627014",
        "fillingDate": "2019-11-07",
        "acceptedDate": "2019-11-07 16:09:11",
        "calendarYear": "2019",
        "period": "Q3",
        "revenue": 299100000,
        "costOfRevenue": 163900000,
        "grossProfit": 135200000,
        "grossProfitRatio": 0.4520227349,
        "researchAndDevelopmentExpenses": 0,
        "generalAndAdministrativeExpenses": 0,
        "sellingAndMarketingExpenses": 0,
        "sellingGeneralAndAdministrativeExpenses": 0,
        "otherExpenses": 163900000,
        "operatingExpenses": 163900000,
        "costAndExpenses": 223500000,
        "interestIncome": 0,
        "interestExpense": 16500000,
        "depreciationAndAmortization": 59600000,
        "ebitda": 135100000,
        "ebitdaratio": 0.4516883985,
        "operatingIncome": 75200000,
        "operatingIncomeRatio": 0.2514209295,
        "totalOtherIncomeExpensesNet": -16600000,
        "incomeBeforeTax": 58600000,
        "incomeBeforeTaxRatio": 0.1959210966,
        "incomeTaxExpense": 9400000,
        "netIncome": 37300000,
        "netIncomeRatio": 0.1247074557,
        "eps": 0.25,
        "epsdiluted": 0.25,
        "weightedAverageShsOut": 147700000,
        "weightedAverageShsOutDil": 148500000,
        "link": "https://www.sec.gov/Archives/edgar/data/1627014/000162701419000049/0001627014-19-000049-index.htm",
        "finalLink": "https://www.sec.gov/Archives/edgar/data/1627014/000162701419000049/bki2019q3form10-q.htm"
    },
    {
        "date": "2019-06-30",
        "symbol": "BKI",
        "reportedCurrency": "USD",
        "cik": "0001627014",
        "fillingDate": "2019-08-06",
        "acceptedDate": "2019-08-06 16:08:03",
        "calendarYear": "2019",
        "period": "Q2",
        "revenue": 294900000,
        "costOfRevenue": 159400000,
        "grossProfit": 135500000,
        "grossProfitRatio": 0.4594777891,
        "researchAndDevelopmentExpenses": 0,
        "generalAndAdministrativeExpenses": 0,
        "sellingAndMarketingExpenses": 0,
        "sellingGeneralAndAdministrativeExpenses": 0,
        "otherExpenses": 159400000,
        "operatingExpenses": 159400000,
        "costAndExpenses": 216900000,
        "interestIncome": 0,
        "interestExpense": 16700000,
        "depreciationAndAmortization": 47000000,
        "ebitda": 124500000,
        "ebitdaratio": 0.4221770092,
        "operatingIncome": 77000000,
        "operatingIncomeRatio": 0.2611054595,
        "totalOtherIncomeExpensesNet": -17200000,
        "incomeBeforeTax": 59800000,
        "incomeBeforeTaxRatio": 0.2027806036,
        "incomeTaxExpense": 14500000,
        "netIncome": 31900000,
        "netIncomeRatio": 0.1081722618,
        "eps": 0.22,
        "epsdiluted": 0.22,
        "weightedAverageShsOut": 147700000,
        "weightedAverageShsOutDil": 148500000,
        "link": "https://www.sec.gov/Archives/edgar/data/1627014/000162701419000036/0001627014-19-000036-index.htm",
        "finalLink": "https://www.sec.gov/Archives/edgar/data/1627014/000162701419000036/bki2019q2form10-q.htm"
    },
    {
        "date": "2019-03-31",
        "symbol": "BKI",
        "reportedCurrency": "USD",
        "cik": "0001627014",
        "fillingDate": "2019-05-01",
        "acceptedDate": "2019-05-01 16:45:58",
        "calendarYear": "2019",
        "period": "Q1",
        "revenue": 283100000,
        "costOfRevenue": 160000000,
        "grossProfit": 123100000,
        "grossProfitRatio": 0.4348286824,
        "researchAndDevelopmentExpenses": 0,
        "generalAndAdministrativeExpenses": 0,
        "sellingAndMarketingExpenses": 0,
        "sellingGeneralAndAdministrativeExpenses": 0,
        "otherExpenses": 160000000,
        "operatingExpenses": 160000000,
        "costAndExpenses": 216900000,
        "interestIncome": 0,
        "interestExpense": 15000000,
        "depreciationAndAmortization": 46700000,
        "ebitda": 112600000,
        "ebitdaratio": 0.3977393147,
        "operatingIncome": 65300000,
        "operatingIncomeRatio": 0.230660544,
        "totalOtherIncomeExpensesNet": -15300000,
        "incomeBeforeTax": 50000000,
        "incomeBeforeTaxRatio": 0.1766160367,
        "incomeTaxExpense": 10700000,
        "netIncome": 39300000,
        "netIncomeRatio": 0.1388202049,
        "eps": 0.18,
        "epsdiluted": 0.18,
        "weightedAverageShsOut": 147500000,
        "weightedAverageShsOutDil": 148200000,
        "link": "https://www.sec.gov/Archives/edgar/data/1627014/000162701419000020/0001627014-19-000020-index.htm",
        "finalLink": "https://www.sec.gov/Archives/edgar/data/1627014/000162701419000020/bki2019q1form10-q.htm"
    },
    {
        "date": "2018-12-31",
        "symbol": "BKI",
        "reportedCurrency": "USD",
        "cik": "0001627014",
        "fillingDate": "2019-02-22",
        "acceptedDate": "2019-02-22 16:52:28",
        "calendarYear": "2018",
        "period": "Q4",
        "revenue": 285400000,
        "costOfRevenue": 163200000,
        "grossProfit": 122200000,
        "grossProfitRatio": 0.4281709881,
        "researchAndDevelopmentExpenses": 0,
        "generalAndAdministrativeExpenses": 0,
        "sellingAndMarketingExpenses": 0,
        "sellingGeneralAndAdministrativeExpenses": 0,
        "otherExpenses": 4200000,
        "operatingExpenses": 4200000,
        "costAndExpenses": 221200000,
        "interestIncome": 0,
        "interestExpense": 12600000,
        "depreciationAndAmortization": 58000000,
        "ebitda": 121500000,
        "ebitdaratio": 0.4257182901,
        "operatingIncome": 63400000,
        "operatingIncomeRatio": 0.2221443588,
        "totalOtherIncomeExpensesNet": -13300000,
        "incomeBeforeTax": 50100000,
        "incomeBeforeTaxRatio": 0.1755430974,
        "incomeTaxExpense": 7300000,
        "netIncome": 42800000,
        "netIncomeRatio": 0.1499649615,
        "eps": 0.29,
        "epsdiluted": 0.29,
        "weightedAverageShsOut": 147600000,
        "weightedAverageShsOutDil": 148200000,
        "link": "https://www.sec.gov/Archives/edgar/data/1627014/000162701419000013/0001627014-19-000013-index.htm",
        "finalLink": "https://www.sec.gov/Archives/edgar/data/1627014/000162701419000013/bki2018form10-k.htm"
    },
    {
        "date": "2018-09-30",
        "symbol": "BKI",
        "reportedCurrency": "USD",
        "cik": "0001627014",
        "fillingDate": "2018-10-30",
        "acceptedDate": "2018-10-30 16:14:34",
        "calendarYear": "2018",
        "period": "Q3",
        "revenue": 281700000,
        "costOfRevenue": 157400000,
        "grossProfit": 124300000,
        "grossProfitRatio": 0.4412495563,
        "researchAndDevelopmentExpenses": 0,
        "generalAndAdministrativeExpenses": 0,
        "sellingAndMarketingExpenses": 0,
        "sellingGeneralAndAdministrativeExpenses": 0,
        "otherExpenses": 157400000,
        "operatingExpenses": 157400000,
        "costAndExpenses": 211400000,
        "interestIncome": 0,
        "interestExpense": 13200000,
        "depreciationAndAmortization": 54000000,
        "ebitda": 116100000,
        "ebitdaratio": 0.4121405751,
        "operatingIncome": 67000000,
        "operatingIncomeRatio": 0.2378416755,
        "totalOtherIncomeExpensesNet": -13200000,
        "incomeBeforeTax": 53800000,
        "incomeBeforeTaxRatio": 0.1909833156,
        "incomeTaxExpense": 10800000,
        "netIncome": 43000000,
        "netIncomeRatio": 0.1526446574,
        "eps": 0.29,
        "epsdiluted": 0.29,
        "weightedAverageShsOut": 147200000,
        "weightedAverageShsOutDil": 147800000,
        "link": "https://www.sec.gov/Archives/edgar/data/1627014/000162701418000051/0001627014-18-000051-index.htm",
        "finalLink": "https://www.sec.gov/Archives/edgar/data/1627014/000162701418000051/bki2018q3form10-q.htm"
    },
    {
        "date": "2018-06-30",
        "symbol": "BKI",
        "reportedCurrency": "USD",
        "cik": "0001627014",
        "fillingDate": "2018-07-31",
        "acceptedDate": "2018-07-31 07:46:22",
        "calendarYear": "2018",
        "period": "Q2",
        "revenue": 276600000,
        "costOfRevenue": 155400000,
        "grossProfit": 121200000,
        "grossProfitRatio": 0.4381778742,
        "researchAndDevelopmentExpenses": 0,
        "generalAndAdministrativeExpenses": 0,
        "sellingAndMarketingExpenses": 0,
        "sellingGeneralAndAdministrativeExpenses": 0,
        "otherExpenses": 155400000,
        "operatingExpenses": 155400000,
        "costAndExpenses": 209000000,
        "interestIncome": 0,
        "interestExpense": 13100000,
        "depreciationAndAmortization": 53600000,
        "ebitda": 87600000,
        "ebitdaratio": 0.31670282,
        "operatingIncome": 66400000,
        "operatingIncomeRatio": 0.2400578453,
        "totalOtherIncomeExpensesNet": -19300000,
        "incomeBeforeTax": 47100000,
        "incomeBeforeTaxRatio": 0.1702819957,
        "incomeTaxExpense": 7100000,
        "netIncome": 40000000,
        "netIncomeRatio": 0.1446131598,
        "eps": 0.27,
        "epsdiluted": 0.27,
        "weightedAverageShsOut": 147100000,
        "weightedAverageShsOutDil": 147700000,
        "link": "https://www.sec.gov/Archives/edgar/data/1627014/000162701418000045/0001627014-18-000045-index.htm",
        "finalLink": "https://www.sec.gov/Archives/edgar/data/1627014/000162701418000045/bki2018q2form10-q.htm"
    },
    {
        "date": "2018-03-31",
        "symbol": "BKI",
        "reportedCurrency": "USD",
        "cik": "0001627014",
        "fillingDate": "2018-05-08",
        "acceptedDate": "2018-05-08 08:19:39",
        "calendarYear": "2018",
        "period": "Q1",
        "revenue": 270300000,
        "costOfRevenue": 149400000,
        "grossProfit": 120900000,
        "grossProfitRatio": 0.4472807991,
        "researchAndDevelopmentExpenses": 0,
        "generalAndAdministrativeExpenses": 0,
        "sellingAndMarketingExpenses": 0,
        "sellingGeneralAndAdministrativeExpenses": 0,
        "otherExpenses": 149400000,
        "operatingExpenses": 149400000,
        "costAndExpenses": 200800000,
        "interestIncome": 0,
        "interestExpense": 12800000,
        "depreciationAndAmortization": 51400000,
        "ebitda": 120700000,
        "ebitdaratio": 0.4465408805,
        "operatingIncome": 68200000,
        "operatingIncomeRatio": 0.2523122457,
        "totalOtherIncomeExpensesNet": -13000000,
        "incomeBeforeTax": 55200000,
        "incomeBeforeTaxRatio": 0.2042175361,
        "incomeTaxExpense": 12500000,
        "netIncome": 42700000,
        "netIncomeRatio": 0.157972623,
        "eps": 0.29,
        "epsdiluted": 0.29,
        "weightedAverageShsOut": 148800000,
        "weightedAverageShsOutDil": 149200000,
        "link": "https://www.sec.gov/Archives/edgar/data/1627014/000162701418000033/0001627014-18-000033-index.htm",
        "finalLink": "https://www.sec.gov/Archives/edgar/data/1627014/000162701418000033/bki2018q1form10-q.htm"
    },
    {
        "date": "2017-12-31",
        "symbol": "BKI",
        "reportedCurrency": "USD",
        "cik": "0001627014",
        "fillingDate": "2018-04-26",
        "acceptedDate": "2018-04-26 17:09:47",
        "calendarYear": "2017",
        "period": "Q4",
        "revenue": 267500000,
        "costOfRevenue": 141300000,
        "grossProfit": 126200000,
        "grossProfitRatio": 0.4717757009,
        "researchAndDevelopmentExpenses": 0,
        "generalAndAdministrativeExpenses": 0,
        "sellingAndMarketingExpenses": 0,
        "sellingGeneralAndAdministrativeExpenses": -17400000,
        "otherExpenses": 4500000,
        "operatingExpenses": -12900000,
        "costAndExpenses": 193600000,
        "interestIncome": 0,
        "interestExpense": 12700000,
        "depreciationAndAmortization": 52300000,
        "ebitda": 130700000,
        "ebitdaratio": 0.4885981308,
        "operatingIncome": 69300000,
        "operatingIncomeRatio": 0.2590654206,
        "totalOtherIncomeExpensesNet": -8200000,
        "incomeBeforeTax": 61100000,
        "incomeBeforeTaxRatio": 0.228411215,
        "incomeTaxExpense": -86100000,
        "netIncome": 147200000,
        "netIncomeRatio": 0.5502803738,
        "eps": 1.88,
        "epsdiluted": 0.97,
        "weightedAverageShsOut": 78300000,
        "weightedAverageShsOutDil": 151600000,
        "link": "https://www.sec.gov/Archives/edgar/data/1627014/000110465918027221/0001104659-18-027221-index.htm",
        "finalLink": "https://www.sec.gov/Archives/edgar/data/1627014/000110465918027221/a18-12082_110ka.htm"
    },
    {
        "date": "2017-09-30",
        "symbol": "BKI",
        "reportedCurrency": "USD",
        "cik": "0001627014",
        "fillingDate": "2017-11-02",
        "acceptedDate": "2017-11-02 16:25:25",
        "calendarYear": "2017",
        "period": "Q3",
        "revenue": 263800000,
        "costOfRevenue": 140700000,
        "grossProfit": 123100000,
        "grossProfitRatio": 0.466641395,
        "researchAndDevelopmentExpenses": 0,
        "generalAndAdministrativeExpenses": 0,
        "sellingAndMarketingExpenses": 0,
        "sellingGeneralAndAdministrativeExpenses": 0,
        "otherExpenses": 140700000,
        "operatingExpenses": 140700000,
        "costAndExpenses": 192000000,
        "interestIncome": 0,
        "interestExpense": 14100000,
        "depreciationAndAmortization": 51300000,
        "ebitda": 122500000,
        "ebitdaratio": 0.4643669447,
        "operatingIncome": 67800000,
        "operatingIncomeRatio": 0.2570128886,
        "totalOtherIncomeExpensesNet": -14700000,
        "incomeBeforeTax": 53100000,
        "incomeBeforeTaxRatio": 0.2012888552,
        "incomeTaxExpense": 9200000,
        "netIncome": 14700000,
        "netIncomeRatio": 0.0557240334,
        "eps": 0.22,
        "epsdiluted": 0.0965,
        "weightedAverageShsOut": 67900000,
        "weightedAverageShsOutDil": 152300000,
        "link": "https://www.sec.gov/Archives/edgar/data/1627014/000162701417000061/0001627014-17-000061-index.htm",
        "finalLink": "https://www.sec.gov/Archives/edgar/data/1627014/000162701417000061/bk2017q3form10-q.htm"
    },
    {
        "date": "2017-06-30",
        "symbol": "BKI",
        "reportedCurrency": "USD",
        "cik": "0001627014",
        "fillingDate": "2017-07-28",
        "acceptedDate": "2017-07-28 17:22:01",
        "calendarYear": "2017",
        "period": "Q2",
        "revenue": 262200000,
        "costOfRevenue": 142000000,
        "grossProfit": 120200000,
        "grossProfitRatio": 0.4584286804,
        "researchAndDevelopmentExpenses": 0,
        "generalAndAdministrativeExpenses": 0,
        "sellingAndMarketingExpenses": 0,
        "sellingGeneralAndAdministrativeExpenses": 0,
        "otherExpenses": 142000000,
        "operatingExpenses": 142000000,
        "costAndExpenses": 192100000,
        "interestIncome": 0,
        "interestExpense": 14000000,
        "depreciationAndAmortization": 50100000,
        "ebitda": 99700000,
        "ebitdaratio": 0.3802440885,
        "operatingIncome": 66800000,
        "operatingIncomeRatio": 0.2547673532,
        "totalOtherIncomeExpensesNet": -34500000,
        "incomeBeforeTax": 32300000,
        "incomeBeforeTaxRatio": 0.1231884058,
        "incomeTaxExpense": 8100000,
        "netIncome": 6500000,
        "netIncomeRatio": 0.0247902365,
        "eps": 0.1,
        "epsdiluted": 0.09,
        "weightedAverageShsOut": 67700000,
        "weightedAverageShsOutDil": 153000000,
        "link": "https://www.sec.gov/Archives/edgar/data/1627014/000162701417000050/0001627014-17-000050-index.htm",
        "finalLink": "https://www.sec.gov/Archives/edgar/data/1627014/000162701417000050/bkfs2017q2form10-q.htm"
    },
    {
        "date": "2017-03-31",
        "symbol": "BKI",
        "reportedCurrency": "USD",
        "cik": "0001627014",
        "fillingDate": "2017-05-05",
        "acceptedDate": "2017-05-05 08:54:15",
        "calendarYear": "2017",
        "period": "Q1",
        "revenue": 258100000,
        "costOfRevenue": 145500000,
        "grossProfit": 112600000,
        "grossProfitRatio": 0.4362650136,
        "researchAndDevelopmentExpenses": 0,
        "generalAndAdministrativeExpenses": 0,
        "sellingAndMarketingExpenses": 0,
        "sellingGeneralAndAdministrativeExpenses": 0,
        "otherExpenses": 145500000,
        "operatingExpenses": 145500000,
        "costAndExpenses": 198300000,
        "interestIncome": 0,
        "interestExpense": 16700000,
        "depreciationAndAmortization": 52800000,
        "ebitda": 110600000,
        "ebitdaratio": 0.428516079,
        "operatingIncome": 58600000,
        "operatingIncomeRatio": 0.2270437815,
        "totalOtherIncomeExpensesNet": -18700000,
        "incomeBeforeTax": 39900000,
        "incomeBeforeTaxRatio": 0.1545912437,
        "incomeTaxExpense": 6000000,
        "netIncome": 12200000,
        "netIncomeRatio": 0.0472685006,
        "eps": 0.18,
        "epsdiluted": 0.18,
        "weightedAverageShsOut": 67600000,
        "weightedAverageShsOutDil": 152900000,
        "link": "https://www.sec.gov/Archives/edgar/data/1627014/000162701417000029/0001627014-17-000029-index.htm",
        "finalLink": "https://www.sec.gov/Archives/edgar/data/1627014/000162701417000029/bkfs2017q1form10-q.htm"
    },
    {
        "date": "2016-12-31",
        "symbol": "BKI",
        "reportedCurrency": "USD",
        "cik": "0001627014",
        "fillingDate": "2017-02-24",
        "acceptedDate": "2017-02-24 16:14:37",
        "calendarYear": "2016",
        "period": "Q4",
        "revenue": 261500000,
        "costOfRevenue": 149200000,
        "grossProfit": 112300000,
        "grossProfitRatio": 0.4294455067,
        "researchAndDevelopmentExpenses": 0,
        "generalAndAdministrativeExpenses": 0,
        "sellingAndMarketingExpenses": 0,
        "sellingGeneralAndAdministrativeExpenses": -4800000,
        "otherExpenses": -200000,
        "operatingExpenses": -5000000,
        "costAndExpenses": 203300000,
        "interestIncome": 0,
        "interestExpense": 17000000,
        "depreciationAndAmortization": 54100000,
        "ebitda": 112100000,
        "ebitdaratio": 0.4286806883,
        "operatingIncome": 58100000,
        "operatingIncomeRatio": 0.2221797323,
        "totalOtherIncomeExpensesNet": -17200000,
        "incomeBeforeTax": 40900000,
        "incomeBeforeTaxRatio": 0.1564053537,
        "incomeTaxExpense": 6600000,
        "netIncome": 11800000,
        "netIncomeRatio": 0.045124283,
        "eps": 0.18,
        "epsdiluted": 0.0772,
        "weightedAverageShsOut": 65900000,
        "weightedAverageShsOutDil": 152800000,
        "link": "https://www.sec.gov/Archives/edgar/data/1627014/000162701417000012/0001627014-17-000012-index.htm",
        "finalLink": "https://www.sec.gov/Archives/edgar/data/1627014/000162701417000012/bkfs2016form10-k.htm"
    },
    {
        "date": "2016-09-30",
        "symbol": "BKI",
        "reportedCurrency": "USD",
        "cik": "0001627014",
        "fillingDate": "2016-11-03",
        "acceptedDate": "2016-11-03 09:43:09",
        "calendarYear": "2016",
        "period": "Q3",
        "revenue": 267100000,
        "costOfRevenue": 152200000,
        "grossProfit": 114900000,
        "grossProfitRatio": 0.4301759641,
        "researchAndDevelopmentExpenses": 0,
        "generalAndAdministrativeExpenses": 0,
        "sellingAndMarketingExpenses": 0,
        "sellingGeneralAndAdministrativeExpenses": 0,
        "otherExpenses": 152200000,
        "operatingExpenses": 152200000,
        "costAndExpenses": 209000000,
        "interestIncome": 0,
        "interestExpense": 16900000,
        "depreciationAndAmortization": 56800000,
        "ebitda": 113500000,
        "ebitdaratio": 0.4249344815,
        "operatingIncome": 57000000,
        "operatingIncomeRatio": 0.2134032198,
        "totalOtherIncomeExpensesNet": -18300000,
        "incomeBeforeTax": 38700000,
        "incomeBeforeTaxRatio": 0.1448895545,
        "incomeTaxExpense": 6300000,
        "netIncome": 11200000,
        "netIncomeRatio": 0.0419318607,
        "eps": 0.17,
        "epsdiluted": 0.0733,
        "weightedAverageShsOut": 65900000,
        "weightedAverageShsOutDil": 152800000,
        "link": "https://www.sec.gov/Archives/edgar/data/1627014/000162701416000075/0001627014-16-000075-index.htm",
        "finalLink": "https://www.sec.gov/Archives/edgar/data/1627014/000162701416000075/bkfs2016q3form10-q.htm"
    },
    {
        "date": "2016-06-30",
        "symbol": "BKI",
        "reportedCurrency": "USD",
        "cik": "0001627014",
        "fillingDate": "2016-08-09",
        "acceptedDate": "2016-08-09 10:09:58",
        "calendarYear": "2016",
        "period": "Q2",
        "revenue": 255500000,
        "costOfRevenue": 144400000,
        "grossProfit": 111100000,
        "grossProfitRatio": 0.4348336595,
        "researchAndDevelopmentExpenses": 0,
        "generalAndAdministrativeExpenses": 0,
        "sellingAndMarketingExpenses": 0,
        "sellingGeneralAndAdministrativeExpenses": 0,
        "otherExpenses": 144400000,
        "operatingExpenses": 144400000,
        "costAndExpenses": 193600000,
        "interestIncome": 0,
        "interestExpense": 16900000,
        "depreciationAndAmortization": 49200000,
        "ebitda": 107100000,
        "ebitdaratio": 0.4191780822,
        "operatingIncome": 60800000,
        "operatingIncomeRatio": 0.237964775,
        "totalOtherIncomeExpensesNet": -20900000,
        "incomeBeforeTax": 39900000,
        "incomeBeforeTaxRatio": 0.1561643836,
        "incomeTaxExpense": 6700000,
        "netIncome": 11400000,
        "netIncomeRatio": 0.0446183953,
        "eps": 0.17,
        "epsdiluted": 0.17,
        "weightedAverageShsOut": 65900000,
        "weightedAverageShsOutDil": 152700000,
        "link": "https://www.sec.gov/Archives/edgar/data/1627014/000162701416000067/0001627014-16-000067-index.htm",
        "finalLink": "https://www.sec.gov/Archives/edgar/data/1627014/000162701416000067/bkfs2016q2form10-q.htm"
    },
    {
        "date": "2016-03-31",
        "symbol": "BKI",
        "reportedCurrency": "USD",
        "cik": "0001627014",
        "fillingDate": "2016-04-29",
        "acceptedDate": "2016-04-29 16:17:54",
        "calendarYear": "2016",
        "period": "Q1",
        "revenue": 241900000,
        "costOfRevenue": 136800000,
        "grossProfit": 105100000,
        "grossProfitRatio": 0.4344770566,
        "researchAndDevelopmentExpenses": 0,
        "generalAndAdministrativeExpenses": 0,
        "sellingAndMarketingExpenses": 0,
        "sellingGeneralAndAdministrativeExpenses": 0,
        "otherExpenses": 136800000,
        "operatingExpenses": 136800000,
        "costAndExpenses": 185000000,
        "interestIncome": 0,
        "interestExpense": 16800000,
        "depreciationAndAmortization": 48200000,
        "ebitda": 104300000,
        "ebitdaratio": 0.4311699049,
        "operatingIncome": 56900000,
        "operatingIncomeRatio": 0.2352211658,
        "totalOtherIncomeExpensesNet": -17600000,
        "incomeBeforeTax": 39300000,
        "incomeBeforeTaxRatio": 0.162463828,
        "incomeTaxExpense": 6200000,
        "netIncome": 11400000,
        "netIncomeRatio": 0.0471269119,
        "eps": 0.17,
        "epsdiluted": 0.17,
        "weightedAverageShsOut": 65800000,
        "weightedAverageShsOutDil": 152600000,
        "link": "https://www.sec.gov/Archives/edgar/data/1627014/000162701416000045/0001627014-16-000045-index.htm",
        "finalLink": "https://www.sec.gov/Archives/edgar/data/1627014/000162701416000045/bkfs2016q1form10-q.htm"
    },
    {
        "date": "2015-12-31",
        "symbol": "BKI",
        "reportedCurrency": "USD",
        "cik": "0001627014",
        "fillingDate": "2016-02-26",
        "acceptedDate": "2016-02-26 16:11:35",
        "calendarYear": "2015",
        "period": "Q4",
        "revenue": 237800000,
        "costOfRevenue": 133300000,
        "grossProfit": 104500000,
        "grossProfitRatio": 0.4394449117,
        "researchAndDevelopmentExpenses": 0,
        "generalAndAdministrativeExpenses": 0,
        "sellingAndMarketingExpenses": 0,
        "sellingGeneralAndAdministrativeExpenses": -10100000,
        "otherExpenses": 0,
        "operatingExpenses": -10100000,
        "costAndExpenses": 184200000,
        "interestIncome": 0,
        "interestExpense": 16500000,
        "depreciationAndAmortization": 50900000,
        "ebitda": 104500000,
        "ebitdaratio": 0.4394449117,
        "operatingIncome": 53000000,
        "operatingIncomeRatio": 0.2228763667,
        "totalOtherIncomeExpensesNet": -16500000,
        "incomeBeforeTax": 36500000,
        "incomeBeforeTaxRatio": 0.153490328,
        "incomeTaxExpense": 6400000,
        "netIncome": 9800000,
        "netIncomeRatio": 0.0412111018,
        "eps": 0.15,
        "epsdiluted": 0.0641,
        "weightedAverageShsOut": 64400000,
        "weightedAverageShsOutDil": 152814981,
        "link": "https://www.sec.gov/Archives/edgar/data/1627014/000162701416000037/0001627014-16-000037-index.htm",
        "finalLink": "https://www.sec.gov/Archives/edgar/data/1627014/000162701416000037/bkfs2015form10-k.htm"
    },
    {
        "date": "2015-09-30",
        "symbol": "BKI",
        "reportedCurrency": "USD",
        "cik": "0001627014",
        "fillingDate": "2015-10-30",
        "acceptedDate": "2015-10-30 16:14:48",
        "calendarYear": "2015",
        "period": "Q3",
        "revenue": 233600000,
        "costOfRevenue": 131400000,
        "grossProfit": 102200000,
        "grossProfitRatio": 0.4375,
        "researchAndDevelopmentExpenses": 0,
        "generalAndAdministrativeExpenses": 0,
        "sellingAndMarketingExpenses": 0,
        "sellingGeneralAndAdministrativeExpenses": 0,
        "otherExpenses": 131400000,
        "operatingExpenses": 131400000,
        "costAndExpenses": 180100000,
        "interestIncome": 0,
        "interestExpense": 17000000,
        "depreciationAndAmortization": 48700000,
        "ebitda": 102200000,
        "ebitdaratio": 0.4375,
        "operatingIncome": 53400000,
        "operatingIncomeRatio": 0.2285958904,
        "totalOtherIncomeExpensesNet": -17000000,
        "incomeBeforeTax": 36400000,
        "incomeBeforeTaxRatio": 0.1558219178,
        "incomeTaxExpense": 6600000,
        "netIncome": 9900000,
        "netIncomeRatio": 0.042380137,
        "eps": 0.15,
        "epsdiluted": 0.0648,
        "weightedAverageShsOut": 64400000,
        "weightedAverageShsOutDil": 152814981,
        "link": "https://www.sec.gov/Archives/edgar/data/1627014/000162701415000024/0001627014-15-000024-index.htm",
        "finalLink": "https://www.sec.gov/Archives/edgar/data/1627014/000162701415000024/bkfs2015q3form10-q.htm"
    },
    {
        "date": "2015-06-30",
        "symbol": "BKI",
        "reportedCurrency": "USD",
        "cik": "0001627014",
        "fillingDate": "2015-08-04",
        "acceptedDate": "2015-08-04 17:12:31",
        "calendarYear": "2015",
        "period": "Q2",
        "revenue": 232100000,
        "costOfRevenue": 140300000,
        "grossProfit": 91800000,
        "grossProfitRatio": 0.3955191728,
        "researchAndDevelopmentExpenses": 0,
        "generalAndAdministrativeExpenses": 0,
        "sellingAndMarketingExpenses": 0,
        "sellingGeneralAndAdministrativeExpenses": 0,
        "otherExpenses": 140300000,
        "operatingExpenses": 140300000,
        "costAndExpenses": 189100000,
        "interestIncome": 0,
        "interestExpense": 25500000,
        "depreciationAndAmortization": 48800000,
        "ebitda": 87200000,
        "ebitdaratio": 0.3757001293,
        "operatingIncome": 38300000,
        "operatingIncomeRatio": 0.1650150797,
        "totalOtherIncomeExpensesNet": -30100000,
        "incomeBeforeTax": 8200000,
        "incomeBeforeTaxRatio": 0.0353295993,
        "incomeTaxExpense": 300000,
        "netIncome": 300000,
        "netIncomeRatio": 0.0012925463,
        "eps": 0.002,
        "epsdiluted": 0.002,
        "weightedAverageShsOut": 152811887,
        "weightedAverageShsOutDil": 152500000,
        "link": "https://www.sec.gov/Archives/edgar/data/1627014/000162701415000017/0001627014-15-000017-index.htm",
        "finalLink": "https://www.sec.gov/Archives/edgar/data/1627014/000162701415000017/bkfs2015q2form10-q.htm"
    },
    {
        "date": "2015-03-31",
        "symbol": "BKI",
        "reportedCurrency": "USD",
        "cik": "0001627014",
        "fillingDate": "2015-03-31",
        "acceptedDate": "2015-03-30 20:00:00",
        "calendarYear": "2015",
        "period": "Q1",
        "revenue": 227200000,
        "costOfRevenue": 133200000,
        "grossProfit": 94000000,
        "grossProfitRatio": 0.4137323944,
        "researchAndDevelopmentExpenses": 0,
        "generalAndAdministrativeExpenses": 0,
        "sellingAndMarketingExpenses": 0,
        "sellingGeneralAndAdministrativeExpenses": 179100000,
        "otherExpenses": 0,
        "operatingExpenses": 179100000,
        "costAndExpenses": 179100000,
        "interestIncome": 0,
        "interestExpense": 30800000,
        "depreciationAndAmortization": 45900000,
        "ebitda": 94000000,
        "ebitdaratio": 0.4137323944,
        "operatingIncome": 45500000,
        "operatingIncomeRatio": 0.2002640845,
        "totalOtherIncomeExpensesNet": -30800000,
        "incomeBeforeTax": 14700000,
        "incomeBeforeTaxRatio": 0.0647007042,
        "incomeTaxExpense": 100000,
        "netIncome": 14500000,
        "netIncomeRatio": 0.0638204225,
        "eps": 0.0974,
        "epsdiluted": 0.0974,
        "weightedAverageShsOut": 148936170,
        "weightedAverageShsOutDil": 148936170,
        "link": null,
        "finalLink": null
    },
    {
        "date": "2014-12-31",
        "symbol": "BKI",
        "reportedCurrency": "USD",
        "cik": "0001627014",
        "fillingDate": "2014-12-31",
        "acceptedDate": "2014-12-30 19:00:00",
        "calendarYear": "2014",
        "period": "Q4",
        "revenue": 220300000,
        "costOfRevenue": 122600000,
        "grossProfit": 97700000,
        "grossProfitRatio": 0.4434861552,
        "researchAndDevelopmentExpenses": 0,
        "generalAndAdministrativeExpenses": 0,
        "sellingAndMarketingExpenses": 0,
        "sellingGeneralAndAdministrativeExpenses": 169200000,
        "otherExpenses": -900000,
        "operatingExpenses": 168300000,
        "costAndExpenses": 168300000,
        "interestIncome": 0,
        "interestExpense": 31900000,
        "depreciationAndAmortization": 45600000,
        "ebitda": 96800000,
        "ebitdaratio": 0.4394008171,
        "operatingIncome": 43800000,
        "operatingIncomeRatio": 0.1988197912,
        "totalOtherIncomeExpensesNet": -32800000,
        "incomeBeforeTax": 11000000,
        "incomeBeforeTaxRatio": 0.049931911,
        "incomeTaxExpense": 200000,
        "netIncome": 10700000,
        "netIncomeRatio": 0.0485701316,
        "eps": 0.16,
        "epsdiluted": 0.16,
        "weightedAverageShsOut": 65302455,
        "weightedAverageShsOutDil": 65302455,
        "link": null,
        "finalLink": null
    },
    {
        "date": "2014-09-30",
        "symbol": "BKI",
        "reportedCurrency": "USD",
        "cik": "0001627014",
        "fillingDate": "2014-09-30",
        "acceptedDate": "2014-09-29 20:00:00",
        "calendarYear": "2014",
        "period": "Q3",
        "revenue": 215000000,
        "costOfRevenue": 124800000,
        "grossProfit": 90200000,
        "grossProfitRatio": 0.4195348837,
        "researchAndDevelopmentExpenses": 0,
        "generalAndAdministrativeExpenses": 0,
        "sellingAndMarketingExpenses": 0,
        "sellingGeneralAndAdministrativeExpenses": 175800000,
        "otherExpenses": -3100000,
        "operatingExpenses": 172700000,
        "costAndExpenses": 172700000,
        "interestIncome": 0,
        "interestExpense": 32600000,
        "depreciationAndAmortization": 51400000,
        "ebitda": 90600000,
        "ebitdaratio": 0.4213953488,
        "operatingIncome": 34100000,
        "operatingIncomeRatio": 0.1586046512,
        "totalOtherIncomeExpensesNet": -35700000,
        "incomeBeforeTax": -1600000,
        "incomeBeforeTaxRatio": -0.0074418605,
        "incomeTaxExpense": 200000,
        "netIncome": -2500000,
        "netIncomeRatio": -0.011627907,
        "eps": -0.0383,
        "epsdiluted": -0.0383,
        "weightedAverageShsOut": 65302455,
        "weightedAverageShsOutDil": 65302455,
        "link": null,
        "finalLink": null
    },
    {
        "date": "2014-06-30",
        "symbol": "BKI",
        "reportedCurrency": "USD",
        "cik": "0001627014",
        "fillingDate": "2014-06-30",
        "acceptedDate": "2014-06-29 20:00:00",
        "calendarYear": "2014",
        "period": "Q2",
        "revenue": 214300000,
        "costOfRevenue": 133800000,
        "grossProfit": 80500000,
        "grossProfitRatio": 0.3756416239,
        "researchAndDevelopmentExpenses": 0,
        "generalAndAdministrativeExpenses": 0,
        "sellingAndMarketingExpenses": 0,
        "sellingGeneralAndAdministrativeExpenses": 189000000,
        "otherExpenses": -8000000,
        "operatingExpenses": 181000000,
        "costAndExpenses": 181000000,
        "interestIncome": 0,
        "interestExpense": 32800000,
        "depreciationAndAmortization": 44900000,
        "ebitda": 72500000,
        "ebitdaratio": 0.3383107793,
        "operatingIncome": 16400000,
        "operatingIncomeRatio": 0.0765282315,
        "totalOtherIncomeExpensesNet": -40800000,
        "incomeBeforeTax": -24400000,
        "incomeBeforeTaxRatio": -0.1138590761,
        "incomeTaxExpense": 200000,
        "netIncome": -24600000,
        "netIncomeRatio": -0.1147923472,
        "eps": -0.38,
        "epsdiluted": -0.38,
        "weightedAverageShsOut": 65302455,
        "weightedAverageShsOutDil": 65302455,
        "link": null,
        "finalLink": null
    },
    {
        "date": "2014-03-31",
        "symbol": "BKI",
        "reportedCurrency": "USD",
        "cik": "0001627014",
        "fillingDate": "2014-03-31",
        "acceptedDate": "2014-03-30 20:00:00",
        "calendarYear": "2014",
        "period": "Q1",
        "revenue": 202500000,
        "costOfRevenue": 133800000,
        "grossProfit": 68700000,
        "grossProfitRatio": 0.3392592593,
        "researchAndDevelopmentExpenses": 0,
        "generalAndAdministrativeExpenses": 0,
        "sellingAndMarketingExpenses": 0,
        "sellingGeneralAndAdministrativeExpenses": 180700000,
        "otherExpenses": 0,
        "operatingExpenses": 180700000,
        "costAndExpenses": 180700000,
        "interestIncome": 0,
        "interestExpense": 31400000,
        "depreciationAndAmortization": 46900000,
        "ebitda": 68700000,
        "ebitdaratio": 0.3392592593,
        "operatingIncome": -64200000,
        "operatingIncomeRatio": -0.317037037,
        "totalOtherIncomeExpensesNet": -31400000,
        "incomeBeforeTax": -95600000,
        "incomeBeforeTaxRatio": -0.4720987654,
        "incomeTaxExpense": -5900000,
        "netIncome": -89900000,
        "netIncomeRatio": -0.4439506173,
        "eps": -1.38,
        "epsdiluted": -1.38,
        "weightedAverageShsOut": 65302455,
        "weightedAverageShsOutDil": 65302455,
        "link": null,
        "finalLink": null
    },
    {
        "date": "2013-12-31",
        "symbol": "BKI",
        "reportedCurrency": "USD",
        "cik": "0001627014",
        "fillingDate": "2013-12-31",
        "acceptedDate": "2013-12-30 19:00:00",
        "calendarYear": "2013",
        "period": "Q4",
        "revenue": 15000000,
        "costOfRevenue": 16900000,
        "grossProfit": -1900000,
        "grossProfitRatio": -0.1266666667,
        "researchAndDevelopmentExpenses": 0,
        "generalAndAdministrativeExpenses": 0,
        "sellingAndMarketingExpenses": 0,
        "sellingGeneralAndAdministrativeExpenses": 18000000,
        "otherExpenses": 0,
        "operatingExpenses": 18000000,
        "costAndExpenses": 18000000,
        "interestIncome": 0,
        "interestExpense": 0,
        "depreciationAndAmortization": 1100000,
        "ebitda": -1900000,
        "ebitdaratio": -0.1266666667,
        "operatingIncome": -3000000,
        "operatingIncomeRatio": -0.2,
        "totalOtherIncomeExpensesNet": 0,
        "incomeBeforeTax": -3000000,
        "incomeBeforeTaxRatio": -0.2,
        "incomeTaxExpense": 0,
        "netIncome": -3000000,
        "netIncomeRatio": -0.2,
        "eps": -0.0459,
        "epsdiluted": -0.0459,
        "weightedAverageShsOut": 65302455,
        "weightedAverageShsOutDil": 65302455,
        "link": null,
        "finalLink": null
    },
    {
        "date": "2013-09-30",
        "symbol": "BKI",
        "reportedCurrency": "USD",
        "cik": "0001627014",
        "fillingDate": "2013-09-30",
        "acceptedDate": "2013-09-29 20:00:00",
        "calendarYear": "2013",
        "period": "Q3",
        "revenue": 417200000,
        "costOfRevenue": 316500000,
        "grossProfit": 100700000,
        "grossProfitRatio": 0.2413710451,
        "researchAndDevelopmentExpenses": 0,
        "generalAndAdministrativeExpenses": 2400000,
        "sellingAndMarketingExpenses": 0,
        "sellingGeneralAndAdministrativeExpenses": 2400000,
        "otherExpenses": -100000,
        "operatingExpenses": 344500000,
        "costAndExpenses": 344500000,
        "interestIncome": 600000,
        "interestExpense": 13000000,
        "depreciationAndAmortization": 25600000,
        "ebitda": 98800000,
        "ebitdaratio": 0.2368168744,
        "operatingIncome": 62400000,
        "operatingIncomeRatio": 0.1495685523,
        "totalOtherIncomeExpensesNet": -12500000,
        "incomeBeforeTax": 49900000,
        "incomeBeforeTaxRatio": 0.1196069032,
        "incomeTaxExpense": 15100000,
        "netIncome": 35500000,
        "netIncomeRatio": 0.0850910834,
        "eps": 0.54,
        "epsdiluted": 0.54,
        "weightedAverageShsOut": 65302455,
        "weightedAverageShsOutDil": 65302455,
        "link": null,
        "finalLink": null
    }
]