[
    {
        "date": "2019-03-31",
        "symbol": "BMS",
        "reportedCurrency": "USD",
        "cik": "0000011199",
        "fillingDate": "2019-03-31",
        "acceptedDate": "2019-03-30 20:00:00",
        "calendarYear": "2019",
        "period": "Q1",
        "revenue": 1001400000,
        "costOfRevenue": 799200000,
        "grossProfit": 202200000,
        "grossProfitRatio": 0.2019173158,
        "researchAndDevelopmentExpenses": 9700000,
        "generalAndAdministrativeExpenses": 0,
        "sellingAndMarketingExpenses": 0,
        "sellingGeneralAndAdministrativeExpenses": 97100000,
        "otherExpenses": -8600000,
        "operatingExpenses": 98200000,
        "costAndExpenses": 897400000,
        "interestIncome": 0,
        "interestExpense": 18500000,
        "depreciationAndAmortization": 41200000,
        "ebitda": 140100000,
        "ebitdaratio": 0.1399041342,
        "operatingIncome": 97100000,
        "operatingIncomeRatio": 0.09696425,
        "totalOtherIncomeExpensesNet": -16700000,
        "incomeBeforeTax": 80400000,
        "incomeBeforeTaxRatio": 0.0802875974,
        "incomeTaxExpense": 20000000,
        "netIncome": 60400000,
        "netIncomeRatio": 0.0603155582,
        "eps": 0.66,
        "epsdiluted": 0.66,
        "weightedAverageShsOut": 91200000,
        "weightedAverageShsOutDil": 92000000,
        "link": "",
        "finalLink": ""
    },
    {
        "date": "2018-12-31",
        "symbol": "BMS",
        "reportedCurrency": "USD",
        "cik": "0000011199",
        "fillingDate": "2018-12-31",
        "acceptedDate": "2018-12-30 19:00:00",
        "calendarYear": "2018",
        "period": "Q4",
        "revenue": 1002800000,
        "costOfRevenue": 802400000,
        "grossProfit": 200400000,
        "grossProfitRatio": 0.1998404467,
        "researchAndDevelopmentExpenses": 9300000,
        "generalAndAdministrativeExpenses": 0,
        "sellingAndMarketingExpenses": 0,
        "sellingGeneralAndAdministrativeExpenses": 93300000,
        "otherExpenses": -5000000,
        "operatingExpenses": 97600000,
        "costAndExpenses": 900000000,
        "interestIncome": 0,
        "interestExpense": 19600000,
        "depreciationAndAmortization": 41100000,
        "ebitda": 133200000,
        "ebitdaratio": 0.1328280814,
        "operatingIncome": 91400000,
        "operatingIncomeRatio": 0.0911447946,
        "totalOtherIncomeExpensesNet": -18900000,
        "incomeBeforeTax": 72500000,
        "incomeBeforeTaxRatio": 0.0722975668,
        "incomeTaxExpense": 8700000,
        "netIncome": 63800000,
        "netIncomeRatio": 0.0636218588,
        "eps": 0.7,
        "epsdiluted": 0.69,
        "weightedAverageShsOut": 91000000,
        "weightedAverageShsOutDil": 91900000,
        "link": "",
        "finalLink": ""
    },
    {
        "date": "2018-09-30",
        "symbol": "BMS",
        "reportedCurrency": "USD",
        "cik": "0000011199",
        "fillingDate": "2018-09-30",
        "acceptedDate": "2018-09-29 20:00:00",
        "calendarYear": "2018",
        "period": "Q3",
        "revenue": 1026400000,
        "costOfRevenue": 821400000,
        "grossProfit": 205000000,
        "grossProfitRatio": 0.1997272019,
        "researchAndDevelopmentExpenses": 9300000,
        "generalAndAdministrativeExpenses": 0,
        "sellingAndMarketingExpenses": 0,
        "sellingGeneralAndAdministrativeExpenses": 90900000,
        "otherExpenses": -4400000,
        "operatingExpenses": 95800000,
        "costAndExpenses": 917200000,
        "interestIncome": 0,
        "interestExpense": 18900000,
        "depreciationAndAmortization": 40800000,
        "ebitda": 134400000,
        "ebitdaratio": 0.1309431021,
        "operatingIncome": 93100000,
        "operatingIncomeRatio": 0.090705378,
        "totalOtherIncomeExpensesNet": -18400000,
        "incomeBeforeTax": 74700000,
        "incomeBeforeTaxRatio": 0.0727786438,
        "incomeTaxExpense": 17200000,
        "netIncome": 57500000,
        "netIncomeRatio": 0.0560210444,
        "eps": 0.63,
        "epsdiluted": 0.63,
        "weightedAverageShsOut": 91000000,
        "weightedAverageShsOutDil": 91600000,
        "link": "",
        "finalLink": ""
    },
    {
        "date": "2018-06-30",
        "symbol": "BMS",
        "reportedCurrency": "USD",
        "cik": "0000011199",
        "fillingDate": "2018-06-30",
        "acceptedDate": "2018-06-29 20:00:00",
        "calendarYear": "2018",
        "period": "Q2",
        "revenue": 1033300000,
        "costOfRevenue": 831600000,
        "grossProfit": 201700000,
        "grossProfitRatio": 0.1951998452,
        "researchAndDevelopmentExpenses": 9400000,
        "generalAndAdministrativeExpenses": 0,
        "sellingAndMarketingExpenses": 0,
        "sellingGeneralAndAdministrativeExpenses": 96800000,
        "otherExpenses": -4200000,
        "operatingExpenses": 102000000,
        "costAndExpenses": 933600000,
        "interestIncome": 0,
        "interestExpense": 18700000,
        "depreciationAndAmortization": 42500000,
        "ebitda": 121900000,
        "ebitdaratio": 0.1179715475,
        "operatingIncome": 78700000,
        "operatingIncomeRatio": 0.0761637472,
        "totalOtherIncomeExpensesNet": -18000000,
        "incomeBeforeTax": 60700000,
        "incomeBeforeTaxRatio": 0.0587438304,
        "incomeTaxExpense": 14000000,
        "netIncome": 46700000,
        "netIncomeRatio": 0.0451950063,
        "eps": 0.51,
        "epsdiluted": 0.51,
        "weightedAverageShsOut": 91000000,
        "weightedAverageShsOutDil": 91200000,
        "link": "",
        "finalLink": ""
    },
    {
        "date": "2018-03-31",
        "symbol": "BMS",
        "reportedCurrency": "USD",
        "cik": "0000011199",
        "fillingDate": "2018-03-31",
        "acceptedDate": "2018-03-30 20:00:00",
        "calendarYear": "2018",
        "period": "Q1",
        "revenue": 1027400000,
        "costOfRevenue": 829400000,
        "grossProfit": 198000000,
        "grossProfitRatio": 0.1927194861,
        "researchAndDevelopmentExpenses": 10000000,
        "generalAndAdministrativeExpenses": 0,
        "sellingAndMarketingExpenses": 0,
        "sellingGeneralAndAdministrativeExpenses": 96900000,
        "otherExpenses": -2800000,
        "operatingExpenses": 104100000,
        "costAndExpenses": 933500000,
        "interestIncome": 0,
        "interestExpense": 18900000,
        "depreciationAndAmortization": 43200000,
        "ebitda": 124600000,
        "ebitdaratio": 0.1212770099,
        "operatingIncome": 80500000,
        "operatingIncomeRatio": 0.0783531244,
        "totalOtherIncomeExpensesNet": -18000000,
        "incomeBeforeTax": 62500000,
        "incomeBeforeTaxRatio": 0.0608331711,
        "incomeTaxExpense": 14900000,
        "netIncome": 47600000,
        "netIncomeRatio": 0.0463305431,
        "eps": 0.52,
        "epsdiluted": 0.52,
        "weightedAverageShsOut": 91000000,
        "weightedAverageShsOutDil": 91200000,
        "link": "",
        "finalLink": ""
    },
    {
        "date": "2017-12-31",
        "symbol": "BMS",
        "reportedCurrency": "USD",
        "cik": "0000011199",
        "fillingDate": "2017-12-31",
        "acceptedDate": "2017-12-30 19:00:00",
        "calendarYear": "2017",
        "period": "Q4",
        "revenue": 1003600000,
        "costOfRevenue": 809900000,
        "grossProfit": 193700000,
        "grossProfitRatio": 0.1930051813,
        "researchAndDevelopmentExpenses": 9300000,
        "generalAndAdministrativeExpenses": 0,
        "sellingAndMarketingExpenses": 0,
        "sellingGeneralAndAdministrativeExpenses": 93600000,
        "otherExpenses": -7000000,
        "operatingExpenses": 95900000,
        "costAndExpenses": 905800000,
        "interestIncome": 0,
        "interestExpense": 17100000,
        "depreciationAndAmortization": 42300000,
        "ebitda": -85300000,
        "ebitdaratio": -0.0849940215,
        "operatingIncome": -128200000,
        "operatingIncomeRatio": -0.1277401355,
        "totalOtherIncomeExpensesNet": -16500000,
        "incomeBeforeTax": -144700000,
        "incomeBeforeTaxRatio": -0.1441809486,
        "incomeTaxExpense": -104000000,
        "netIncome": -40700000,
        "netIncomeRatio": -0.0405540056,
        "eps": -0.45,
        "epsdiluted": -0.45,
        "weightedAverageShsOut": 90800000,
        "weightedAverageShsOutDil": 91200000,
        "link": "",
        "finalLink": ""
    },
    {
        "date": "2017-09-30",
        "symbol": "BMS",
        "reportedCurrency": "USD",
        "cik": "0000011199",
        "fillingDate": "2017-09-30",
        "acceptedDate": "2017-09-29 20:00:00",
        "calendarYear": "2017",
        "period": "Q3",
        "revenue": 1035100000,
        "costOfRevenue": 827400000,
        "grossProfit": 207700000,
        "grossProfitRatio": 0.2006569414,
        "researchAndDevelopmentExpenses": 10000000,
        "generalAndAdministrativeExpenses": 0,
        "sellingAndMarketingExpenses": 0,
        "sellingGeneralAndAdministrativeExpenses": 94600000,
        "otherExpenses": -7800000,
        "operatingExpenses": 96800000,
        "costAndExpenses": 924200000,
        "interestIncome": 0,
        "interestExpense": 16700000,
        "depreciationAndAmortization": 42500000,
        "ebitda": 141200000,
        "ebitdaratio": 0.1364119409,
        "operatingIncome": 98000000,
        "operatingIncomeRatio": 0.0946768428,
        "totalOtherIncomeExpensesNet": -16000000,
        "incomeBeforeTax": 82000000,
        "incomeBeforeTaxRatio": 0.0792193991,
        "incomeTaxExpense": 26400000,
        "netIncome": 55600000,
        "netIncomeRatio": 0.0537146169,
        "eps": 0.61,
        "epsdiluted": 0.61,
        "weightedAverageShsOut": 90900000,
        "weightedAverageShsOutDil": 91200000,
        "link": "",
        "finalLink": ""
    },
    {
        "date": "2017-06-30",
        "symbol": "BMS",
        "reportedCurrency": "USD",
        "cik": "0000011199",
        "fillingDate": "2017-06-30",
        "acceptedDate": "2017-06-29 20:00:00",
        "calendarYear": "2017",
        "period": "Q2",
        "revenue": 1012100000,
        "costOfRevenue": 826200000,
        "grossProfit": 185900000,
        "grossProfitRatio": 0.1836775022,
        "researchAndDevelopmentExpenses": 11100000,
        "generalAndAdministrativeExpenses": 0,
        "sellingAndMarketingExpenses": 0,
        "sellingGeneralAndAdministrativeExpenses": 97600000,
        "otherExpenses": -3100000,
        "operatingExpenses": 105600000,
        "costAndExpenses": 931800000,
        "interestIncome": 0,
        "interestExpense": 16000000,
        "depreciationAndAmortization": 43200000,
        "ebitda": 100300000,
        "ebitdaratio": 0.0991008794,
        "operatingIncome": 56500000,
        "operatingIncomeRatio": 0.0558245233,
        "totalOtherIncomeExpensesNet": -15400000,
        "incomeBeforeTax": 41100000,
        "incomeBeforeTaxRatio": 0.0406086355,
        "incomeTaxExpense": 13100000,
        "netIncome": 28000000,
        "netIncomeRatio": 0.0276652505,
        "eps": 0.3,
        "epsdiluted": 0.3,
        "weightedAverageShsOut": 92000000,
        "weightedAverageShsOutDil": 92300000,
        "link": "",
        "finalLink": ""
    },
    {
        "date": "2017-03-31",
        "symbol": "BMS",
        "reportedCurrency": "USD",
        "cik": "0000011199",
        "fillingDate": "2017-03-31",
        "acceptedDate": "2017-03-30 20:00:00",
        "calendarYear": "2017",
        "period": "Q1",
        "revenue": 995400000,
        "costOfRevenue": 797500000,
        "grossProfit": 197900000,
        "grossProfitRatio": 0.1988145469,
        "researchAndDevelopmentExpenses": 12500000,
        "generalAndAdministrativeExpenses": 0,
        "sellingAndMarketingExpenses": 0,
        "sellingGeneralAndAdministrativeExpenses": 94600000,
        "otherExpenses": -3000000,
        "operatingExpenses": 104100000,
        "costAndExpenses": 901600000,
        "interestIncome": 0,
        "interestExpense": 16000000,
        "depreciationAndAmortization": 41800000,
        "ebitda": 132100000,
        "ebitdaratio": 0.1327104682,
        "operatingIncome": 89400000,
        "operatingIncomeRatio": 0.0898131404,
        "totalOtherIncomeExpensesNet": -15100000,
        "incomeBeforeTax": 74300000,
        "incomeBeforeTaxRatio": 0.0746433595,
        "incomeTaxExpense": 23200000,
        "netIncome": 51100000,
        "netIncomeRatio": 0.0513361463,
        "eps": 0.55,
        "epsdiluted": 0.55,
        "weightedAverageShsOut": 92400000,
        "weightedAverageShsOutDil": 92800000,
        "link": "",
        "finalLink": ""
    },
    {
        "date": "2016-12-31",
        "symbol": "BMS",
        "reportedCurrency": "USD",
        "cik": "0000011199",
        "fillingDate": "2016-12-31",
        "acceptedDate": "2016-12-30 19:00:00",
        "calendarYear": "2016",
        "period": "Q4",
        "revenue": 988000000,
        "costOfRevenue": 772400000,
        "grossProfit": 215600000,
        "grossProfitRatio": 0.2182186235,
        "researchAndDevelopmentExpenses": 11800000,
        "generalAndAdministrativeExpenses": 0,
        "sellingAndMarketingExpenses": 0,
        "sellingGeneralAndAdministrativeExpenses": 96600000,
        "otherExpenses": -1300000,
        "operatingExpenses": 107100000,
        "costAndExpenses": 879500000,
        "interestIncome": 0,
        "interestExpense": 15700000,
        "depreciationAndAmortization": 40700000,
        "ebitda": 146100000,
        "ebitdaratio": 0.1478744939,
        "operatingIncome": 104700000,
        "operatingIncomeRatio": 0.1059716599,
        "totalOtherIncomeExpensesNet": -15000000,
        "incomeBeforeTax": 89700000,
        "incomeBeforeTaxRatio": 0.0907894737,
        "incomeTaxExpense": 29200000,
        "netIncome": 60500000,
        "netIncomeRatio": 0.0612348178,
        "eps": 0.65,
        "epsdiluted": 0.64,
        "weightedAverageShsOut": 93200000,
        "weightedAverageShsOutDil": 93900000,
        "link": "",
        "finalLink": ""
    },
    {
        "date": "2016-09-30",
        "symbol": "BMS",
        "reportedCurrency": "USD",
        "cik": "0000011199",
        "fillingDate": "2016-09-30",
        "acceptedDate": "2016-09-29 20:00:00",
        "calendarYear": "2016",
        "period": "Q3",
        "revenue": 1027200000,
        "costOfRevenue": 802400000,
        "grossProfit": 224800000,
        "grossProfitRatio": 0.218847352,
        "researchAndDevelopmentExpenses": 11600000,
        "generalAndAdministrativeExpenses": 0,
        "sellingAndMarketingExpenses": 0,
        "sellingGeneralAndAdministrativeExpenses": 95800000,
        "otherExpenses": -3200000,
        "operatingExpenses": 104200000,
        "costAndExpenses": 906600000,
        "interestIncome": 0,
        "interestExpense": 15100000,
        "depreciationAndAmortization": 40100000,
        "ebitda": 156900000,
        "ebitdaratio": 0.1527453271,
        "operatingIncome": 116200000,
        "operatingIncomeRatio": 0.113123053,
        "totalOtherIncomeExpensesNet": -14500000,
        "incomeBeforeTax": 101700000,
        "incomeBeforeTaxRatio": 0.0990070093,
        "incomeTaxExpense": 33100000,
        "netIncome": 68600000,
        "netIncomeRatio": 0.0667834891,
        "eps": 0.73,
        "epsdiluted": 0.72,
        "weightedAverageShsOut": 94300000,
        "weightedAverageShsOutDil": 95000000,
        "link": "",
        "finalLink": ""
    },
    {
        "date": "2016-06-30",
        "symbol": "BMS",
        "reportedCurrency": "USD",
        "cik": "0000011199",
        "fillingDate": "2016-06-30",
        "acceptedDate": "2016-06-29 20:00:00",
        "calendarYear": "2016",
        "period": "Q2",
        "revenue": 1021300000,
        "costOfRevenue": 804300000,
        "grossProfit": 217000000,
        "grossProfitRatio": 0.2124742975,
        "researchAndDevelopmentExpenses": 11600000,
        "generalAndAdministrativeExpenses": 0,
        "sellingAndMarketingExpenses": 0,
        "sellingGeneralAndAdministrativeExpenses": 100400000,
        "otherExpenses": -3600000,
        "operatingExpenses": 108400000,
        "costAndExpenses": 912700000,
        "interestIncome": 0,
        "interestExpense": 14000000,
        "depreciationAndAmortization": 40500000,
        "ebitda": 130100000,
        "ebitdaratio": 0.1273866641,
        "operatingIncome": 89000000,
        "operatingIncomeRatio": 0.0871438363,
        "totalOtherIncomeExpensesNet": -13400000,
        "incomeBeforeTax": 75600000,
        "incomeBeforeTaxRatio": 0.0740233036,
        "incomeTaxExpense": 24700000,
        "netIncome": 50900000,
        "netIncomeRatio": 0.0498384412,
        "eps": 0.54,
        "epsdiluted": 0.53,
        "weightedAverageShsOut": 94700000,
        "weightedAverageShsOutDil": 95700000,
        "link": "",
        "finalLink": ""
    },
    {
        "date": "2016-03-31",
        "symbol": "BMS",
        "reportedCurrency": "USD",
        "cik": "0000011199",
        "fillingDate": "2016-03-31",
        "acceptedDate": "2016-03-30 20:00:00",
        "calendarYear": "2016",
        "period": "Q1",
        "revenue": 967900000,
        "costOfRevenue": 759100000,
        "grossProfit": 208800000,
        "grossProfitRatio": 0.215724765,
        "researchAndDevelopmentExpenses": 11500000,
        "generalAndAdministrativeExpenses": 0,
        "sellingAndMarketingExpenses": 0,
        "sellingGeneralAndAdministrativeExpenses": 99400000,
        "otherExpenses": -2300000,
        "operatingExpenses": 108600000,
        "costAndExpenses": 867700000,
        "interestIncome": 0,
        "interestExpense": 15400000,
        "depreciationAndAmortization": 40800000,
        "ebitda": 140100000,
        "ebitdaratio": 0.1447463581,
        "operatingIncome": 99400000,
        "operatingIncomeRatio": 0.1026965596,
        "totalOtherIncomeExpensesNet": -15500000,
        "incomeBeforeTax": 83900000,
        "incomeBeforeTaxRatio": 0.0866825085,
        "incomeTaxExpense": 27700000,
        "netIncome": 56200000,
        "netIncomeRatio": 0.0580638496,
        "eps": 0.59,
        "epsdiluted": 0.59,
        "weightedAverageShsOut": 94900000,
        "weightedAverageShsOutDil": 95900000,
        "link": "",
        "finalLink": ""
    },
    {
        "date": "2015-12-31",
        "symbol": "BMS",
        "reportedCurrency": "USD",
        "cik": "0000011199",
        "fillingDate": "2015-12-31",
        "acceptedDate": "2015-12-30 19:00:00",
        "calendarYear": "2015",
        "period": "Q4",
        "revenue": 982700000,
        "costOfRevenue": 769800000,
        "grossProfit": 212900000,
        "grossProfitRatio": 0.2166480106,
        "researchAndDevelopmentExpenses": 10300000,
        "generalAndAdministrativeExpenses": 0,
        "sellingAndMarketingExpenses": 0,
        "sellingGeneralAndAdministrativeExpenses": 107900000,
        "otherExpenses": -4700000,
        "operatingExpenses": 113500000,
        "costAndExpenses": 883300000,
        "interestIncome": 0,
        "interestExpense": 13200000,
        "depreciationAndAmortization": 40000000,
        "ebitda": 138400000,
        "ebitdaratio": 0.1408364709,
        "operatingIncome": 97200000,
        "operatingIncomeRatio": 0.0989111631,
        "totalOtherIncomeExpensesNet": -12000000,
        "incomeBeforeTax": 85200000,
        "incomeBeforeTaxRatio": 0.0866999084,
        "incomeTaxExpense": 28400000,
        "netIncome": 56800000,
        "netIncomeRatio": 0.0577999389,
        "eps": 0.59,
        "epsdiluted": 0.58,
        "weightedAverageShsOut": 95600000,
        "weightedAverageShsOutDil": 97100000,
        "link": "",
        "finalLink": ""
    },
    {
        "date": "2015-09-30",
        "symbol": "BMS",
        "reportedCurrency": "USD",
        "cik": "0000011199",
        "fillingDate": "2015-09-30",
        "acceptedDate": "2015-09-29 20:00:00",
        "calendarYear": "2015",
        "period": "Q3",
        "revenue": 1018300000,
        "costOfRevenue": 796500000,
        "grossProfit": 221800000,
        "grossProfitRatio": 0.2178140037,
        "researchAndDevelopmentExpenses": 11000000,
        "generalAndAdministrativeExpenses": 0,
        "sellingAndMarketingExpenses": 0,
        "sellingGeneralAndAdministrativeExpenses": 101800000,
        "otherExpenses": -1400000,
        "operatingExpenses": 111400000,
        "costAndExpenses": 907900000,
        "interestIncome": 0,
        "interestExpense": 12600000,
        "depreciationAndAmortization": 38000000,
        "ebitda": 144600000,
        "ebitdaratio": 0.1420013748,
        "operatingIncome": 105800000,
        "operatingIncomeRatio": 0.1038986546,
        "totalOtherIncomeExpensesNet": -11800000,
        "incomeBeforeTax": 94000000,
        "incomeBeforeTaxRatio": 0.0923107139,
        "incomeTaxExpense": 31500000,
        "netIncome": 62500000,
        "netIncomeRatio": 0.0613768045,
        "eps": 0.65,
        "epsdiluted": 0.64,
        "weightedAverageShsOut": 96400000,
        "weightedAverageShsOutDil": 97700000,
        "link": "",
        "finalLink": ""
    },
    {
        "date": "2015-06-30",
        "symbol": "BMS",
        "reportedCurrency": "USD",
        "cik": "0000011199",
        "fillingDate": "2015-06-30",
        "acceptedDate": "2015-06-29 20:00:00",
        "calendarYear": "2015",
        "period": "Q2",
        "revenue": 1030300000,
        "costOfRevenue": 809100000,
        "grossProfit": 221200000,
        "grossProfitRatio": 0.2146947491,
        "researchAndDevelopmentExpenses": 11500000,
        "generalAndAdministrativeExpenses": 300000,
        "sellingAndMarketingExpenses": 103600000,
        "sellingGeneralAndAdministrativeExpenses": 103900000,
        "otherExpenses": -3700000,
        "operatingExpenses": 111700000,
        "costAndExpenses": 920800000,
        "interestIncome": 0,
        "interestExpense": 12800000,
        "depreciationAndAmortization": 40400000,
        "ebitda": 151800000,
        "ebitdaratio": 0.1473357275,
        "operatingIncome": 109200000,
        "operatingIncomeRatio": 0.105988547,
        "totalOtherIncomeExpensesNet": -10600000,
        "incomeBeforeTax": 98600000,
        "incomeBeforeTaxRatio": 0.0957002815,
        "incomeTaxExpense": 33000000,
        "netIncome": 65600000,
        "netIncomeRatio": 0.0636707755,
        "eps": 0.68,
        "epsdiluted": 0.67,
        "weightedAverageShsOut": 96900000,
        "weightedAverageShsOutDil": 98100000,
        "link": "",
        "finalLink": ""
    },
    {
        "date": "2015-03-31",
        "symbol": "BMS",
        "reportedCurrency": "USD",
        "cik": "0000011199",
        "fillingDate": "2015-03-31",
        "acceptedDate": "2015-03-30 20:00:00",
        "calendarYear": "2015",
        "period": "Q1",
        "revenue": 1040100000,
        "costOfRevenue": 822600000,
        "grossProfit": 217500000,
        "grossProfitRatio": 0.2091145082,
        "researchAndDevelopmentExpenses": 11300000,
        "generalAndAdministrativeExpenses": 5000000,
        "sellingAndMarketingExpenses": 101400000,
        "sellingGeneralAndAdministrativeExpenses": 106400000,
        "otherExpenses": -2600000,
        "operatingExpenses": 115100000,
        "costAndExpenses": 937700000,
        "interestIncome": 0,
        "interestExpense": 13100000,
        "depreciationAndAmortization": 39700000,
        "ebitda": 136300000,
        "ebitdaratio": 0.1310450918,
        "operatingIncome": 97400000,
        "operatingIncomeRatio": 0.0936448418,
        "totalOtherIncomeExpensesNet": -11300000,
        "incomeBeforeTax": 86100000,
        "incomeBeforeTaxRatio": 0.0827805019,
        "incomeTaxExpense": 29100000,
        "netIncome": 54400000,
        "netIncomeRatio": 0.0523026632,
        "eps": 0.56,
        "epsdiluted": 0.55,
        "weightedAverageShsOut": 97700000,
        "weightedAverageShsOutDil": 98800000,
        "link": "",
        "finalLink": ""
    },
    {
        "date": "2014-12-31",
        "symbol": "BMS",
        "reportedCurrency": "USD",
        "cik": "0000011199",
        "fillingDate": "2014-12-31",
        "acceptedDate": "2014-12-30 19:00:00",
        "calendarYear": "2014",
        "period": "Q4",
        "revenue": 1052700000,
        "costOfRevenue": 844200000,
        "grossProfit": 208500000,
        "grossProfitRatio": 0.198062126,
        "researchAndDevelopmentExpenses": 10700000,
        "generalAndAdministrativeExpenses": 0,
        "sellingAndMarketingExpenses": 0,
        "sellingGeneralAndAdministrativeExpenses": 101000000,
        "otherExpenses": -1700000,
        "operatingExpenses": 110000000,
        "costAndExpenses": 954200000,
        "interestIncome": 0,
        "interestExpense": 12900000,
        "depreciationAndAmortization": 41600000,
        "ebitda": 143200000,
        "ebitdaratio": 0.136031158,
        "operatingIncome": 98500000,
        "operatingIncomeRatio": 0.093568918,
        "totalOtherIncomeExpensesNet": -11700000,
        "incomeBeforeTax": 86800000,
        "incomeBeforeTaxRatio": 0.0824546404,
        "incomeTaxExpense": 29600000,
        "netIncome": 59100000,
        "netIncomeRatio": 0.0561413508,
        "eps": 0.6,
        "epsdiluted": 0.59,
        "weightedAverageShsOut": 99100000,
        "weightedAverageShsOutDil": 100300000,
        "link": "",
        "finalLink": ""
    },
    {
        "date": "2014-09-30",
        "symbol": "BMS",
        "reportedCurrency": "USD",
        "cik": "0000011199",
        "fillingDate": "2014-09-30",
        "acceptedDate": "2014-09-29 20:00:00",
        "calendarYear": "2014",
        "period": "Q3",
        "revenue": 1098200000,
        "costOfRevenue": 877500000,
        "grossProfit": 220700000,
        "grossProfitRatio": 0.2009652158,
        "researchAndDevelopmentExpenses": 11200000,
        "generalAndAdministrativeExpenses": 0,
        "sellingAndMarketingExpenses": 0,
        "sellingGeneralAndAdministrativeExpenses": 104600000,
        "otherExpenses": -2400000,
        "operatingExpenses": 113400000,
        "costAndExpenses": 990900000,
        "interestIncome": 0,
        "interestExpense": 14000000,
        "depreciationAndAmortization": 44200000,
        "ebitda": 108200000,
        "ebitdaratio": 0.0985248589,
        "operatingIncome": 107300000,
        "operatingIncomeRatio": 0.097705336,
        "totalOtherIncomeExpensesNet": -12800000,
        "incomeBeforeTax": 94500000,
        "incomeBeforeTaxRatio": 0.0860498998,
        "incomeTaxExpense": 33000000,
        "netIncome": 17000000,
        "netIncomeRatio": 0.0154798762,
        "eps": 0.17,
        "epsdiluted": 0.17,
        "weightedAverageShsOut": 99900000,
        "weightedAverageShsOutDil": 100900000,
        "link": "",
        "finalLink": ""
    },
    {
        "date": "2014-06-30",
        "symbol": "BMS",
        "reportedCurrency": "USD",
        "cik": "0000011199",
        "fillingDate": "2014-06-30",
        "acceptedDate": "2014-06-29 20:00:00",
        "calendarYear": "2014",
        "period": "Q2",
        "revenue": 1241600000,
        "costOfRevenue": 995900000,
        "grossProfit": 245700000,
        "grossProfitRatio": 0.1978898196,
        "researchAndDevelopmentExpenses": 12600000,
        "generalAndAdministrativeExpenses": 0,
        "sellingAndMarketingExpenses": 0,
        "sellingGeneralAndAdministrativeExpenses": 119800000,
        "otherExpenses": -2500000,
        "operatingExpenses": 129900000,
        "costAndExpenses": 1125800000,
        "interestIncome": 0,
        "interestExpense": 17000000,
        "depreciationAndAmortization": 47200000,
        "ebitda": 164500000,
        "ebitdaratio": 0.1324903351,
        "operatingIncome": 115800000,
        "operatingIncomeRatio": 0.0932667526,
        "totalOtherIncomeExpensesNet": -15500000,
        "incomeBeforeTax": 100300000,
        "incomeBeforeTaxRatio": 0.0807828608,
        "incomeTaxExpense": 34500000,
        "netIncome": 65800000,
        "netIncomeRatio": 0.052996134,
        "eps": 0.66,
        "epsdiluted": 0.65,
        "weightedAverageShsOut": 100400000,
        "weightedAverageShsOutDil": 101400000,
        "link": "",
        "finalLink": ""
    },
    {
        "date": "2014-03-31",
        "symbol": "BMS",
        "reportedCurrency": "USD",
        "cik": "0000011199",
        "fillingDate": "2014-03-31",
        "acceptedDate": "2014-03-30 20:00:00",
        "calendarYear": "2014",
        "period": "Q1",
        "revenue": 1237800000,
        "costOfRevenue": 1023200000,
        "grossProfit": 214600000,
        "grossProfitRatio": 0.1733721118,
        "researchAndDevelopmentExpenses": 13100000,
        "generalAndAdministrativeExpenses": 0,
        "sellingAndMarketingExpenses": 0,
        "sellingGeneralAndAdministrativeExpenses": 122700000,
        "otherExpenses": -400000,
        "operatingExpenses": 135400000,
        "costAndExpenses": 1158600000,
        "interestIncome": 0,
        "interestExpense": 16900000,
        "depreciationAndAmortization": 47600000,
        "ebitda": 139400000,
        "ebitdaratio": 0.112619163,
        "operatingIncome": 79200000,
        "operatingIncomeRatio": 0.0639844886,
        "totalOtherIncomeExpensesNet": -4300000,
        "incomeBeforeTax": 74900000,
        "incomeBeforeTaxRatio": 0.0605105833,
        "incomeTaxExpense": 25700000,
        "netIncome": 49200000,
        "netIncomeRatio": 0.0397479399,
        "eps": 0.48,
        "epsdiluted": 0.48,
        "weightedAverageShsOut": 101500000,
        "weightedAverageShsOutDil": 102400000,
        "link": "",
        "finalLink": ""
    },
    {
        "date": "2013-12-31",
        "symbol": "BMS",
        "reportedCurrency": "USD",
        "cik": "0000011199",
        "fillingDate": "2013-12-31",
        "acceptedDate": "2013-12-30 19:00:00",
        "calendarYear": "2013",
        "period": "Q4",
        "revenue": 1219200000,
        "costOfRevenue": 988000000,
        "grossProfit": 231200000,
        "grossProfitRatio": 0.1896325459,
        "researchAndDevelopmentExpenses": 11200000,
        "generalAndAdministrativeExpenses": 0,
        "sellingAndMarketingExpenses": 0,
        "sellingGeneralAndAdministrativeExpenses": 119500000,
        "otherExpenses": -2100000,
        "operatingExpenses": 128600000,
        "costAndExpenses": 1116600000,
        "interestIncome": 0,
        "interestExpense": 17600000,
        "depreciationAndAmortization": 46800000,
        "ebitda": 150900000,
        "ebitdaratio": 0.123769685,
        "operatingIncome": 102600000,
        "operatingIncomeRatio": 0.0841535433,
        "totalOtherIncomeExpensesNet": -16100000,
        "incomeBeforeTax": 86500000,
        "incomeBeforeTaxRatio": 0.0709481627,
        "incomeTaxExpense": 30300000,
        "netIncome": 56200000,
        "netIncomeRatio": 0.0460958005,
        "eps": 0.55,
        "epsdiluted": 0.54,
        "weightedAverageShsOut": 102800000,
        "weightedAverageShsOutDil": 103700000,
        "link": "",
        "finalLink": ""
    },
    {
        "date": "2013-09-30",
        "symbol": "BMS",
        "reportedCurrency": "USD",
        "cik": "0000011199",
        "fillingDate": "2013-09-30",
        "acceptedDate": "2013-09-29 20:00:00",
        "calendarYear": "2013",
        "period": "Q3",
        "revenue": 1258500000,
        "costOfRevenue": 1011200000,
        "grossProfit": 247300000,
        "grossProfitRatio": 0.1965037743,
        "researchAndDevelopmentExpenses": 11800000,
        "generalAndAdministrativeExpenses": 0,
        "sellingAndMarketingExpenses": 0,
        "sellingGeneralAndAdministrativeExpenses": 127100000,
        "otherExpenses": 12800000,
        "operatingExpenses": 151700000,
        "costAndExpenses": 1162900000,
        "interestIncome": 0,
        "interestExpense": 17000000,
        "depreciationAndAmortization": 46500000,
        "ebitda": 145400000,
        "ebitdaratio": 0.1155343663,
        "operatingIncome": 95600000,
        "operatingIncomeRatio": 0.0759634485,
        "totalOtherIncomeExpensesNet": -13700000,
        "incomeBeforeTax": 81900000,
        "incomeBeforeTaxRatio": 0.0650774732,
        "incomeTaxExpense": 27900000,
        "netIncome": 54000000,
        "netIncomeRatio": 0.0429082241,
        "eps": 0.52,
        "epsdiluted": 0.52,
        "weightedAverageShsOut": 103000000,
        "weightedAverageShsOutDil": 104000000,
        "link": "",
        "finalLink": ""
    },
    {
        "date": "2013-06-30",
        "symbol": "BMS",
        "reportedCurrency": "USD",
        "cik": "0000011199",
        "fillingDate": "2013-06-30",
        "acceptedDate": "2013-06-29 20:00:00",
        "calendarYear": "2013",
        "period": "Q2",
        "revenue": 1297100000,
        "costOfRevenue": 1045300000,
        "grossProfit": 251800000,
        "grossProfitRatio": 0.1941253566,
        "researchAndDevelopmentExpenses": 11700000,
        "generalAndAdministrativeExpenses": 0,
        "sellingAndMarketingExpenses": 0,
        "sellingGeneralAndAdministrativeExpenses": 132100000,
        "otherExpenses": 17700000,
        "operatingExpenses": 161500000,
        "costAndExpenses": 1206800000,
        "interestIncome": 0,
        "interestExpense": 17000000,
        "depreciationAndAmortization": 47800000,
        "ebitda": 145300000,
        "ebitdaratio": 0.1120191196,
        "operatingIncome": 90300000,
        "operatingIncomeRatio": 0.0696168376,
        "totalOtherIncomeExpensesNet": -9800000,
        "incomeBeforeTax": 80500000,
        "incomeBeforeTaxRatio": 0.0620615219,
        "incomeTaxExpense": 27400000,
        "netIncome": 53100000,
        "netIncomeRatio": 0.0409374759,
        "eps": 0.52,
        "epsdiluted": 0.51,
        "weightedAverageShsOut": 103000000,
        "weightedAverageShsOutDil": 104000000,
        "link": "",
        "finalLink": ""
    },
    {
        "date": "2013-03-31",
        "symbol": "BMS",
        "reportedCurrency": "USD",
        "cik": "0000011199",
        "fillingDate": "2013-03-31",
        "acceptedDate": "2013-03-30 20:00:00",
        "calendarYear": "2013",
        "period": "Q1",
        "revenue": 1255000000,
        "costOfRevenue": 1013200000,
        "grossProfit": 241800000,
        "grossProfitRatio": 0.1926693227,
        "researchAndDevelopmentExpenses": 11300000,
        "generalAndAdministrativeExpenses": 0,
        "sellingAndMarketingExpenses": 0,
        "sellingGeneralAndAdministrativeExpenses": 130600000,
        "otherExpenses": 7800000,
        "operatingExpenses": 149700000,
        "costAndExpenses": 1162900000,
        "interestIncome": 0,
        "interestExpense": 16600000,
        "depreciationAndAmortization": 49200000,
        "ebitda": 137200000,
        "ebitdaratio": 0.1093227092,
        "operatingIncome": 92100000,
        "operatingIncomeRatio": 0.0733864542,
        "totalOtherIncomeExpensesNet": -20700000,
        "incomeBeforeTax": 71400000,
        "incomeBeforeTaxRatio": 0.0568924303,
        "incomeTaxExpense": 22100000,
        "netIncome": 49300000,
        "netIncomeRatio": 0.0392828685,
        "eps": 0.48,
        "epsdiluted": 0.47,
        "weightedAverageShsOut": 103300000,
        "weightedAverageShsOutDil": 104400000,
        "link": "",
        "finalLink": ""
    },
    {
        "date": "2012-12-31",
        "symbol": "BMS",
        "reportedCurrency": "USD",
        "cik": "0000011199",
        "fillingDate": "2012-12-31",
        "acceptedDate": "2012-12-30 19:00:00",
        "calendarYear": "2012",
        "period": "Q4",
        "revenue": 1233900000,
        "costOfRevenue": 997800000,
        "grossProfit": 236100000,
        "grossProfitRatio": 0.1913445174,
        "researchAndDevelopmentExpenses": 10100000,
        "generalAndAdministrativeExpenses": 0,
        "sellingAndMarketingExpenses": 0,
        "sellingGeneralAndAdministrativeExpenses": 125100000,
        "otherExpenses": 16600000,
        "operatingExpenses": 151800000,
        "costAndExpenses": 1149600000,
        "interestIncome": 0,
        "interestExpense": 16100000,
        "depreciationAndAmortization": 47100000,
        "ebitda": 133200000,
        "ebitdaratio": 0.1079504012,
        "operatingIncome": 84300000,
        "operatingIncomeRatio": 0.0683199611,
        "totalOtherIncomeExpensesNet": -14300000,
        "incomeBeforeTax": 70000000,
        "incomeBeforeTaxRatio": 0.0567306913,
        "incomeTaxExpense": 29900000,
        "netIncome": 40100000,
        "netIncomeRatio": 0.0324985817,
        "eps": 0.38,
        "epsdiluted": 0.38,
        "weightedAverageShsOut": 104200000,
        "weightedAverageShsOutDil": 105000000,
        "link": "",
        "finalLink": ""
    },
    {
        "date": "2012-09-30",
        "symbol": "BMS",
        "reportedCurrency": "USD",
        "cik": "0000011199",
        "fillingDate": "2012-09-30",
        "acceptedDate": "2012-09-29 20:00:00",
        "calendarYear": "2012",
        "period": "Q3",
        "revenue": 1287800000,
        "costOfRevenue": 1040700000,
        "grossProfit": 247100000,
        "grossProfitRatio": 0.1918776207,
        "researchAndDevelopmentExpenses": 10200000,
        "generalAndAdministrativeExpenses": 21400000,
        "sellingAndMarketingExpenses": 128400000,
        "sellingGeneralAndAdministrativeExpenses": 149800000,
        "otherExpenses": -2800000,
        "operatingExpenses": 157200000,
        "costAndExpenses": 1197900000,
        "interestIncome": 0,
        "interestExpense": 19800000,
        "depreciationAndAmortization": 50200000,
        "ebitda": 144200000,
        "ebitdaratio": 0.111973909,
        "operatingIncome": 89900000,
        "operatingIncomeRatio": 0.0698089765,
        "totalOtherIncomeExpensesNet": -15700000,
        "incomeBeforeTax": 74200000,
        "incomeBeforeTaxRatio": 0.0576176425,
        "incomeTaxExpense": 26800000,
        "netIncome": 47400000,
        "netIncomeRatio": 0.0368069576,
        "eps": 0.45,
        "epsdiluted": 0.45,
        "weightedAverageShsOut": 104200000,
        "weightedAverageShsOutDil": 104900000,
        "link": "",
        "finalLink": ""
    },
    {
        "date": "2012-06-30",
        "symbol": "BMS",
        "reportedCurrency": "USD",
        "cik": "0000011199",
        "fillingDate": "2012-06-30",
        "acceptedDate": "2012-06-29 20:00:00",
        "calendarYear": "2012",
        "period": "Q2",
        "revenue": 1312700000,
        "costOfRevenue": 1079400000,
        "grossProfit": 233300000,
        "grossProfitRatio": 0.177725299,
        "researchAndDevelopmentExpenses": 10400000,
        "generalAndAdministrativeExpenses": 19700000,
        "sellingAndMarketingExpenses": 124000000,
        "sellingGeneralAndAdministrativeExpenses": 143700000,
        "otherExpenses": -3600000,
        "operatingExpenses": 150500000,
        "costAndExpenses": 1229900000,
        "interestIncome": 0,
        "interestExpense": 17300000,
        "depreciationAndAmortization": 52022000,
        "ebitda": 135822000,
        "ebitdaratio": 0.1034676621,
        "operatingIncome": 82800000,
        "operatingIncomeRatio": 0.0630761027,
        "totalOtherIncomeExpensesNet": -16300000,
        "incomeBeforeTax": 66500000,
        "incomeBeforeTaxRatio": 0.0506589472,
        "incomeTaxExpense": 24200000,
        "netIncome": 42300000,
        "netIncomeRatio": 0.0322236612,
        "eps": 0.41,
        "epsdiluted": 0.4,
        "weightedAverageShsOut": 104300000,
        "weightedAverageShsOutDil": 105100000,
        "link": "",
        "finalLink": ""
    },
    {
        "date": "2012-03-31",
        "symbol": "BMS",
        "reportedCurrency": "USD",
        "cik": "0000011199",
        "fillingDate": "2012-03-31",
        "acceptedDate": "2012-03-30 20:00:00",
        "calendarYear": "2012",
        "period": "Q1",
        "revenue": 1304822000,
        "costOfRevenue": 1073847000,
        "grossProfit": 230975000,
        "grossProfitRatio": 0.1770164819,
        "researchAndDevelopmentExpenses": 10903000,
        "generalAndAdministrativeExpenses": 8348000,
        "sellingAndMarketingExpenses": 129246000,
        "sellingGeneralAndAdministrativeExpenses": 137594000,
        "otherExpenses": -6035000,
        "operatingExpenses": 142462000,
        "costAndExpenses": 1216309000,
        "interestIncome": 0,
        "interestExpense": 20456000,
        "depreciationAndAmortization": 54978000,
        "ebitda": 143304000,
        "ebitdaratio": 0.1098264744,
        "operatingIncome": 88513000,
        "operatingIncomeRatio": 0.0678353063,
        "totalOtherIncomeExpensesNet": -20643000,
        "incomeBeforeTax": 67870000,
        "incomeBeforeTaxRatio": 0.0520147576,
        "incomeTaxExpense": 23900000,
        "netIncome": 43970000,
        "netIncomeRatio": 0.033698083,
        "eps": 0.42,
        "epsdiluted": 0.42,
        "weightedAverageShsOut": 104352000,
        "weightedAverageShsOutDil": 104982000,
        "link": "",
        "finalLink": ""
    },
    {
        "date": "2011-12-31",
        "symbol": "BMS",
        "reportedCurrency": "USD",
        "cik": "0000011199",
        "fillingDate": "2011-12-31",
        "acceptedDate": "2011-12-30 19:00:00",
        "calendarYear": "2011",
        "period": "Q4",
        "revenue": 1270147000,
        "costOfRevenue": 1051440000,
        "grossProfit": 218707000,
        "grossProfitRatio": 0.1721903055,
        "researchAndDevelopmentExpenses": 10535000,
        "generalAndAdministrativeExpenses": 0,
        "sellingAndMarketingExpenses": 0,
        "sellingGeneralAndAdministrativeExpenses": 118830000,
        "otherExpenses": 13921000,
        "operatingExpenses": 143286000,
        "costAndExpenses": 1194726000,
        "interestIncome": 0,
        "interestExpense": 21964000,
        "depreciationAndAmortization": 53648000,
        "ebitda": 109972000,
        "ebitdaratio": 0.0865821043,
        "operatingIncome": 54720000,
        "operatingIncomeRatio": 0.0430816276,
        "totalOtherIncomeExpensesNet": -20360000,
        "incomeBeforeTax": 34360000,
        "incomeBeforeTaxRatio": 0.0270519869,
        "incomeTaxExpense": 11600000,
        "netIncome": 22760000,
        "netIncomeRatio": 0.0179191857,
        "eps": 0.22,
        "epsdiluted": 0.22,
        "weightedAverageShsOut": 104352000,
        "weightedAverageShsOutDil": 104982000,
        "link": "",
        "finalLink": ""
    },
    {
        "date": "2011-09-30",
        "symbol": "BMS",
        "reportedCurrency": "USD",
        "cik": "0000011199",
        "fillingDate": "2011-09-30",
        "acceptedDate": "2011-09-29 20:00:00",
        "calendarYear": "2011",
        "period": "Q3",
        "revenue": 1357875000,
        "costOfRevenue": 1134223000,
        "grossProfit": 223652000,
        "grossProfitRatio": 0.1647073552,
        "researchAndDevelopmentExpenses": 10643000,
        "generalAndAdministrativeExpenses": 0,
        "sellingAndMarketingExpenses": 0,
        "sellingGeneralAndAdministrativeExpenses": 111629000,
        "otherExpenses": -2803000,
        "operatingExpenses": 119469000,
        "costAndExpenses": 1253692000,
        "interestIncome": 0,
        "interestExpense": 18399000,
        "depreciationAndAmortization": 54579000,
        "ebitda": 159837000,
        "ebitdaratio": 0.1177111295,
        "operatingIncome": 104183000,
        "operatingIncomeRatio": 0.0767250299,
        "totalOtherIncomeExpensesNet": -16976000,
        "incomeBeforeTax": 87207000,
        "incomeBeforeTaxRatio": 0.0642231428,
        "incomeTaxExpense": 31000000,
        "netIncome": 55859000,
        "netIncomeRatio": 0.0411370708,
        "eps": 0.53,
        "epsdiluted": 0.53,
        "weightedAverageShsOut": 104842000,
        "weightedAverageShsOutDil": 105319000,
        "link": "",
        "finalLink": ""
    },
    {
        "date": "2011-06-30",
        "symbol": "BMS",
        "reportedCurrency": "USD",
        "cik": "0000011199",
        "fillingDate": "2011-06-30",
        "acceptedDate": "2011-06-29 20:00:00",
        "calendarYear": "2011",
        "period": "Q2",
        "revenue": 1370220000,
        "costOfRevenue": 1136244000,
        "grossProfit": 233976000,
        "grossProfitRatio": 0.1707579805,
        "researchAndDevelopmentExpenses": 9986000,
        "generalAndAdministrativeExpenses": 0,
        "sellingAndMarketingExpenses": 0,
        "sellingGeneralAndAdministrativeExpenses": 122723000,
        "otherExpenses": -4057000,
        "operatingExpenses": 128652000,
        "costAndExpenses": 1264896000,
        "interestIncome": 0,
        "interestExpense": 18110000,
        "depreciationAndAmortization": 56504000,
        "ebitda": 160866000,
        "ebitdaratio": 0.1174015851,
        "operatingIncome": 105324000,
        "operatingIncomeRatio": 0.0768664886,
        "totalOtherIncomeExpensesNet": -17764000,
        "incomeBeforeTax": 87560000,
        "incomeBeforeTaxRatio": 0.0639021471,
        "incomeTaxExpense": 32000000,
        "netIncome": 54252000,
        "netIncomeRatio": 0.0395936419,
        "eps": 0.51,
        "epsdiluted": 0.51,
        "weightedAverageShsOut": 106742000,
        "weightedAverageShsOutDil": 107150000,
        "link": "",
        "finalLink": ""
    },
    {
        "date": "2011-03-31",
        "symbol": "BMS",
        "reportedCurrency": "USD",
        "cik": "0000011199",
        "fillingDate": "2011-03-31",
        "acceptedDate": "2011-03-30 20:00:00",
        "calendarYear": "2011",
        "period": "Q1",
        "revenue": 1324428000,
        "costOfRevenue": 1094575000,
        "grossProfit": 229853000,
        "grossProfitRatio": 0.173548883,
        "researchAndDevelopmentExpenses": 7587000,
        "generalAndAdministrativeExpenses": 0,
        "sellingAndMarketingExpenses": 0,
        "sellingGeneralAndAdministrativeExpenses": 126175000,
        "otherExpenses": -7061000,
        "operatingExpenses": 126701000,
        "costAndExpenses": 1221276000,
        "interestIncome": 0,
        "interestExpense": 18336000,
        "depreciationAndAmortization": 55593000,
        "ebitda": 155439000,
        "ebitdaratio": 0.1173631183,
        "operatingIncome": 103152000,
        "operatingIncomeRatio": 0.0778841885,
        "totalOtherIncomeExpensesNet": -20056000,
        "incomeBeforeTax": 83096000,
        "incomeBeforeTaxRatio": 0.0627410475,
        "incomeTaxExpense": 30300000,
        "netIncome": 51210000,
        "netIncomeRatio": 0.0386657485,
        "eps": 0.47,
        "epsdiluted": 0.47,
        "weightedAverageShsOut": 108957447,
        "weightedAverageShsOutDil": 108957447,
        "link": "",
        "finalLink": ""
    },
    {
        "date": "2010-12-31",
        "symbol": "BMS",
        "reportedCurrency": "USD",
        "cik": "0000011199",
        "fillingDate": "2010-12-31",
        "acceptedDate": "2010-12-30 19:00:00",
        "calendarYear": "2010",
        "period": "Q4",
        "revenue": 1248757000,
        "costOfRevenue": 1017630000,
        "grossProfit": 231127000,
        "grossProfitRatio": 0.1850856492,
        "researchAndDevelopmentExpenses": 9492000,
        "generalAndAdministrativeExpenses": 0,
        "sellingAndMarketingExpenses": 0,
        "sellingGeneralAndAdministrativeExpenses": 121670000,
        "otherExpenses": -3251000,
        "operatingExpenses": 127911000,
        "costAndExpenses": 1145541000,
        "interestIncome": 0,
        "interestExpense": 18466000,
        "depreciationAndAmortization": 53490000,
        "ebitda": 155626000,
        "ebitdaratio": 0.1246247268,
        "operatingIncome": 103216000,
        "operatingIncomeRatio": 0.0826549921,
        "totalOtherIncomeExpensesNet": -18144000,
        "incomeBeforeTax": 85072000,
        "incomeBeforeTaxRatio": 0.0681253438,
        "incomeTaxExpense": 30400000,
        "netIncome": 53270000,
        "netIncomeRatio": 0.0426584195,
        "eps": 0.49,
        "epsdiluted": 0.49,
        "weightedAverageShsOut": 108957447,
        "weightedAverageShsOutDil": 108957447,
        "link": "",
        "finalLink": ""
    },
    {
        "date": "2010-09-30",
        "symbol": "BMS",
        "reportedCurrency": "USD",
        "cik": "0000011199",
        "fillingDate": "2010-09-30",
        "acceptedDate": "2010-09-29 20:00:00",
        "calendarYear": "2010",
        "period": "Q3",
        "revenue": 1294341000,
        "costOfRevenue": 1052084000,
        "grossProfit": 242257000,
        "grossProfitRatio": 0.1871662877,
        "researchAndDevelopmentExpenses": 10496000,
        "generalAndAdministrativeExpenses": 0,
        "sellingAndMarketingExpenses": 0,
        "sellingGeneralAndAdministrativeExpenses": 114040000,
        "otherExpenses": 0,
        "operatingExpenses": 124536000,
        "costAndExpenses": 1176620000,
        "interestIncome": 0,
        "interestExpense": 18345000,
        "depreciationAndAmortization": 54393000,
        "ebitda": 169957000,
        "ebitdaratio": 0.1313077466,
        "operatingIncome": 117721000,
        "operatingIncomeRatio": 0.09095053,
        "totalOtherIncomeExpensesNet": -18320000,
        "incomeBeforeTax": 99401000,
        "incomeBeforeTaxRatio": 0.0767966092,
        "incomeTaxExpense": 35800000,
        "netIncome": 61419000,
        "netIncomeRatio": 0.0474519466,
        "eps": 0.55,
        "epsdiluted": 0.55,
        "weightedAverageShsOut": 111670909,
        "weightedAverageShsOutDil": 111670909,
        "link": "",
        "finalLink": ""
    },
    {
        "date": "2010-06-30",
        "symbol": "BMS",
        "reportedCurrency": "USD",
        "cik": "0000011199",
        "fillingDate": "2010-06-30",
        "acceptedDate": "2010-06-29 20:00:00",
        "calendarYear": "2010",
        "period": "Q2",
        "revenue": 1270215000,
        "costOfRevenue": 1039896000,
        "grossProfit": 230319000,
        "grossProfitRatio": 0.1813228469,
        "researchAndDevelopmentExpenses": 8725000,
        "generalAndAdministrativeExpenses": 0,
        "sellingAndMarketingExpenses": 0,
        "sellingGeneralAndAdministrativeExpenses": 112060000,
        "otherExpenses": -2805000,
        "operatingExpenses": 117980000,
        "costAndExpenses": 1157876000,
        "interestIncome": 0,
        "interestExpense": 18540000,
        "depreciationAndAmortization": 59067000,
        "ebitda": 171429000,
        "ebitdaratio": 0.1349606169,
        "operatingIncome": 112339000,
        "operatingIncomeRatio": 0.0884409332,
        "totalOtherIncomeExpensesNet": -18540000,
        "incomeBeforeTax": 93799000,
        "incomeBeforeTaxRatio": 0.073844979,
        "incomeTaxExpense": 33800000,
        "netIncome": 60022000,
        "netIncomeRatio": 0.0472534177,
        "eps": 0.54,
        "epsdiluted": 0.54,
        "weightedAverageShsOut": 111151852,
        "weightedAverageShsOutDil": 111151852,
        "link": "",
        "finalLink": ""
    },
    {
        "date": "2010-03-31",
        "symbol": "BMS",
        "reportedCurrency": "USD",
        "cik": "0000011199",
        "fillingDate": "2010-03-31",
        "acceptedDate": "2010-03-30 20:00:00",
        "calendarYear": "2010",
        "period": "Q1",
        "revenue": 1021729000,
        "costOfRevenue": 835888000,
        "grossProfit": 185841000,
        "grossProfitRatio": 0.1818887396,
        "researchAndDevelopmentExpenses": 5625000,
        "generalAndAdministrativeExpenses": 0,
        "sellingAndMarketingExpenses": 0,
        "sellingGeneralAndAdministrativeExpenses": 106987000,
        "otherExpenses": 8436000,
        "operatingExpenses": 121048000,
        "costAndExpenses": 956936000,
        "interestIncome": 0,
        "interestExpense": 18137000,
        "depreciationAndAmortization": 42717000,
        "ebitda": 109537000,
        "ebitdaratio": 0.1072074885,
        "operatingIncome": 64793000,
        "operatingIncomeRatio": 0.0634150543,
        "totalOtherIncomeExpensesNet": -15098000,
        "incomeBeforeTax": 49695000,
        "incomeBeforeTaxRatio": 0.0486381418,
        "incomeTaxExpense": 17900000,
        "netIncome": 30783000,
        "netIncomeRatio": 0.0301283413,
        "eps": 0.28,
        "epsdiluted": 0.28,
        "weightedAverageShsOut": 109939286,
        "weightedAverageShsOutDil": 109939286,
        "link": "",
        "finalLink": ""
    },
    {
        "date": "2009-12-31",
        "symbol": "BMS",
        "reportedCurrency": "USD",
        "cik": "0000011199",
        "fillingDate": "2009-12-31",
        "acceptedDate": "2009-12-30 19:00:00",
        "calendarYear": "2009",
        "period": "Q4",
        "revenue": 905884000,
        "costOfRevenue": 728237000,
        "grossProfit": 177647000,
        "grossProfitRatio": 0.1961034746,
        "researchAndDevelopmentExpenses": 5930000,
        "generalAndAdministrativeExpenses": 0,
        "sellingAndMarketingExpenses": 0,
        "sellingGeneralAndAdministrativeExpenses": 97639000,
        "otherExpenses": 0,
        "operatingExpenses": 103569000,
        "costAndExpenses": 831806000,
        "interestIncome": 0,
        "interestExpense": 16773000,
        "depreciationAndAmortization": 40898000,
        "ebitda": 100021000,
        "ebitdaratio": 0.1104125915,
        "operatingIncome": 74078000,
        "operatingIncomeRatio": 0.0817742669,
        "totalOtherIncomeExpensesNet": -30849000,
        "incomeBeforeTax": 43229000,
        "incomeBeforeTaxRatio": 0.0477202379,
        "incomeTaxExpense": 16200000,
        "netIncome": 26150000,
        "netIncomeRatio": 0.0288668306,
        "eps": 0.24,
        "epsdiluted": 0.24,
        "weightedAverageShsOut": 109939286,
        "weightedAverageShsOutDil": 109939286,
        "link": "",
        "finalLink": ""
    },
    {
        "date": "2009-09-30",
        "symbol": "BMS",
        "reportedCurrency": "USD",
        "cik": "0000011199",
        "fillingDate": "2009-09-30",
        "acceptedDate": "2009-09-29 20:00:00",
        "calendarYear": "2009",
        "period": "Q3",
        "revenue": 898930000,
        "costOfRevenue": 718814000,
        "grossProfit": 180116000,
        "grossProfitRatio": 0.2003671031,
        "researchAndDevelopmentExpenses": 5837000,
        "generalAndAdministrativeExpenses": 0,
        "sellingAndMarketingExpenses": 0,
        "sellingGeneralAndAdministrativeExpenses": 95814000,
        "otherExpenses": 5134000,
        "operatingExpenses": 106785000,
        "costAndExpenses": 825599000,
        "interestIncome": 0,
        "interestExpense": 13395000,
        "depreciationAndAmortization": 40236000,
        "ebitda": 110971000,
        "ebitdaratio": 0.1234478769,
        "operatingIncome": 73331000,
        "operatingIncomeRatio": 0.0815758735,
        "totalOtherIncomeExpensesNet": -13395000,
        "incomeBeforeTax": 59936000,
        "incomeBeforeTaxRatio": 0.0666748245,
        "incomeTaxExpense": 21500000,
        "netIncome": 35840000,
        "netIncomeRatio": 0.0398696228,
        "eps": 0.33,
        "epsdiluted": 0.33,
        "weightedAverageShsOut": 108606061,
        "weightedAverageShsOutDil": 108606061,
        "link": "",
        "finalLink": ""
    },
    {
        "date": "2009-06-30",
        "symbol": "BMS",
        "reportedCurrency": "USD",
        "cik": "0000011199",
        "fillingDate": "2009-06-30",
        "acceptedDate": "2009-06-29 20:00:00",
        "calendarYear": "2009",
        "period": "Q2",
        "revenue": 866379000,
        "costOfRevenue": 688000000,
        "grossProfit": 178379000,
        "grossProfitRatio": 0.2058902628,
        "researchAndDevelopmentExpenses": 6533000,
        "generalAndAdministrativeExpenses": 0,
        "sellingAndMarketingExpenses": 0,
        "sellingGeneralAndAdministrativeExpenses": 88718000,
        "otherExpenses": 0,
        "operatingExpenses": 95251000,
        "costAndExpenses": 783251000,
        "interestIncome": 0,
        "interestExpense": 5861000,
        "depreciationAndAmortization": 39775000,
        "ebitda": 124133000,
        "ebitdaratio": 0.1432779419,
        "operatingIncome": 83128000,
        "operatingIncomeRatio": 0.0959487707,
        "totalOtherIncomeExpensesNet": -4631000,
        "incomeBeforeTax": 78497000,
        "incomeBeforeTaxRatio": 0.0906035349,
        "incomeTaxExpense": 28800000,
        "netIncome": 49697000,
        "netIncomeRatio": 0.057361732,
        "eps": 0.48,
        "epsdiluted": 0.48,
        "weightedAverageShsOut": 103236170,
        "weightedAverageShsOutDil": 103236170,
        "link": "",
        "finalLink": ""
    },
    {
        "date": "2009-03-31",
        "symbol": "BMS",
        "reportedCurrency": "USD",
        "cik": "0000011199",
        "fillingDate": "2009-03-31",
        "acceptedDate": "2009-03-30 20:00:00",
        "calendarYear": "2009",
        "period": "Q1",
        "revenue": 843393000,
        "costOfRevenue": 679361000,
        "grossProfit": 164032000,
        "grossProfitRatio": 0.1944905874,
        "researchAndDevelopmentExpenses": 6042000,
        "generalAndAdministrativeExpenses": 0,
        "sellingAndMarketingExpenses": 0,
        "sellingGeneralAndAdministrativeExpenses": 88755000,
        "otherExpenses": 0,
        "operatingExpenses": 94797000,
        "costAndExpenses": 774158000,
        "interestIncome": 0,
        "interestExpense": 6023000,
        "depreciationAndAmortization": 38365000,
        "ebitda": 102398000,
        "ebitdaratio": 0.1214119633,
        "operatingIncome": 69235000,
        "operatingIncomeRatio": 0.0820910299,
        "totalOtherIncomeExpensesNet": -10587000,
        "incomeBeforeTax": 58648000,
        "incomeBeforeTaxRatio": 0.0695381631,
        "incomeTaxExpense": 21300000,
        "netIncome": 36710000,
        "netIncomeRatio": 0.0435265647,
        "eps": 0.37,
        "epsdiluted": 0.37,
        "weightedAverageShsOut": 99867000,
        "weightedAverageShsOutDil": 99976000,
        "link": "",
        "finalLink": ""
    },
    {
        "date": "2008-12-31",
        "symbol": "BMS",
        "reportedCurrency": "USD",
        "cik": "0000011199",
        "fillingDate": "2008-12-31",
        "acceptedDate": "2008-12-30 19:00:00",
        "calendarYear": "2008",
        "period": "Q4",
        "revenue": 867874000,
        "costOfRevenue": 721273000,
        "grossProfit": 146601000,
        "grossProfitRatio": 0.1689196819,
        "researchAndDevelopmentExpenses": 6023000,
        "generalAndAdministrativeExpenses": 0,
        "sellingAndMarketingExpenses": 0,
        "sellingGeneralAndAdministrativeExpenses": 79976000,
        "otherExpenses": 0,
        "operatingExpenses": 85999000,
        "costAndExpenses": 807272000,
        "interestIncome": 0,
        "interestExpense": 9037000,
        "depreciationAndAmortization": 37528000,
        "ebitda": 98270000,
        "ebitdaratio": 0.1132307224,
        "operatingIncome": 60602000,
        "operatingIncomeRatio": 0.0698281087,
        "totalOtherIncomeExpensesNet": -8897000,
        "incomeBeforeTax": 51705000,
        "incomeBeforeTaxRatio": 0.0595766206,
        "incomeTaxExpense": 18500000,
        "netIncome": 33205000,
        "netIncomeRatio": 0.0382601622,
        "eps": 0.33,
        "epsdiluted": 0.33,
        "weightedAverageShsOut": 99867000,
        "weightedAverageShsOutDil": 99976000,
        "link": "",
        "finalLink": ""
    },
    {
        "date": "2008-09-30",
        "symbol": "BMS",
        "reportedCurrency": "USD",
        "cik": "0000011199",
        "fillingDate": "2008-09-30",
        "acceptedDate": "2008-09-29 20:00:00",
        "calendarYear": "2008",
        "period": "Q3",
        "revenue": 984258000,
        "costOfRevenue": 818333000,
        "grossProfit": 165925000,
        "grossProfitRatio": 0.1685787669,
        "researchAndDevelopmentExpenses": 6222000,
        "generalAndAdministrativeExpenses": 0,
        "sellingAndMarketingExpenses": 0,
        "sellingGeneralAndAdministrativeExpenses": 85782000,
        "otherExpenses": 0,
        "operatingExpenses": 92004000,
        "costAndExpenses": 910337000,
        "interestIncome": 0,
        "interestExpense": 10242000,
        "depreciationAndAmortization": 40724000,
        "ebitda": 120729000,
        "ebitdaratio": 0.1226599123,
        "operatingIncome": 73921000,
        "operatingIncomeRatio": 0.0751032758,
        "totalOtherIncomeExpensesNet": -4158000,
        "incomeBeforeTax": 69763000,
        "incomeBeforeTaxRatio": 0.0708787737,
        "incomeTaxExpense": 25500000,
        "netIncome": 44263000,
        "netIncomeRatio": 0.0449709324,
        "eps": 0.44,
        "epsdiluted": 0.44,
        "weightedAverageShsOut": 99664000,
        "weightedAverageShsOutDil": 101015000,
        "link": "",
        "finalLink": ""
    },
    {
        "date": "2008-06-30",
        "symbol": "BMS",
        "reportedCurrency": "USD",
        "cik": "0000011199",
        "fillingDate": "2008-06-30",
        "acceptedDate": "2008-06-29 20:00:00",
        "calendarYear": "2008",
        "period": "Q2",
        "revenue": 979959000,
        "costOfRevenue": 807422000,
        "grossProfit": 172537000,
        "grossProfitRatio": 0.1760655293,
        "researchAndDevelopmentExpenses": 6937000,
        "generalAndAdministrativeExpenses": 0,
        "sellingAndMarketingExpenses": 0,
        "sellingGeneralAndAdministrativeExpenses": 88235000,
        "otherExpenses": 0,
        "operatingExpenses": 95172000,
        "costAndExpenses": 902594000,
        "interestIncome": 0,
        "interestExpense": 11105000,
        "depreciationAndAmortization": 41914000,
        "ebitda": 126932000,
        "ebitdaratio": 0.129527868,
        "operatingIncome": 77365000,
        "operatingIncomeRatio": 0.0789471804,
        "totalOtherIncomeExpensesNet": -3452000,
        "incomeBeforeTax": 73913000,
        "incomeBeforeTaxRatio": 0.0754245841,
        "incomeTaxExpense": 27500000,
        "netIncome": 46413000,
        "netIncomeRatio": 0.0473621856,
        "eps": 0.47,
        "epsdiluted": 0.46,
        "weightedAverageShsOut": 99643000,
        "weightedAverageShsOutDil": 100829000,
        "link": "",
        "finalLink": ""
    },
    {
        "date": "2008-03-31",
        "symbol": "BMS",
        "reportedCurrency": "USD",
        "cik": "0000011199",
        "fillingDate": "2008-03-31",
        "acceptedDate": "2008-03-30 20:00:00",
        "calendarYear": "2008",
        "period": "Q1",
        "revenue": 947282000,
        "costOfRevenue": 784313000,
        "grossProfit": 162969000,
        "grossProfitRatio": 0.1720385271,
        "researchAndDevelopmentExpenses": 5828000,
        "generalAndAdministrativeExpenses": 0,
        "sellingAndMarketingExpenses": 0,
        "sellingGeneralAndAdministrativeExpenses": 88744000,
        "otherExpenses": 0,
        "operatingExpenses": 94572000,
        "costAndExpenses": 878885000,
        "interestIncome": 0,
        "interestExpense": 9029000,
        "depreciationAndAmortization": 41838000,
        "ebitda": 118000000,
        "ebitdaratio": 0.1245669188,
        "operatingIncome": 68397000,
        "operatingIncomeRatio": 0.0722034199,
        "totalOtherIncomeExpensesNet": -1264000,
        "incomeBeforeTax": 67133000,
        "incomeBeforeTaxRatio": 0.0708690759,
        "incomeTaxExpense": 24800000,
        "netIncome": 42333000,
        "netIncomeRatio": 0.04468891,
        "eps": 0.42,
        "epsdiluted": 0.42,
        "weightedAverageShsOut": 100117000,
        "weightedAverageShsOutDil": 100919000,
        "link": "",
        "finalLink": ""
    },
    {
        "date": "2007-12-31",
        "symbol": "BMS",
        "reportedCurrency": "USD",
        "cik": "0000011199",
        "fillingDate": "2007-12-31",
        "acceptedDate": "2007-12-30 19:00:00",
        "calendarYear": "2007",
        "period": "Q4",
        "revenue": 912672000,
        "costOfRevenue": 751696000,
        "grossProfit": 160976000,
        "grossProfitRatio": 0.1763788086,
        "researchAndDevelopmentExpenses": 6782000,
        "generalAndAdministrativeExpenses": 0,
        "sellingAndMarketingExpenses": 0,
        "sellingGeneralAndAdministrativeExpenses": 85541000,
        "otherExpenses": 0,
        "operatingExpenses": 92323000,
        "costAndExpenses": 844019000,
        "interestIncome": 0,
        "interestExpense": 12020000,
        "depreciationAndAmortization": 39286000,
        "ebitda": 115939000,
        "ebitdaratio": 0.1270324936,
        "operatingIncome": 68653000,
        "operatingIncomeRatio": 0.0752219856,
        "totalOtherIncomeExpensesNet": -4020000,
        "incomeBeforeTax": 64633000,
        "incomeBeforeTaxRatio": 0.0708173363,
        "incomeTaxExpense": 21900000,
        "netIncome": 42733000,
        "netIncomeRatio": 0.0468218593,
        "eps": 0.43,
        "epsdiluted": 0.42,
        "weightedAverageShsOut": 100117000,
        "weightedAverageShsOutDil": 100919000,
        "link": "",
        "finalLink": ""
    },
    {
        "date": "2007-09-30",
        "symbol": "BMS",
        "reportedCurrency": "USD",
        "cik": "0000011199",
        "fillingDate": "2007-09-30",
        "acceptedDate": "2007-09-29 20:00:00",
        "calendarYear": "2007",
        "period": "Q3",
        "revenue": 905659000,
        "costOfRevenue": 744747000,
        "grossProfit": 160912000,
        "grossProfitRatio": 0.1776739369,
        "researchAndDevelopmentExpenses": 6501000,
        "generalAndAdministrativeExpenses": 0,
        "sellingAndMarketingExpenses": 0,
        "sellingGeneralAndAdministrativeExpenses": 84041000,
        "otherExpenses": 0,
        "operatingExpenses": 90542000,
        "costAndExpenses": 835289000,
        "interestIncome": 0,
        "interestExpense": 13105000,
        "depreciationAndAmortization": 40134000,
        "ebitda": 117978000,
        "ebitdaratio": 0.1302675731,
        "operatingIncome": 70370000,
        "operatingIncomeRatio": 0.0777003265,
        "totalOtherIncomeExpensesNet": -5631000,
        "incomeBeforeTax": 64739000,
        "incomeBeforeTaxRatio": 0.0714827545,
        "incomeTaxExpense": 23700000,
        "netIncome": 41039000,
        "netIncomeRatio": 0.0453139647,
        "eps": 0.4,
        "epsdiluted": 0.4,
        "weightedAverageShsOut": 101945000,
        "weightedAverageShsOutDil": 102935000,
        "link": "",
        "finalLink": ""
    },
    {
        "date": "2007-06-30",
        "symbol": "BMS",
        "reportedCurrency": "USD",
        "cik": "0000011199",
        "fillingDate": "2007-06-30",
        "acceptedDate": "2007-06-29 20:00:00",
        "calendarYear": "2007",
        "period": "Q2",
        "revenue": 921820000,
        "costOfRevenue": 744907000,
        "grossProfit": 176913000,
        "grossProfitRatio": 0.1919170771,
        "researchAndDevelopmentExpenses": 6475000,
        "generalAndAdministrativeExpenses": 0,
        "sellingAndMarketingExpenses": 0,
        "sellingGeneralAndAdministrativeExpenses": 86493000,
        "otherExpenses": 0,
        "operatingExpenses": 92968000,
        "costAndExpenses": 837875000,
        "interestIncome": 0,
        "interestExpense": 12653000,
        "depreciationAndAmortization": 39449000,
        "ebitda": 131028000,
        "ebitdaratio": 0.142140548,
        "operatingIncome": 83945000,
        "operatingIncomeRatio": 0.091064416,
        "totalOtherIncomeExpensesNet": -5019000,
        "incomeBeforeTax": 78926000,
        "incomeBeforeTaxRatio": 0.0856197522,
        "incomeTaxExpense": 29400000,
        "netIncome": 49526000,
        "netIncomeRatio": 0.053726324,
        "eps": 0.47,
        "epsdiluted": 0.47,
        "weightedAverageShsOut": 104511000,
        "weightedAverageShsOutDil": 105593000,
        "link": "",
        "finalLink": ""
    },
    {
        "date": "2007-03-31",
        "symbol": "BMS",
        "reportedCurrency": "USD",
        "cik": "0000011199",
        "fillingDate": "2007-03-31",
        "acceptedDate": "2007-03-30 20:00:00",
        "calendarYear": "2007",
        "period": "Q1",
        "revenue": 909130000,
        "costOfRevenue": 731979000,
        "grossProfit": 177151000,
        "grossProfitRatio": 0.1948577211,
        "researchAndDevelopmentExpenses": 6225000,
        "generalAndAdministrativeExpenses": 0,
        "sellingAndMarketingExpenses": 0,
        "sellingGeneralAndAdministrativeExpenses": 85476000,
        "otherExpenses": 0,
        "operatingExpenses": 91701000,
        "costAndExpenses": 823680000,
        "interestIncome": 0,
        "interestExpense": 12490000,
        "depreciationAndAmortization": 39677000,
        "ebitda": 129723000,
        "ebitdaratio": 0.1426891644,
        "operatingIncome": 85450000,
        "operatingIncomeRatio": 0.0939909584,
        "totalOtherIncomeExpensesNet": -7894000,
        "incomeBeforeTax": 77556000,
        "incomeBeforeTaxRatio": 0.0853079318,
        "incomeTaxExpense": 29300000,
        "netIncome": 48256000,
        "netIncomeRatio": 0.0530793176,
        "eps": 0.46,
        "epsdiluted": 0.45,
        "weightedAverageShsOut": 105053000,
        "weightedAverageShsOutDil": 106535000,
        "link": "",
        "finalLink": ""
    },
    {
        "date": "2006-12-31",
        "symbol": "BMS",
        "reportedCurrency": "USD",
        "cik": "0000011199",
        "fillingDate": "2006-12-31",
        "acceptedDate": "2006-12-30 19:00:00",
        "calendarYear": "2006",
        "period": "Q4",
        "revenue": 900597000,
        "costOfRevenue": 731565000,
        "grossProfit": 169032000,
        "grossProfitRatio": 0.1876888331,
        "researchAndDevelopmentExpenses": 6145000,
        "generalAndAdministrativeExpenses": 0,
        "sellingAndMarketingExpenses": 0,
        "sellingGeneralAndAdministrativeExpenses": 86663000,
        "otherExpenses": 0,
        "operatingExpenses": 92808000,
        "costAndExpenses": 824373000,
        "interestIncome": 0,
        "interestExpense": 11724000,
        "depreciationAndAmortization": 34300000,
        "ebitda": 111029000,
        "ebitdaratio": 0.1232837773,
        "operatingIncome": 76224000,
        "operatingIncomeRatio": 0.0846371907,
        "totalOtherIncomeExpensesNet": -11219000,
        "incomeBeforeTax": 65005000,
        "incomeBeforeTaxRatio": 0.0721798984,
        "incomeTaxExpense": 23400000,
        "netIncome": 41605000,
        "netIncomeRatio": 0.0461971337,
        "eps": 0.4,
        "epsdiluted": 0.39,
        "weightedAverageShsOut": 105053000,
        "weightedAverageShsOutDil": 106535000,
        "link": "",
        "finalLink": ""
    },
    {
        "date": "2006-09-30",
        "symbol": "BMS",
        "reportedCurrency": "USD",
        "cik": "0000011199",
        "fillingDate": "2006-09-30",
        "acceptedDate": "2006-09-29 20:00:00",
        "calendarYear": "2006",
        "period": "Q3",
        "revenue": 903332000,
        "costOfRevenue": 729262000,
        "grossProfit": 174070000,
        "grossProfitRatio": 0.1926977014,
        "researchAndDevelopmentExpenses": 6088000,
        "generalAndAdministrativeExpenses": 0,
        "sellingAndMarketingExpenses": 0,
        "sellingGeneralAndAdministrativeExpenses": 81191000,
        "otherExpenses": 0,
        "operatingExpenses": 87279000,
        "costAndExpenses": 816541000,
        "interestIncome": 0,
        "interestExpense": 11653000,
        "depreciationAndAmortization": 40083000,
        "ebitda": 130317000,
        "ebitdaratio": 0.1442625746,
        "operatingIncome": 86791000,
        "operatingIncomeRatio": 0.0960787396,
        "totalOtherIncomeExpensesNet": -8210000,
        "incomeBeforeTax": 78581000,
        "incomeBeforeTaxRatio": 0.0869901653,
        "incomeTaxExpense": 30600000,
        "netIncome": 47981000,
        "netIncomeRatio": 0.0531155766,
        "eps": 0.46,
        "epsdiluted": 0.45,
        "weightedAverageShsOut": 104836000,
        "weightedAverageShsOutDil": 106688000,
        "link": "",
        "finalLink": ""
    },
    {
        "date": "2006-06-30",
        "symbol": "BMS",
        "reportedCurrency": "USD",
        "cik": "0000011199",
        "fillingDate": "2006-06-30",
        "acceptedDate": "2006-06-29 20:00:00",
        "calendarYear": "2006",
        "period": "Q2",
        "revenue": 933785000,
        "costOfRevenue": 747521000,
        "grossProfit": 186264000,
        "grossProfitRatio": 0.1994720412,
        "researchAndDevelopmentExpenses": 6650000,
        "generalAndAdministrativeExpenses": 0,
        "sellingAndMarketingExpenses": 0,
        "sellingGeneralAndAdministrativeExpenses": 84852000,
        "otherExpenses": 0,
        "operatingExpenses": 91502000,
        "costAndExpenses": 839023000,
        "interestIncome": 0,
        "interestExpense": 13077000,
        "depreciationAndAmortization": 39128000,
        "ebitda": 132412000,
        "ebitdaratio": 0.1418013783,
        "operatingIncome": 94762000,
        "operatingIncomeRatio": 0.1014816044,
        "totalOtherIncomeExpensesNet": -14555000,
        "incomeBeforeTax": 80207000,
        "incomeBeforeTaxRatio": 0.0858945046,
        "incomeTaxExpense": 31300000,
        "netIncome": 48907000,
        "netIncomeRatio": 0.0523750114,
        "eps": 0.47,
        "epsdiluted": 0.46,
        "weightedAverageShsOut": 104829000,
        "weightedAverageShsOutDil": 106665000,
        "link": "",
        "finalLink": ""
    },
    {
        "date": "2006-03-31",
        "symbol": "BMS",
        "reportedCurrency": "USD",
        "cik": "0000011199",
        "fillingDate": "2006-03-31",
        "acceptedDate": "2006-03-30 19:00:00",
        "calendarYear": "2006",
        "period": "Q1",
        "revenue": 901649000,
        "costOfRevenue": 734302000,
        "grossProfit": 167347000,
        "grossProfitRatio": 0.1856010487,
        "researchAndDevelopmentExpenses": 6141000,
        "generalAndAdministrativeExpenses": 0,
        "sellingAndMarketingExpenses": 0,
        "sellingGeneralAndAdministrativeExpenses": 83703000,
        "otherExpenses": 0,
        "operatingExpenses": 89844000,
        "costAndExpenses": 824146000,
        "interestIncome": 0,
        "interestExpense": 12798000,
        "depreciationAndAmortization": 38864000,
        "ebitda": 113665000,
        "ebitdaratio": 0.1260634682,
        "operatingIncome": 77503000,
        "operatingIncomeRatio": 0.0859569522,
        "totalOtherIncomeExpensesNet": -15500000,
        "incomeBeforeTax": 62003000,
        "incomeBeforeTaxRatio": 0.0687662272,
        "incomeTaxExpense": 24200000,
        "netIncome": 37803000,
        "netIncomeRatio": 0.0419265146,
        "eps": 0.36,
        "epsdiluted": 0.35,
        "weightedAverageShsOut": 104959000,
        "weightedAverageShsOutDil": 106739000,
        "link": "",
        "finalLink": ""
    },
    {
        "date": "2005-12-31",
        "symbol": "BMS",
        "reportedCurrency": "USD",
        "cik": "0000011199",
        "fillingDate": "2005-12-31",
        "acceptedDate": "2005-12-30 19:00:00",
        "calendarYear": "2005",
        "period": "Q4",
        "revenue": 892048000,
        "costOfRevenue": 712329000,
        "grossProfit": 179719000,
        "grossProfitRatio": 0.2014678582,
        "researchAndDevelopmentExpenses": 5761000,
        "generalAndAdministrativeExpenses": 0,
        "sellingAndMarketingExpenses": 0,
        "sellingGeneralAndAdministrativeExpenses": 80369000,
        "otherExpenses": 0,
        "operatingExpenses": 86130000,
        "costAndExpenses": 798459000,
        "interestIncome": 0,
        "interestExpense": 10567000,
        "depreciationAndAmortization": 33228000,
        "ebitda": 125996000,
        "ebitdaratio": 0.1412435205,
        "operatingIncome": 93589000,
        "operatingIncomeRatio": 0.104914758,
        "totalOtherIncomeExpensesNet": -11388000,
        "incomeBeforeTax": 82201000,
        "incomeBeforeTaxRatio": 0.0921486288,
        "incomeTaxExpense": 37300000,
        "netIncome": 44901000,
        "netIncomeRatio": 0.0503347354,
        "eps": 0.43,
        "epsdiluted": 0.42,
        "weightedAverageShsOut": 104959000,
        "weightedAverageShsOutDil": 106739000,
        "link": "",
        "finalLink": ""
    },
    {
        "date": "2005-09-30",
        "symbol": "BMS",
        "reportedCurrency": "USD",
        "cik": "0000011199",
        "fillingDate": "2005-09-30",
        "acceptedDate": "2005-09-29 20:00:00",
        "calendarYear": "2005",
        "period": "Q3",
        "revenue": 870145000,
        "costOfRevenue": 697410000,
        "grossProfit": 172735000,
        "grossProfitRatio": 0.1985128915,
        "researchAndDevelopmentExpenses": 5933000,
        "generalAndAdministrativeExpenses": 0,
        "sellingAndMarketingExpenses": 0,
        "sellingGeneralAndAdministrativeExpenses": 82848000,
        "otherExpenses": 0,
        "operatingExpenses": 88781000,
        "costAndExpenses": 786191000,
        "interestIncome": 0,
        "interestExpense": 9830000,
        "depreciationAndAmortization": 38158000,
        "ebitda": 121156000,
        "ebitdaratio": 0.139236564,
        "operatingIncome": 83954000,
        "operatingIncomeRatio": 0.0964827701,
        "totalOtherIncomeExpensesNet": -10786000,
        "incomeBeforeTax": 73168000,
        "incomeBeforeTaxRatio": 0.0840871349,
        "incomeTaxExpense": 29000000,
        "netIncome": 44168000,
        "netIncomeRatio": 0.0507593562,
        "eps": 0.42,
        "epsdiluted": 0.41,
        "weightedAverageShsOut": 106267000,
        "weightedAverageShsOutDil": 107637000,
        "link": "",
        "finalLink": ""
    },
    {
        "date": "2005-06-30",
        "symbol": "BMS",
        "reportedCurrency": "USD",
        "cik": "0000011199",
        "fillingDate": "2005-06-30",
        "acceptedDate": "2005-06-29 20:00:00",
        "calendarYear": "2005",
        "period": "Q2",
        "revenue": 879888000,
        "costOfRevenue": 711988000,
        "grossProfit": 167900000,
        "grossProfitRatio": 0.1908197407,
        "researchAndDevelopmentExpenses": 5986000,
        "generalAndAdministrativeExpenses": 0,
        "sellingAndMarketingExpenses": 0,
        "sellingGeneralAndAdministrativeExpenses": 81459000,
        "otherExpenses": 0,
        "operatingExpenses": 87445000,
        "costAndExpenses": 799433000,
        "interestIncome": 0,
        "interestExpense": 9902000,
        "depreciationAndAmortization": 39290000,
        "ebitda": 117328000,
        "ebitdaratio": 0.1333442438,
        "operatingIncome": 80455000,
        "operatingIncomeRatio": 0.0914377739,
        "totalOtherIncomeExpensesNet": -12319000,
        "incomeBeforeTax": 68136000,
        "incomeBeforeTaxRatio": 0.0774371284,
        "incomeTaxExpense": 26900000,
        "netIncome": 41236000,
        "netIncomeRatio": 0.0468650556,
        "eps": 0.38,
        "epsdiluted": 0.38,
        "weightedAverageShsOut": 107164000,
        "weightedAverageShsOutDil": 108540000,
        "link": "",
        "finalLink": ""
    },
    {
        "date": "2005-03-31",
        "symbol": "BMS",
        "reportedCurrency": "USD",
        "cik": "0000011199",
        "fillingDate": "2005-03-31",
        "acceptedDate": "2005-03-30 19:00:00",
        "calendarYear": "2005",
        "period": "Q1",
        "revenue": 831869000,
        "costOfRevenue": 676599000,
        "grossProfit": 155270000,
        "grossProfitRatio": 0.1866519849,
        "researchAndDevelopmentExpenses": 5848000,
        "generalAndAdministrativeExpenses": 0,
        "sellingAndMarketingExpenses": 0,
        "sellingGeneralAndAdministrativeExpenses": 86205000,
        "otherExpenses": 0,
        "operatingExpenses": 92053000,
        "costAndExpenses": 768652000,
        "interestIncome": 0,
        "interestExpense": 8438000,
        "depreciationAndAmortization": 40103000,
        "ebitda": 101465000,
        "ebitdaratio": 0.1219723298,
        "operatingIncome": 63217000,
        "operatingIncomeRatio": 0.0759939365,
        "totalOtherIncomeExpensesNet": -10293000,
        "incomeBeforeTax": 52924000,
        "incomeBeforeTaxRatio": 0.0636205941,
        "incomeTaxExpense": 20700000,
        "netIncome": 32224000,
        "netIncomeRatio": 0.0387368684,
        "eps": 0.3,
        "epsdiluted": 0.3,
        "weightedAverageShsOut": 107020000,
        "weightedAverageShsOutDil": 108411000,
        "link": "",
        "finalLink": ""
    },
    {
        "date": "2004-12-31",
        "symbol": "BMS",
        "reportedCurrency": "USD",
        "cik": "0000011199",
        "fillingDate": "2004-12-31",
        "acceptedDate": "2004-12-30 19:00:00",
        "calendarYear": "2004",
        "period": "Q4",
        "revenue": 725571000,
        "costOfRevenue": 575087000,
        "grossProfit": 150484000,
        "grossProfitRatio": 0.2074007919,
        "researchAndDevelopmentExpenses": 5014000,
        "generalAndAdministrativeExpenses": 0,
        "sellingAndMarketingExpenses": 0,
        "sellingGeneralAndAdministrativeExpenses": 73478000,
        "otherExpenses": 0,
        "operatingExpenses": 78492000,
        "costAndExpenses": 653579000,
        "interestIncome": 0,
        "interestExpense": 4917000,
        "depreciationAndAmortization": 30901000,
        "ebitda": 113060000,
        "ebitdaratio": 0.1558221042,
        "operatingIncome": 71992000,
        "operatingIncomeRatio": 0.0992211651,
        "totalOtherIncomeExpensesNet": 5250000,
        "incomeBeforeTax": 77242000,
        "incomeBeforeTaxRatio": 0.1064568457,
        "incomeTaxExpense": 29900000,
        "netIncome": 47342000,
        "netIncomeRatio": 0.065247922,
        "eps": 0.44,
        "epsdiluted": 0.44,
        "weightedAverageShsOut": 107020000,
        "weightedAverageShsOutDil": 108411000,
        "link": "",
        "finalLink": ""
    },
    {
        "date": "2004-09-30",
        "symbol": "BMS",
        "reportedCurrency": "USD",
        "cik": "0000011199",
        "fillingDate": "2004-09-30",
        "acceptedDate": "2004-09-29 20:00:00",
        "calendarYear": "2004",
        "period": "Q3",
        "revenue": 711862000,
        "costOfRevenue": 565054000,
        "grossProfit": 146808000,
        "grossProfitRatio": 0.206230983,
        "researchAndDevelopmentExpenses": 5369000,
        "generalAndAdministrativeExpenses": 0,
        "sellingAndMarketingExpenses": 0,
        "sellingGeneralAndAdministrativeExpenses": 69626000,
        "otherExpenses": 0,
        "operatingExpenses": 74995000,
        "costAndExpenses": 640049000,
        "interestIncome": 0,
        "interestExpense": 4061000,
        "depreciationAndAmortization": 32484000,
        "ebitda": 108072000,
        "ebitdaratio": 0.1518159419,
        "operatingIncome": 71813000,
        "operatingIncomeRatio": 0.1008805077,
        "totalOtherIncomeExpensesNet": -286000,
        "incomeBeforeTax": 71527000,
        "incomeBeforeTaxRatio": 0.1004787445,
        "incomeTaxExpense": 27700000,
        "netIncome": 43827000,
        "netIncomeRatio": 0.0615667082,
        "eps": 0.41,
        "epsdiluted": 0.41,
        "weightedAverageShsOut": 106934000,
        "weightedAverageShsOutDil": 108053000,
        "link": "",
        "finalLink": ""
    },
    {
        "date": "2004-06-30",
        "symbol": "BMS",
        "reportedCurrency": "USD",
        "cik": "0000011199",
        "fillingDate": "2004-06-30",
        "acceptedDate": "2004-06-29 20:00:00",
        "calendarYear": "2004",
        "period": "Q2",
        "revenue": 712924000,
        "costOfRevenue": 558474000,
        "grossProfit": 154450000,
        "grossProfitRatio": 0.2166430082,
        "researchAndDevelopmentExpenses": 5695000,
        "generalAndAdministrativeExpenses": 0,
        "sellingAndMarketingExpenses": 0,
        "sellingGeneralAndAdministrativeExpenses": 71906000,
        "otherExpenses": 0,
        "operatingExpenses": 77601000,
        "costAndExpenses": 636075000,
        "interestIncome": 0,
        "interestExpense": 3925000,
        "depreciationAndAmortization": 32966000,
        "ebitda": 111762000,
        "ebitdaratio": 0.1567656581,
        "operatingIncome": 76849000,
        "operatingIncomeRatio": 0.1077940987,
        "totalOtherIncomeExpensesNet": -1978000,
        "incomeBeforeTax": 74871000,
        "incomeBeforeTaxRatio": 0.1050196094,
        "incomeTaxExpense": 29100000,
        "netIncome": 45771000,
        "netIncomeRatio": 0.0642017943,
        "eps": 0.43,
        "epsdiluted": 0.42,
        "weightedAverageShsOut": 106893000,
        "weightedAverageShsOutDil": 107963000,
        "link": "",
        "finalLink": ""
    },
    {
        "date": "2004-03-31",
        "symbol": "BMS",
        "reportedCurrency": "USD",
        "cik": "0000011199",
        "fillingDate": "2004-03-31",
        "acceptedDate": "2004-03-30 19:00:00",
        "calendarYear": "2004",
        "period": "Q1",
        "revenue": 684037000,
        "costOfRevenue": 540079000,
        "grossProfit": 143958000,
        "grossProfitRatio": 0.2104535281,
        "researchAndDevelopmentExpenses": 5060000,
        "generalAndAdministrativeExpenses": 0,
        "sellingAndMarketingExpenses": 0,
        "sellingGeneralAndAdministrativeExpenses": 69981000,
        "otherExpenses": 0,
        "operatingExpenses": 75041000,
        "costAndExpenses": 615120000,
        "interestIncome": 0,
        "interestExpense": 2600000,
        "depreciationAndAmortization": 34495000,
        "ebitda": 107122000,
        "ebitdaratio": 0.1566026399,
        "operatingIncome": 68917000,
        "operatingIncomeRatio": 0.100750398,
        "totalOtherIncomeExpensesNet": 1110000,
        "incomeBeforeTax": 70027000,
        "incomeBeforeTaxRatio": 0.1023731172,
        "incomeTaxExpense": 27000000,
        "netIncome": 43027000,
        "netIncomeRatio": 0.0629015682,
        "eps": 0.4,
        "epsdiluted": 0.4,
        "weightedAverageShsOut": 106799000,
        "weightedAverageShsOutDil": 107531000,
        "link": "",
        "finalLink": ""
    },
    {
        "date": "2003-12-31",
        "symbol": "BMS",
        "reportedCurrency": "USD",
        "cik": "0000011199",
        "fillingDate": "2003-12-31",
        "acceptedDate": "2003-12-30 19:00:00",
        "calendarYear": "2003",
        "period": "Q4",
        "revenue": 664311000,
        "costOfRevenue": 529917000,
        "grossProfit": 134394000,
        "grossProfitRatio": 0.2023058477,
        "researchAndDevelopmentExpenses": 5150000,
        "generalAndAdministrativeExpenses": 0,
        "sellingAndMarketingExpenses": 0,
        "sellingGeneralAndAdministrativeExpenses": 63478000,
        "otherExpenses": 0,
        "operatingExpenses": 68628000,
        "costAndExpenses": 598545000,
        "interestIncome": 0,
        "interestExpense": 2722000,
        "depreciationAndAmortization": 30461000,
        "ebitda": 95249000,
        "ebitdaratio": 0.1433801337,
        "operatingIncome": 65766000,
        "operatingIncomeRatio": 0.0989988123,
        "totalOtherIncomeExpensesNet": -3700000,
        "incomeBeforeTax": 62066000,
        "incomeBeforeTaxRatio": 0.0934291318,
        "incomeTaxExpense": 23900000,
        "netIncome": 38166000,
        "netIncomeRatio": 0.0574520067,
        "eps": 0.36,
        "epsdiluted": 0.35,
        "weightedAverageShsOut": 106799000,
        "weightedAverageShsOutDil": 107531000,
        "link": "",
        "finalLink": ""
    },
    {
        "date": "2003-09-30",
        "symbol": "BMS",
        "reportedCurrency": "USD",
        "cik": "0000011199",
        "fillingDate": "2003-09-30",
        "acceptedDate": "2003-09-29 20:00:00",
        "calendarYear": "2003",
        "period": "Q3",
        "revenue": 661983000,
        "costOfRevenue": 530329000,
        "grossProfit": 131654000,
        "grossProfitRatio": 0.1988782189,
        "researchAndDevelopmentExpenses": 5202000,
        "generalAndAdministrativeExpenses": 0,
        "sellingAndMarketingExpenses": 0,
        "sellingGeneralAndAdministrativeExpenses": 62892000,
        "otherExpenses": 0,
        "operatingExpenses": 68094000,
        "costAndExpenses": 598423000,
        "interestIncome": 0,
        "interestExpense": 3181000,
        "depreciationAndAmortization": 32155000,
        "ebitda": 91848000,
        "ebitdaratio": 0.1387467654,
        "operatingIncome": 63560000,
        "operatingIncomeRatio": 0.0960145502,
        "totalOtherIncomeExpensesNet": -7048000,
        "incomeBeforeTax": 56512000,
        "incomeBeforeTaxRatio": 0.0853677511,
        "incomeTaxExpense": 21800000,
        "netIncome": 34712000,
        "netIncomeRatio": 0.0524363919,
        "eps": 0.33,
        "epsdiluted": 0.32,
        "weightedAverageShsOut": 106226000,
        "weightedAverageShsOutDil": 107796000,
        "link": "",
        "finalLink": ""
    },
    {
        "date": "2003-06-30",
        "symbol": "BMS",
        "reportedCurrency": "USD",
        "cik": "0000011199",
        "fillingDate": "2003-06-30",
        "acceptedDate": "2003-06-29 20:00:00",
        "calendarYear": "2003",
        "period": "Q2",
        "revenue": 670165000,
        "costOfRevenue": 533932000,
        "grossProfit": 136233000,
        "grossProfitRatio": 0.2032827736,
        "researchAndDevelopmentExpenses": 6046000,
        "generalAndAdministrativeExpenses": 0,
        "sellingAndMarketingExpenses": 0,
        "sellingGeneralAndAdministrativeExpenses": 64489000,
        "otherExpenses": 0,
        "operatingExpenses": 70535000,
        "costAndExpenses": 604467000,
        "interestIncome": 0,
        "interestExpense": 3235000,
        "depreciationAndAmortization": 32376000,
        "ebitda": 99104000,
        "ebitdaratio": 0.1478799997,
        "operatingIncome": 65698000,
        "operatingIncomeRatio": 0.0980325741,
        "totalOtherIncomeExpensesNet": -2205000,
        "incomeBeforeTax": 63493000,
        "incomeBeforeTaxRatio": 0.0947423396,
        "incomeTaxExpense": 24700000,
        "netIncome": 38793000,
        "netIncomeRatio": 0.0578857446,
        "eps": 0.37,
        "epsdiluted": 0.36,
        "weightedAverageShsOut": 106212000,
        "weightedAverageShsOutDil": 107658000,
        "link": "",
        "finalLink": ""
    },
    {
        "date": "2003-03-31",
        "symbol": "BMS",
        "reportedCurrency": "USD",
        "cik": "0000011199",
        "fillingDate": "2003-03-31",
        "acceptedDate": "2003-03-30 19:00:00",
        "calendarYear": "2003",
        "period": "Q1",
        "revenue": 638559000,
        "costOfRevenue": 507359000,
        "grossProfit": 131200000,
        "grossProfitRatio": 0.2054626119,
        "researchAndDevelopmentExpenses": 5056000,
        "generalAndAdministrativeExpenses": 0,
        "sellingAndMarketingExpenses": 0,
        "sellingGeneralAndAdministrativeExpenses": 65830000,
        "otherExpenses": 0,
        "operatingExpenses": 70886000,
        "costAndExpenses": 578245000,
        "interestIncome": 0,
        "interestExpense": 3426000,
        "depreciationAndAmortization": 33197000,
        "ebitda": 93797000,
        "ebitdaratio": 0.1468885412,
        "operatingIncome": 60314000,
        "operatingIncomeRatio": 0.0944532925,
        "totalOtherIncomeExpensesNet": -3140000,
        "incomeBeforeTax": 57174000,
        "incomeBeforeTaxRatio": 0.0895359708,
        "incomeTaxExpense": 21700000,
        "netIncome": 35474000,
        "netIncomeRatio": 0.0555532065,
        "eps": 0.33,
        "epsdiluted": 0.33,
        "weightedAverageShsOut": 106048000,
        "weightedAverageShsOutDil": 107614000,
        "link": "",
        "finalLink": ""
    },
    {
        "date": "2002-12-31",
        "symbol": "BMS",
        "reportedCurrency": "USD",
        "cik": "0000011199",
        "fillingDate": "2002-12-31",
        "acceptedDate": "2002-12-30 19:00:00",
        "calendarYear": "2002",
        "period": "Q4",
        "revenue": 630568000,
        "costOfRevenue": 494188000,
        "grossProfit": 136380000,
        "grossProfitRatio": 0.2162811941,
        "researchAndDevelopmentExpenses": 4358000,
        "generalAndAdministrativeExpenses": 0,
        "sellingAndMarketingExpenses": 0,
        "sellingGeneralAndAdministrativeExpenses": 59324000,
        "otherExpenses": 0,
        "operatingExpenses": 63682000,
        "costAndExpenses": 557870000,
        "interestIncome": 0,
        "interestExpense": 3772000,
        "depreciationAndAmortization": 30553000,
        "ebitda": 104206000,
        "ebitdaratio": 0.1652573553,
        "operatingIncome": 72698000,
        "operatingIncomeRatio": 0.1152897071,
        "totalOtherIncomeExpensesNet": -2817000,
        "incomeBeforeTax": 69881000,
        "incomeBeforeTaxRatio": 0.1108223062,
        "incomeTaxExpense": 26600000,
        "netIncome": 43281000,
        "netIncomeRatio": 0.0686381167,
        "eps": 0.41,
        "epsdiluted": 0.4,
        "weightedAverageShsOut": 106048000,
        "weightedAverageShsOutDil": 107614000,
        "link": "",
        "finalLink": ""
    },
    {
        "date": "2002-09-30",
        "symbol": "BMS",
        "reportedCurrency": "USD",
        "cik": "0000011199",
        "fillingDate": "2002-11-07",
        "acceptedDate": "2002-11-07 17:12:33",
        "calendarYear": "2002",
        "period": "Q3",
        "revenue": 601019000,
        "costOfRevenue": 468740000,
        "grossProfit": 132279000,
        "grossProfitRatio": 0.2200912118,
        "researchAndDevelopmentExpenses": 4772000,
        "generalAndAdministrativeExpenses": 0,
        "sellingAndMarketingExpenses": 0,
        "sellingGeneralAndAdministrativeExpenses": 54478000,
        "otherExpenses": 0,
        "operatingExpenses": 59250000,
        "costAndExpenses": 527990000,
        "interestIncome": 0,
        "interestExpense": 3827000,
        "depreciationAndAmortization": 30063000,
        "ebitda": 103738000,
        "ebitdaratio": 0.1726035283,
        "operatingIncome": 73029000,
        "operatingIncomeRatio": 0.1215086378,
        "totalOtherIncomeExpensesNet": -3181000,
        "incomeBeforeTax": 69848000,
        "incomeBeforeTaxRatio": 0.1162159599,
        "incomeTaxExpense": 26500000,
        "netIncome": 43348000,
        "netIncomeRatio": 0.0721241758,
        "eps": 0.41,
        "epsdiluted": 0.4,
        "weightedAverageShsOut": 105884000,
        "weightedAverageShsOutDil": 107498000,
        "link": "https://www.sec.gov/Archives/edgar/data/11199/000110465902005337/0001104659-02-005337-index.html",
        "finalLink": "https://www.sec.gov/Archives/edgar/data/11199/000110465902005337/j5164_10q.htm"
    },
    {
        "date": "2002-06-30",
        "symbol": "BMS",
        "reportedCurrency": "USD",
        "cik": "0000011199",
        "fillingDate": "2002-08-06",
        "acceptedDate": "2002-08-06 12:29:34",
        "calendarYear": "2002",
        "period": "Q2",
        "revenue": 584774000,
        "costOfRevenue": 444734000,
        "grossProfit": 140040000,
        "grossProfitRatio": 0.2394771313,
        "researchAndDevelopmentExpenses": 4724000,
        "generalAndAdministrativeExpenses": 0,
        "sellingAndMarketingExpenses": 0,
        "sellingGeneralAndAdministrativeExpenses": 60438000,
        "otherExpenses": 0,
        "operatingExpenses": 65162000,
        "costAndExpenses": 509896000,
        "interestIncome": 0,
        "interestExpense": 3774000,
        "depreciationAndAmortization": 29209000,
        "ebitda": 103976000,
        "ebitdaratio": 0.1778054428,
        "operatingIncome": 74878000,
        "operatingIncomeRatio": 0.1280460486,
        "totalOtherIncomeExpensesNet": -3885000,
        "incomeBeforeTax": 70993000,
        "incomeBeforeTaxRatio": 0.1214024563,
        "incomeTaxExpense": 27000000,
        "netIncome": 43993000,
        "netIncomeRatio": 0.0752307729,
        "eps": 0.42,
        "epsdiluted": 0.41,
        "weightedAverageShsOut": 105884000,
        "weightedAverageShsOutDil": 107546000,
        "link": "https://www.sec.gov/Archives/edgar/data/11199/000110465902003192/0001104659-02-003192-index.html",
        "finalLink": "https://www.sec.gov/Archives/edgar/data/11199/000110465902003192/j4559_10q.htm"
    },
    {
        "date": "2002-03-31",
        "symbol": "BMS",
        "reportedCurrency": "USD",
        "cik": "0000011199",
        "fillingDate": "2002-05-02",
        "acceptedDate": "2002-05-02 09:16:19",
        "calendarYear": "2002",
        "period": "Q1",
        "revenue": 552677000,
        "costOfRevenue": 432453000,
        "grossProfit": 120224000,
        "grossProfitRatio": 0.2175303116,
        "researchAndDevelopmentExpenses": 3592000,
        "generalAndAdministrativeExpenses": 0,
        "sellingAndMarketingExpenses": 0,
        "sellingGeneralAndAdministrativeExpenses": 55085000,
        "otherExpenses": 0,
        "operatingExpenses": 58677000,
        "costAndExpenses": 491130000,
        "interestIncome": 0,
        "interestExpense": 4072000,
        "depreciationAndAmortization": 29406000,
        "ebitda": 89771000,
        "ebitdaratio": 0.1624294118,
        "operatingIncome": 61547000,
        "operatingIncomeRatio": 0.111361609,
        "totalOtherIncomeExpensesNet": -5254000,
        "incomeBeforeTax": 56293000,
        "incomeBeforeTaxRatio": 0.1018551523,
        "incomeTaxExpense": 21400000,
        "netIncome": 34893000,
        "netIncomeRatio": 0.0631345252,
        "eps": 0.33,
        "epsdiluted": 0.32,
        "weightedAverageShsOut": 107206000,
        "weightedAverageShsOutDil": 107363077,
        "link": "https://www.sec.gov/Archives/edgar/data/11199/000110465902001626/0001104659-02-001626-index.html",
        "finalLink": "https://www.sec.gov/Archives/edgar/data/11199/000110465902001626/j3408_10q.htm"
    },
    {
        "date": "2001-12-31",
        "symbol": "BMS",
        "reportedCurrency": "USD",
        "cik": "0000011199",
        "fillingDate": "2002-03-20",
        "acceptedDate": "2002-03-20 00:00:00",
        "calendarYear": "2001",
        "period": "Q4",
        "revenue": 558570000,
        "costOfRevenue": 437989000,
        "grossProfit": 120581000,
        "grossProfitRatio": 0.2158744652,
        "researchAndDevelopmentExpenses": 2083000,
        "generalAndAdministrativeExpenses": 0,
        "sellingAndMarketingExpenses": 0,
        "sellingGeneralAndAdministrativeExpenses": 50644000,
        "otherExpenses": 0,
        "operatingExpenses": 52727000,
        "costAndExpenses": 490716000,
        "interestIncome": 0,
        "interestExpense": 4401000,
        "depreciationAndAmortization": 29373000,
        "ebitda": 97062000,
        "ebitdaratio": 0.1737687309,
        "operatingIncome": 67854000,
        "operatingIncomeRatio": 0.12147806,
        "totalOtherIncomeExpensesNet": -4566000,
        "incomeBeforeTax": 63288000,
        "incomeBeforeTaxRatio": 0.1133036146,
        "incomeTaxExpense": 24200000,
        "netIncome": 39088000,
        "netIncomeRatio": 0.0699786956,
        "eps": 0.36,
        "epsdiluted": 0.36,
        "weightedAverageShsOut": 107206000,
        "weightedAverageShsOutDil": 107363077,
        "link": "https://www.sec.gov/Archives/edgar/data/11199/000110465902000803/0001104659-02-000803-index.htm",
        "finalLink": "https://www.sec.gov/Archives/edgar/data/11199/000110465902000803/j3012_10k405.htm"
    },
    {
        "date": "2001-09-30",
        "symbol": "BMS",
        "reportedCurrency": "USD",
        "cik": "0000011199",
        "fillingDate": "2001-11-09",
        "acceptedDate": "2001-11-09 00:00:00",
        "calendarYear": "2001",
        "period": "Q3",
        "revenue": 575570000,
        "costOfRevenue": 458000000,
        "grossProfit": 117570000,
        "grossProfitRatio": 0.2042670744,
        "researchAndDevelopmentExpenses": 3042000,
        "generalAndAdministrativeExpenses": 0,
        "sellingAndMarketingExpenses": 0,
        "sellingGeneralAndAdministrativeExpenses": 47476000,
        "otherExpenses": 0,
        "operatingExpenses": 50518000,
        "costAndExpenses": 508518000,
        "interestIncome": 0,
        "interestExpense": 7017000,
        "depreciationAndAmortization": 31442000,
        "ebitda": 97020000,
        "ebitdaratio": 0.1685633372,
        "operatingIncome": 67052000,
        "operatingIncomeRatio": 0.1164966902,
        "totalOtherIncomeExpensesNet": -8491000,
        "incomeBeforeTax": 58561000,
        "incomeBeforeTaxRatio": 0.1017443578,
        "incomeTaxExpense": 22500000,
        "netIncome": 36061000,
        "netIncomeRatio": 0.0626526747,
        "eps": 0.34,
        "epsdiluted": 0.34,
        "weightedAverageShsOut": 106406000,
        "weightedAverageShsOutDil": 106406000,
        "link": "https://www.sec.gov/Archives/edgar/data/11199/000110465901502663/0001104659-01-502663-index.html",
        "finalLink": "https://www.sec.gov/Archives/edgar/data/11199/000110465901502663/j1911_10q.htm"
    },
    {
        "date": "2001-06-30",
        "symbol": "BMS",
        "reportedCurrency": "USD",
        "cik": "0000011199",
        "fillingDate": "2001-08-14",
        "acceptedDate": "2001-08-14 00:00:00",
        "calendarYear": "2001",
        "period": "Q2",
        "revenue": 581569000,
        "costOfRevenue": 459245000,
        "grossProfit": 122324000,
        "grossProfitRatio": 0.2103344573,
        "researchAndDevelopmentExpenses": 2704000,
        "generalAndAdministrativeExpenses": 0,
        "sellingAndMarketingExpenses": 0,
        "sellingGeneralAndAdministrativeExpenses": 52944000,
        "otherExpenses": 0,
        "operatingExpenses": 55648000,
        "costAndExpenses": 514893000,
        "interestIncome": 0,
        "interestExpense": 8244000,
        "depreciationAndAmortization": 31385000,
        "ebitda": 97018000,
        "ebitdaratio": 0.1668211339,
        "operatingIncome": 66676000,
        "operatingIncomeRatio": 0.1146484768,
        "totalOtherIncomeExpensesNet": -9287000,
        "incomeBeforeTax": 57389000,
        "incomeBeforeTaxRatio": 0.0986796064,
        "incomeTaxExpense": 21900000,
        "netIncome": 35489000,
        "netIncomeRatio": 0.0610228537,
        "eps": 0.34,
        "epsdiluted": 0.34,
        "weightedAverageShsOut": 105624000,
        "weightedAverageShsOutDil": 105844000,
        "link": "https://www.sec.gov/Archives/edgar/data/11199/000110465901501720/0001104659-01-501720-index.html",
        "finalLink": "https://www.sec.gov/Archives/edgar/data/11199/000110465901501720/j1372_10q.htm"
    },
    {
        "date": "2001-03-31",
        "symbol": "BMS",
        "reportedCurrency": "USD",
        "cik": "0000011199",
        "fillingDate": "2001-05-09",
        "acceptedDate": "2001-05-09 00:00:00",
        "calendarYear": "2001",
        "period": "Q1",
        "revenue": 577395000,
        "costOfRevenue": 428261000,
        "grossProfit": 149134000,
        "grossProfitRatio": 0.258287654,
        "researchAndDevelopmentExpenses": 2484000,
        "generalAndAdministrativeExpenses": 0,
        "sellingAndMarketingExpenses": 0,
        "sellingGeneralAndAdministrativeExpenses": 56094000,
        "otherExpenses": 31947000,
        "operatingExpenses": 90525000,
        "costAndExpenses": 518786000,
        "interestIncome": 0,
        "interestExpense": 10681000,
        "depreciationAndAmortization": 31947000,
        "ebitda": 90815000,
        "ebitdaratio": 0.1572840083,
        "operatingIncome": 58609000,
        "operatingIncomeRatio": 0.1015059015,
        "totalOtherIncomeExpensesNet": -10422000,
        "incomeBeforeTax": 48187000,
        "incomeBeforeTaxRatio": 0.0834558664,
        "incomeTaxExpense": 18500000,
        "netIncome": 29687000,
        "netIncomeRatio": 0.0514154089,
        "eps": 0.28,
        "epsdiluted": 0.28,
        "weightedAverageShsOut": 105918000,
        "weightedAverageShsOutDil": 105918000,
        "link": "https://www.sec.gov/Archives/edgar/data/11199/000110465901500406/0001104659-01-500406-index.html",
        "finalLink": "https://www.sec.gov/Archives/edgar/data/11199/000110465901500406/j0572_10q.htm"
    },
    {
        "date": "2000-12-31",
        "symbol": "BMS",
        "reportedCurrency": "USD",
        "cik": "0000011199",
        "fillingDate": "2001-03-09",
        "acceptedDate": "2001-03-09 00:00:00",
        "calendarYear": "2000",
        "period": "Q4",
        "revenue": 609339000,
        "costOfRevenue": 464364000,
        "grossProfit": 144975000,
        "grossProfitRatio": 0.237921748,
        "researchAndDevelopmentExpenses": 2682000,
        "generalAndAdministrativeExpenses": 0,
        "sellingAndMarketingExpenses": 0,
        "sellingGeneralAndAdministrativeExpenses": 47487000,
        "otherExpenses": 28145000,
        "operatingExpenses": 78314000,
        "costAndExpenses": 542678000,
        "interestIncome": 0,
        "interestExpense": 11325000,
        "depreciationAndAmortization": 28145000,
        "ebitda": 94214000,
        "ebitdaratio": 0.154616724,
        "operatingIncome": 66661000,
        "operatingIncomeRatio": 0.1093988732,
        "totalOtherIncomeExpensesNet": -11917000,
        "incomeBeforeTax": 54744000,
        "incomeBeforeTaxRatio": 0.0898416153,
        "incomeTaxExpense": 21300000,
        "netIncome": 33444000,
        "netIncomeRatio": 0.054885704,
        "eps": 0.32,
        "epsdiluted": 0.32,
        "weightedAverageShsOut": 105918000,
        "weightedAverageShsOutDil": 105918000,
        "link": "https://www.sec.gov/Archives/edgar/data/11199/000110465901500012/0001104659-01-500012-index.htm",
        "finalLink": "https://www.sec.gov/Archives/edgar/data/11199/000110465901500012/j0024_10k.htm"
    },
    {
        "date": "2000-09-30",
        "symbol": "BMS",
        "reportedCurrency": "USD",
        "cik": "0000011199",
        "fillingDate": "2000-11-13",
        "acceptedDate": "2000-11-13 00:00:00",
        "calendarYear": "2000",
        "period": "Q3",
        "revenue": 529266000,
        "costOfRevenue": 393006000,
        "grossProfit": 136260000,
        "grossProfitRatio": 0.2574508848,
        "researchAndDevelopmentExpenses": 2374000,
        "generalAndAdministrativeExpenses": 0,
        "sellingAndMarketingExpenses": 0,
        "sellingGeneralAndAdministrativeExpenses": 46020000,
        "otherExpenses": 27384000,
        "operatingExpenses": 75778000,
        "costAndExpenses": 468784000,
        "interestIncome": 0,
        "interestExpense": 8178000,
        "depreciationAndAmortization": 27384000,
        "ebitda": 87527000,
        "ebitdaratio": 0.1653743108,
        "operatingIncome": 60482000,
        "operatingIncomeRatio": 0.1142752416,
        "totalOtherIncomeExpensesNet": -8517000,
        "incomeBeforeTax": 51965000,
        "incomeBeforeTaxRatio": 0.0981831442,
        "incomeTaxExpense": 19800000,
        "netIncome": 32165000,
        "netIncomeRatio": 0.0607728439,
        "eps": 0.3,
        "epsdiluted": 0.3,
        "weightedAverageShsOut": 107286000,
        "weightedAverageShsOutDil": 107286000,
        "link": "https://www.sec.gov/Archives/edgar/data/11199/000091205700049151/0000912057-00-049151-index.html",
        "finalLink": "https://www.sec.gov/Archives/edgar/data/11199/000091205700049151/a2030037z10-q.htm"
    },
    {
        "date": "2000-06-30",
        "symbol": "BMS",
        "reportedCurrency": "USD",
        "cik": "0000011199",
        "fillingDate": "2000-06-30",
        "acceptedDate": "2000-06-29 20:00:00",
        "calendarYear": "2000",
        "period": "Q2",
        "revenue": 525230000,
        "costOfRevenue": 384966000,
        "grossProfit": 140264000,
        "grossProfitRatio": 0.2670525294,
        "researchAndDevelopmentExpenses": 2448000,
        "generalAndAdministrativeExpenses": 0,
        "sellingAndMarketingExpenses": 0,
        "sellingGeneralAndAdministrativeExpenses": 47914000,
        "otherExpenses": 26199000,
        "operatingExpenses": 76561000,
        "costAndExpenses": 461527000,
        "interestIncome": 0,
        "interestExpense": 6383000,
        "depreciationAndAmortization": 26199000,
        "ebitda": 89632000,
        "ebitdaratio": 0.1706528568,
        "operatingIncome": 63703000,
        "operatingIncomeRatio": 0.1212859128,
        "totalOtherIncomeExpensesNet": -6653000,
        "incomeBeforeTax": 57050000,
        "incomeBeforeTaxRatio": 0.1086190812,
        "incomeTaxExpense": 21700000,
        "netIncome": 35350000,
        "netIncomeRatio": 0.0673038478,
        "eps": 0.33,
        "epsdiluted": 0.33,
        "weightedAverageShsOut": 107234000,
        "weightedAverageShsOutDil": 107234000,
        "link": "",
        "finalLink": ""
    },
    {
        "date": "2000-03-31",
        "symbol": "BMS",
        "reportedCurrency": "USD",
        "cik": "0000011199",
        "fillingDate": "2000-03-31",
        "acceptedDate": "2000-03-30 19:00:00",
        "calendarYear": "2000",
        "period": "Q1",
        "revenue": 500748000,
        "costOfRevenue": 366793000,
        "grossProfit": 133955000,
        "grossProfitRatio": 0.2675098053,
        "researchAndDevelopmentExpenses": 2576000,
        "generalAndAdministrativeExpenses": 0,
        "sellingAndMarketingExpenses": 0,
        "sellingGeneralAndAdministrativeExpenses": 50854000,
        "otherExpenses": 26402000,
        "operatingExpenses": 79832000,
        "costAndExpenses": 446625000,
        "interestIncome": 0,
        "interestExpense": 5723000,
        "depreciationAndAmortization": 26402000,
        "ebitda": 79868000,
        "ebitdaratio": 0.1594973919,
        "operatingIncome": 54123000,
        "operatingIncomeRatio": 0.1080843059,
        "totalOtherIncomeExpensesNet": -6380000,
        "incomeBeforeTax": 47743000,
        "incomeBeforeTaxRatio": 0.0953433663,
        "incomeTaxExpense": 18100000,
        "netIncome": 29643000,
        "netIncomeRatio": 0.0591974406,
        "eps": 0.28,
        "epsdiluted": 0.28,
        "weightedAverageShsOut": 107374000,
        "weightedAverageShsOutDil": 107374000,
        "link": "",
        "finalLink": ""
    },
    {
        "date": "1999-12-31",
        "symbol": "BMS",
        "reportedCurrency": "USD",
        "cik": "0000011199",
        "fillingDate": "1999-12-31",
        "acceptedDate": "1999-12-30 19:00:00",
        "calendarYear": "1999",
        "period": "Q4",
        "revenue": 493900000,
        "costOfRevenue": 358600000,
        "grossProfit": 135300000,
        "grossProfitRatio": 0.2739420935,
        "researchAndDevelopmentExpenses": 2900000,
        "generalAndAdministrativeExpenses": 0,
        "sellingAndMarketingExpenses": 0,
        "sellingGeneralAndAdministrativeExpenses": 48600000,
        "otherExpenses": 22400000,
        "operatingExpenses": 73900000,
        "costAndExpenses": 432500000,
        "interestIncome": 0,
        "interestExpense": 5500000,
        "depreciationAndAmortization": 22400000,
        "ebitda": 81700000,
        "ebitdaratio": 0.1654181008,
        "operatingIncome": 61400000,
        "operatingIncomeRatio": 0.1243166633,
        "totalOtherIncomeExpensesNet": -7600000,
        "incomeBeforeTax": 53800000,
        "incomeBeforeTaxRatio": 0.108928933,
        "incomeTaxExpense": 20500000,
        "netIncome": 33300000,
        "netIncomeRatio": 0.0674225552,
        "eps": 0.31,
        "epsdiluted": 0.31,
        "weightedAverageShsOut": 107374000,
        "weightedAverageShsOutDil": 107374000,
        "link": "",
        "finalLink": ""
    },
    {
        "date": "1999-09-30",
        "symbol": "BMS",
        "reportedCurrency": "USD",
        "cik": "0000011199",
        "fillingDate": "1999-09-30",
        "acceptedDate": "1999-09-29 20:00:00",
        "calendarYear": "1999",
        "period": "Q3",
        "revenue": 492200000,
        "costOfRevenue": 361600000,
        "grossProfit": 130600000,
        "grossProfitRatio": 0.265339293,
        "researchAndDevelopmentExpenses": 2700000,
        "generalAndAdministrativeExpenses": 0,
        "sellingAndMarketingExpenses": 0,
        "sellingGeneralAndAdministrativeExpenses": 46300000,
        "otherExpenses": 24700000,
        "operatingExpenses": 73700000,
        "costAndExpenses": 435300000,
        "interestIncome": 0,
        "interestExpense": 5300000,
        "depreciationAndAmortization": 24700000,
        "ebitda": 80000000,
        "ebitdaratio": 0.1625355547,
        "operatingIncome": 56900000,
        "operatingIncomeRatio": 0.1156034132,
        "totalOtherIncomeExpensesNet": -6900000,
        "incomeBeforeTax": 50000000,
        "incomeBeforeTaxRatio": 0.1015847217,
        "incomeTaxExpense": 18800000,
        "netIncome": 31200000,
        "netIncomeRatio": 0.0633888663,
        "eps": 0.3,
        "epsdiluted": 0.29,
        "weightedAverageShsOut": 104000000,
        "weightedAverageShsOutDil": 105762712,
        "link": "",
        "finalLink": ""
    },
    {
        "date": "1999-06-30",
        "symbol": "BMS",
        "reportedCurrency": "USD",
        "cik": "0000011199",
        "fillingDate": "1999-06-30",
        "acceptedDate": "1999-06-29 20:00:00",
        "calendarYear": "1999",
        "period": "Q2",
        "revenue": 481300000,
        "costOfRevenue": 348000000,
        "grossProfit": 133300000,
        "grossProfitRatio": 0.2769582381,
        "researchAndDevelopmentExpenses": 3700000,
        "generalAndAdministrativeExpenses": 0,
        "sellingAndMarketingExpenses": 0,
        "sellingGeneralAndAdministrativeExpenses": 48000000,
        "otherExpenses": 25000000,
        "operatingExpenses": 76700000,
        "costAndExpenses": 424700000,
        "interestIncome": 0,
        "interestExpense": 5200000,
        "depreciationAndAmortization": 25000000,
        "ebitda": 81500000,
        "ebitdaratio": 0.1693330563,
        "operatingIncome": 56600000,
        "operatingIncomeRatio": 0.1175981716,
        "totalOtherIncomeExpensesNet": -5300000,
        "incomeBeforeTax": 51300000,
        "incomeBeforeTaxRatio": 0.1065863287,
        "incomeTaxExpense": 19700000,
        "netIncome": 31600000,
        "netIncomeRatio": 0.0656555163,
        "eps": 0.3,
        "epsdiluted": 0.3,
        "weightedAverageShsOut": 105333333,
        "weightedAverageShsOutDil": 105333333,
        "link": "",
        "finalLink": ""
    },
    {
        "date": "1999-03-31",
        "symbol": "BMS",
        "reportedCurrency": "USD",
        "cik": "0000011199",
        "fillingDate": "1999-03-31",
        "acceptedDate": "1999-03-30 19:00:00",
        "calendarYear": "1999",
        "period": "Q1",
        "revenue": 450600000,
        "costOfRevenue": 329000000,
        "grossProfit": 121600000,
        "grossProfitRatio": 0.2698624057,
        "researchAndDevelopmentExpenses": 2500000,
        "generalAndAdministrativeExpenses": 0,
        "sellingAndMarketingExpenses": 0,
        "sellingGeneralAndAdministrativeExpenses": 50800000,
        "otherExpenses": 25600000,
        "operatingExpenses": 78900000,
        "costAndExpenses": 407900000,
        "interestIncome": 0,
        "interestExpense": 5100000,
        "depreciationAndAmortization": 25600000,
        "ebitda": 61100000,
        "ebitdaratio": 0.1355969818,
        "operatingIncome": 42700000,
        "operatingIncomeRatio": 0.0947625388,
        "totalOtherIncomeExpensesNet": -12300000,
        "incomeBeforeTax": 30400000,
        "incomeBeforeTaxRatio": 0.0674656014,
        "incomeTaxExpense": 11900000,
        "netIncome": 18500000,
        "netIncomeRatio": 0.0410563693,
        "eps": 0.17,
        "epsdiluted": 0.17,
        "weightedAverageShsOut": 105714286,
        "weightedAverageShsOutDil": 105714286,
        "link": "",
        "finalLink": ""
    },
    {
        "date": "1998-12-31",
        "symbol": "BMS",
        "reportedCurrency": "USD",
        "cik": "0000011199",
        "fillingDate": "1998-12-31",
        "acceptedDate": "1998-12-30 19:00:00",
        "calendarYear": "1998",
        "period": "Q4",
        "revenue": 460400000,
        "costOfRevenue": 329800000,
        "grossProfit": 130600000,
        "grossProfitRatio": 0.2836663771,
        "researchAndDevelopmentExpenses": 3200000,
        "generalAndAdministrativeExpenses": 0,
        "sellingAndMarketingExpenses": 0,
        "sellingGeneralAndAdministrativeExpenses": 47700000,
        "otherExpenses": 20600000,
        "operatingExpenses": 71500000,
        "costAndExpenses": 401300000,
        "interestIncome": 0,
        "interestExpense": 5600000,
        "depreciationAndAmortization": 20600000,
        "ebitda": 77300000,
        "ebitdaratio": 0.1678974805,
        "operatingIncome": 59100000,
        "operatingIncomeRatio": 0.1283666377,
        "totalOtherIncomeExpensesNet": -8000000,
        "incomeBeforeTax": 51100000,
        "incomeBeforeTaxRatio": 0.1109904431,
        "incomeTaxExpense": 19600000,
        "netIncome": 31500000,
        "netIncomeRatio": 0.0684187663,
        "eps": 0.3,
        "epsdiluted": 0.3,
        "weightedAverageShsOut": 105714286,
        "weightedAverageShsOutDil": 105714286,
        "link": "",
        "finalLink": ""
    },
    {
        "date": "1998-09-30",
        "symbol": "BMS",
        "reportedCurrency": "USD",
        "cik": "0000011199",
        "fillingDate": "1998-09-30",
        "acceptedDate": "1998-09-29 20:00:00",
        "calendarYear": "1998",
        "period": "Q3",
        "revenue": 465500000,
        "costOfRevenue": 342500000,
        "grossProfit": 123000000,
        "grossProfitRatio": 0.2642320086,
        "researchAndDevelopmentExpenses": 3000000,
        "generalAndAdministrativeExpenses": 0,
        "sellingAndMarketingExpenses": 0,
        "sellingGeneralAndAdministrativeExpenses": 45100000,
        "otherExpenses": 22600000,
        "operatingExpenses": 70700000,
        "costAndExpenses": 413200000,
        "interestIncome": 0,
        "interestExpense": 5500000,
        "depreciationAndAmortization": 22600000,
        "ebitda": 73700000,
        "ebitdaratio": 0.1583243824,
        "operatingIncome": 52300000,
        "operatingIncomeRatio": 0.1123523093,
        "totalOtherIncomeExpensesNet": -6700000,
        "incomeBeforeTax": 45600000,
        "incomeBeforeTaxRatio": 0.0979591837,
        "incomeTaxExpense": 17800000,
        "netIncome": 27800000,
        "netIncomeRatio": 0.0597207304,
        "eps": 0.26,
        "epsdiluted": 0.26,
        "weightedAverageShsOut": 106923077,
        "weightedAverageShsOutDil": 106923077,
        "link": "",
        "finalLink": ""
    },
    {
        "date": "1998-06-30",
        "symbol": "BMS",
        "reportedCurrency": "USD",
        "cik": "0000011199",
        "fillingDate": "1998-06-30",
        "acceptedDate": "1998-06-29 20:00:00",
        "calendarYear": "1998",
        "period": "Q2",
        "revenue": 470600000,
        "costOfRevenue": 342500000,
        "grossProfit": 128100000,
        "grossProfitRatio": 0.2722056949,
        "researchAndDevelopmentExpenses": 3100000,
        "generalAndAdministrativeExpenses": 0,
        "sellingAndMarketingExpenses": 0,
        "sellingGeneralAndAdministrativeExpenses": 46400000,
        "otherExpenses": 22800000,
        "operatingExpenses": 72300000,
        "costAndExpenses": 414800000,
        "interestIncome": 0,
        "interestExpense": 5600000,
        "depreciationAndAmortization": 22800000,
        "ebitda": 77800000,
        "ebitdaratio": 0.165320867,
        "operatingIncome": 55800000,
        "operatingIncomeRatio": 0.1185720357,
        "totalOtherIncomeExpensesNet": -6400000,
        "incomeBeforeTax": 49400000,
        "incomeBeforeTaxRatio": 0.1049723757,
        "incomeTaxExpense": 19200000,
        "netIncome": 30200000,
        "netIncomeRatio": 0.0641733957,
        "eps": 0.29,
        "epsdiluted": 0.28,
        "weightedAverageShsOut": 105964912,
        "weightedAverageShsOutDil": 107857143,
        "link": "",
        "finalLink": ""
    },
    {
        "date": "1998-03-31",
        "symbol": "BMS",
        "reportedCurrency": "USD",
        "cik": "0000011199",
        "fillingDate": "1998-03-31",
        "acceptedDate": "1998-03-30 19:00:00",
        "calendarYear": "1998",
        "period": "Q1",
        "revenue": 451500000,
        "costOfRevenue": 337700000,
        "grossProfit": 113800000,
        "grossProfitRatio": 0.2520487265,
        "researchAndDevelopmentExpenses": 2900000,
        "generalAndAdministrativeExpenses": 0,
        "sellingAndMarketingExpenses": 0,
        "sellingGeneralAndAdministrativeExpenses": 46600000,
        "otherExpenses": 22900000,
        "operatingExpenses": 72400000,
        "costAndExpenses": 410100000,
        "interestIncome": 0,
        "interestExpense": 5200000,
        "depreciationAndAmortization": 22900000,
        "ebitda": 63900000,
        "ebitdaratio": 0.1415282392,
        "operatingIncome": 41400000,
        "operatingIncomeRatio": 0.0916943522,
        "totalOtherIncomeExpensesNet": -5600000,
        "incomeBeforeTax": 35800000,
        "incomeBeforeTaxRatio": 0.0792912514,
        "incomeTaxExpense": 13900000,
        "netIncome": 21900000,
        "netIncomeRatio": 0.0485049834,
        "eps": 0.21,
        "epsdiluted": 0.21,
        "weightedAverageShsOut": 106829268,
        "weightedAverageShsOutDil": 106829268,
        "link": "",
        "finalLink": ""
    },
    {
        "date": "1997-12-31",
        "symbol": "BMS",
        "reportedCurrency": "USD",
        "cik": "0000011199",
        "fillingDate": "1997-12-31",
        "acceptedDate": "1997-12-30 19:00:00",
        "calendarYear": "1997",
        "period": "Q4",
        "revenue": 454900000,
        "costOfRevenue": 330600000,
        "grossProfit": 124300000,
        "grossProfitRatio": 0.2732468674,
        "researchAndDevelopmentExpenses": 2700000,
        "generalAndAdministrativeExpenses": 0,
        "sellingAndMarketingExpenses": 0,
        "sellingGeneralAndAdministrativeExpenses": 44400000,
        "otherExpenses": 18200000,
        "operatingExpenses": 65300000,
        "costAndExpenses": 395900000,
        "interestIncome": 0,
        "interestExpense": 4700000,
        "depreciationAndAmortization": 18200000,
        "ebitda": 78800000,
        "ebitdaratio": 0.1732248846,
        "operatingIncome": 59000000,
        "operatingIncomeRatio": 0.1296988349,
        "totalOtherIncomeExpensesNet": -3100000,
        "incomeBeforeTax": 55900000,
        "incomeBeforeTaxRatio": 0.1228841504,
        "incomeTaxExpense": 21600000,
        "netIncome": 34300000,
        "netIncomeRatio": 0.0754011871,
        "eps": 0.32,
        "epsdiluted": 0.32,
        "weightedAverageShsOut": 106829268,
        "weightedAverageShsOutDil": 106829268,
        "link": "",
        "finalLink": ""
    },
    {
        "date": "1997-09-30",
        "symbol": "BMS",
        "reportedCurrency": "USD",
        "cik": "0000011199",
        "fillingDate": "1997-09-30",
        "acceptedDate": "1997-09-29 20:00:00",
        "calendarYear": "1997",
        "period": "Q3",
        "revenue": 465500000,
        "costOfRevenue": 353000000,
        "grossProfit": 112500000,
        "grossProfitRatio": 0.2416756176,
        "researchAndDevelopmentExpenses": 2500000,
        "generalAndAdministrativeExpenses": 0,
        "sellingAndMarketingExpenses": 0,
        "sellingGeneralAndAdministrativeExpenses": 43500000,
        "otherExpenses": 19500000,
        "operatingExpenses": 65500000,
        "costAndExpenses": 418500000,
        "interestIncome": 0,
        "interestExpense": 4900000,
        "depreciationAndAmortization": 19500000,
        "ebitda": 65600000,
        "ebitdaratio": 0.1409237379,
        "operatingIncome": 47000000,
        "operatingIncomeRatio": 0.1009667025,
        "totalOtherIncomeExpensesNet": -5800000,
        "incomeBeforeTax": 41200000,
        "incomeBeforeTaxRatio": 0.0885069817,
        "incomeTaxExpense": 15800000,
        "netIncome": 25400000,
        "netIncomeRatio": 0.0545649839,
        "eps": 0.24,
        "epsdiluted": 0.24,
        "weightedAverageShsOut": 108085106,
        "weightedAverageShsOutDil": 108085106,
        "link": "",
        "finalLink": ""
    },
    {
        "date": "1997-06-30",
        "symbol": "BMS",
        "reportedCurrency": "USD",
        "cik": "0000011199",
        "fillingDate": "1997-06-30",
        "acceptedDate": "1997-06-29 20:00:00",
        "calendarYear": "1997",
        "period": "Q2",
        "revenue": 481300000,
        "costOfRevenue": 358400000,
        "grossProfit": 122900000,
        "grossProfitRatio": 0.2553500935,
        "researchAndDevelopmentExpenses": 3300000,
        "generalAndAdministrativeExpenses": 0,
        "sellingAndMarketingExpenses": 0,
        "sellingGeneralAndAdministrativeExpenses": 47300000,
        "otherExpenses": 20700000,
        "operatingExpenses": 71300000,
        "costAndExpenses": 429700000,
        "interestIncome": 0,
        "interestExpense": 4900000,
        "depreciationAndAmortization": 20700000,
        "ebitda": 71300000,
        "ebitdaratio": 0.1481404529,
        "operatingIncome": 51600000,
        "operatingIncomeRatio": 0.1072096406,
        "totalOtherIncomeExpensesNet": -5900000,
        "incomeBeforeTax": 45700000,
        "incomeBeforeTaxRatio": 0.0949511739,
        "incomeTaxExpense": 17700000,
        "netIncome": 28000000,
        "netIncomeRatio": 0.0581757739,
        "eps": 0.26,
        "epsdiluted": 0.26,
        "weightedAverageShsOut": 107692308,
        "weightedAverageShsOutDil": 107692308,
        "link": "",
        "finalLink": ""
    },
    {
        "date": "1997-03-31",
        "symbol": "BMS",
        "reportedCurrency": "USD",
        "cik": "0000011199",
        "fillingDate": "1997-03-31",
        "acceptedDate": "1997-03-30 19:00:00",
        "calendarYear": "1997",
        "period": "Q1",
        "revenue": 475500000,
        "costOfRevenue": 359600000,
        "grossProfit": 115900000,
        "grossProfitRatio": 0.243743428,
        "researchAndDevelopmentExpenses": 3400000,
        "generalAndAdministrativeExpenses": 0,
        "sellingAndMarketingExpenses": 0,
        "sellingGeneralAndAdministrativeExpenses": 54400000,
        "otherExpenses": 20500000,
        "operatingExpenses": 78300000,
        "costAndExpenses": 437900000,
        "interestIncome": 0,
        "interestExpense": 4400000,
        "depreciationAndAmortization": 20500000,
        "ebitda": 57100000,
        "ebitdaratio": 0.120084122,
        "operatingIncome": 37600000,
        "operatingIncomeRatio": 0.0790746583,
        "totalOtherIncomeExpensesNet": -5400000,
        "incomeBeforeTax": 32200000,
        "incomeBeforeTaxRatio": 0.0677181914,
        "incomeTaxExpense": 12300000,
        "netIncome": 19900000,
        "netIncomeRatio": 0.0418506835,
        "eps": 0.18,
        "epsdiluted": 0.18,
        "weightedAverageShsOut": 107567568,
        "weightedAverageShsOutDil": 107567568,
        "link": "",
        "finalLink": ""
    },
    {
        "date": "1996-12-31",
        "symbol": "BMS",
        "reportedCurrency": "USD",
        "cik": "0000011199",
        "fillingDate": "1996-12-31",
        "acceptedDate": "1996-12-30 19:00:00",
        "calendarYear": "1996",
        "period": "Q4",
        "revenue": 434900000,
        "costOfRevenue": 309700000,
        "grossProfit": 125200000,
        "grossProfitRatio": 0.2878822718,
        "researchAndDevelopmentExpenses": 0,
        "generalAndAdministrativeExpenses": 0,
        "sellingAndMarketingExpenses": 0,
        "sellingGeneralAndAdministrativeExpenses": 57100000,
        "otherExpenses": 14700000,
        "operatingExpenses": 71800000,
        "costAndExpenses": 381500000,
        "interestIncome": 0,
        "interestExpense": 3500000,
        "depreciationAndAmortization": 14700000,
        "ebitda": 67200000,
        "ebitdaratio": 0.1545182801,
        "operatingIncome": 53400000,
        "operatingIncomeRatio": 0.1227868476,
        "totalOtherIncomeExpensesNet": -4400000,
        "incomeBeforeTax": 49000000,
        "incomeBeforeTaxRatio": 0.1126695792,
        "incomeTaxExpense": 18800000,
        "netIncome": 30200000,
        "netIncomeRatio": 0.0694412509,
        "eps": 0.28,
        "epsdiluted": 0.28,
        "weightedAverageShsOut": 107567568,
        "weightedAverageShsOutDil": 107567568,
        "link": "",
        "finalLink": ""
    },
    {
        "date": "1996-09-30",
        "symbol": "BMS",
        "reportedCurrency": "USD",
        "cik": "0000011199",
        "fillingDate": "1996-09-30",
        "acceptedDate": "1996-09-29 20:00:00",
        "calendarYear": "1996",
        "period": "Q3",
        "revenue": 423100000,
        "costOfRevenue": 313500000,
        "grossProfit": 109600000,
        "grossProfitRatio": 0.259040416,
        "researchAndDevelopmentExpenses": 0,
        "generalAndAdministrativeExpenses": 0,
        "sellingAndMarketingExpenses": 0,
        "sellingGeneralAndAdministrativeExpenses": 49500000,
        "otherExpenses": 17000000,
        "operatingExpenses": 66500000,
        "costAndExpenses": 380000000,
        "interestIncome": 0,
        "interestExpense": 3700000,
        "depreciationAndAmortization": 17000000,
        "ebitda": 59200000,
        "ebitdaratio": 0.1399196407,
        "operatingIncome": 43100000,
        "operatingIncomeRatio": 0.1018671709,
        "totalOtherIncomeExpensesNet": -4600000,
        "incomeBeforeTax": 38500000,
        "incomeBeforeTaxRatio": 0.0909950366,
        "incomeTaxExpense": 14500000,
        "netIncome": 24000000,
        "netIncomeRatio": 0.0567241787,
        "eps": 0.22,
        "epsdiluted": 0.22,
        "weightedAverageShsOut": 106666667,
        "weightedAverageShsOutDil": 106666667,
        "link": "",
        "finalLink": ""
    },
    {
        "date": "1996-06-30",
        "symbol": "BMS",
        "reportedCurrency": "USD",
        "cik": "0000011199",
        "fillingDate": "1996-06-30",
        "acceptedDate": "1996-06-29 20:00:00",
        "calendarYear": "1996",
        "period": "Q2",
        "revenue": 411900000,
        "costOfRevenue": 298400000,
        "grossProfit": 113500000,
        "grossProfitRatio": 0.2755523185,
        "researchAndDevelopmentExpenses": 0,
        "generalAndAdministrativeExpenses": 0,
        "sellingAndMarketingExpenses": 0,
        "sellingGeneralAndAdministrativeExpenses": 51200000,
        "otherExpenses": 17600000,
        "operatingExpenses": 68800000,
        "costAndExpenses": 367200000,
        "interestIncome": 0,
        "interestExpense": 3500000,
        "depreciationAndAmortization": 17600000,
        "ebitda": 61500000,
        "ebitdaratio": 0.1493080845,
        "operatingIncome": 44700000,
        "operatingIncomeRatio": 0.1085214858,
        "totalOtherIncomeExpensesNet": -4300000,
        "incomeBeforeTax": 40400000,
        "incomeBeforeTaxRatio": 0.0980820588,
        "incomeTaxExpense": 15200000,
        "netIncome": 25200000,
        "netIncomeRatio": 0.061179898,
        "eps": 0.23,
        "epsdiluted": 0.23,
        "weightedAverageShsOut": 107234043,
        "weightedAverageShsOutDil": 107234043,
        "link": "",
        "finalLink": ""
    },
    {
        "date": "1996-03-31",
        "symbol": "BMS",
        "reportedCurrency": "USD",
        "cik": "0000011199",
        "fillingDate": "1996-03-31",
        "acceptedDate": "1996-03-30 19:00:00",
        "calendarYear": "1996",
        "period": "Q1",
        "revenue": 385500000,
        "costOfRevenue": 285800000,
        "grossProfit": 99700000,
        "grossProfitRatio": 0.2586251621,
        "researchAndDevelopmentExpenses": 0,
        "generalAndAdministrativeExpenses": 0,
        "sellingAndMarketingExpenses": 0,
        "sellingGeneralAndAdministrativeExpenses": 48800000,
        "otherExpenses": 16900000,
        "operatingExpenses": 65700000,
        "costAndExpenses": 351500000,
        "interestIncome": 0,
        "interestExpense": 2700000,
        "depreciationAndAmortization": 16900000,
        "ebitda": 54500000,
        "ebitdaratio": 0.1413748379,
        "operatingIncome": 34000000,
        "operatingIncomeRatio": 0.0881971466,
        "totalOtherIncomeExpensesNet": 900000,
        "incomeBeforeTax": 34900000,
        "incomeBeforeTaxRatio": 0.0905317769,
        "incomeTaxExpense": 13200000,
        "netIncome": 21700000,
        "netIncomeRatio": 0.0562905318,
        "eps": 0.2,
        "epsdiluted": 0.2,
        "weightedAverageShsOut": 105853659,
        "weightedAverageShsOutDil": 105853659,
        "link": "",
        "finalLink": ""
    },
    {
        "date": "1995-12-31",
        "symbol": "BMS",
        "reportedCurrency": "USD",
        "cik": "0000011199",
        "fillingDate": "1995-12-31",
        "acceptedDate": "1995-12-30 19:00:00",
        "calendarYear": "1995",
        "period": "Q4",
        "revenue": 399200000,
        "costOfRevenue": 286600000,
        "grossProfit": 112600000,
        "grossProfitRatio": 0.2820641283,
        "researchAndDevelopmentExpenses": 0,
        "generalAndAdministrativeExpenses": 0,
        "sellingAndMarketingExpenses": 0,
        "sellingGeneralAndAdministrativeExpenses": 51400000,
        "otherExpenses": 13700000,
        "operatingExpenses": 65100000,
        "costAndExpenses": 351700000,
        "interestIncome": 0,
        "interestExpense": 3100000,
        "depreciationAndAmortization": 13700000,
        "ebitda": 60300000,
        "ebitdaratio": 0.1510521042,
        "operatingIncome": 47500000,
        "operatingIncomeRatio": 0.118987976,
        "totalOtherIncomeExpensesNet": -4000000,
        "incomeBeforeTax": 43500000,
        "incomeBeforeTaxRatio": 0.1089679359,
        "incomeTaxExpense": 16400000,
        "netIncome": 27100000,
        "netIncomeRatio": 0.0678857715,
        "eps": 0.26,
        "epsdiluted": 0.26,
        "weightedAverageShsOut": 105853659,
        "weightedAverageShsOutDil": 105853659,
        "link": "",
        "finalLink": ""
    },
    {
        "date": "1995-09-30",
        "symbol": "BMS",
        "reportedCurrency": "USD",
        "cik": "0000011199",
        "fillingDate": "1995-09-30",
        "acceptedDate": "1995-09-29 20:00:00",
        "calendarYear": "1995",
        "period": "Q3",
        "revenue": 372500000,
        "costOfRevenue": 278300000,
        "grossProfit": 94200000,
        "grossProfitRatio": 0.252885906,
        "researchAndDevelopmentExpenses": 0,
        "generalAndAdministrativeExpenses": 0,
        "sellingAndMarketingExpenses": 0,
        "sellingGeneralAndAdministrativeExpenses": 45500000,
        "otherExpenses": 14500000,
        "operatingExpenses": 60000000,
        "costAndExpenses": 338300000,
        "interestIncome": 0,
        "interestExpense": 2700000,
        "depreciationAndAmortization": 14500000,
        "ebitda": 50100000,
        "ebitdaratio": 0.1344966443,
        "operatingIncome": 34200000,
        "operatingIncomeRatio": 0.0918120805,
        "totalOtherIncomeExpensesNet": -1300000,
        "incomeBeforeTax": 32900000,
        "incomeBeforeTaxRatio": 0.0883221477,
        "incomeTaxExpense": 12100000,
        "netIncome": 20800000,
        "netIncomeRatio": 0.0558389262,
        "eps": 0.2,
        "epsdiluted": 0.2,
        "weightedAverageShsOut": 104000000,
        "weightedAverageShsOutDil": 104000000,
        "link": "",
        "finalLink": ""
    },
    {
        "date": "1995-06-30",
        "symbol": "BMS",
        "reportedCurrency": "USD",
        "cik": "0000011199",
        "fillingDate": "1995-06-30",
        "acceptedDate": "1995-06-29 20:00:00",
        "calendarYear": "1995",
        "period": "Q2",
        "revenue": 383200000,
        "costOfRevenue": 284800000,
        "grossProfit": 98400000,
        "grossProfitRatio": 0.2567849687,
        "researchAndDevelopmentExpenses": 0,
        "generalAndAdministrativeExpenses": 0,
        "sellingAndMarketingExpenses": 0,
        "sellingGeneralAndAdministrativeExpenses": 46100000,
        "otherExpenses": 14900000,
        "operatingExpenses": 61000000,
        "costAndExpenses": 345800000,
        "interestIncome": 0,
        "interestExpense": 2700000,
        "depreciationAndAmortization": 14900000,
        "ebitda": 51400000,
        "ebitdaratio": 0.1341336117,
        "operatingIncome": 37400000,
        "operatingIncomeRatio": 0.0975991649,
        "totalOtherIncomeExpensesNet": -3600000,
        "incomeBeforeTax": 33800000,
        "incomeBeforeTaxRatio": 0.0882045929,
        "incomeTaxExpense": 12700000,
        "netIncome": 21100000,
        "netIncomeRatio": 0.0550626305,
        "eps": 0.21,
        "epsdiluted": 0.21,
        "weightedAverageShsOut": 102926829,
        "weightedAverageShsOutDil": 102926829,
        "link": "",
        "finalLink": ""
    },
    {
        "date": "1995-03-31",
        "symbol": "BMS",
        "reportedCurrency": "USD",
        "cik": "0000011199",
        "fillingDate": "1995-03-31",
        "acceptedDate": "1995-03-30 19:00:00",
        "calendarYear": "1995",
        "period": "Q1",
        "revenue": 368600000,
        "costOfRevenue": 275800000,
        "grossProfit": 92800000,
        "grossProfitRatio": 0.2517634292,
        "researchAndDevelopmentExpenses": 0,
        "generalAndAdministrativeExpenses": 0,
        "sellingAndMarketingExpenses": 0,
        "sellingGeneralAndAdministrativeExpenses": 48600000,
        "otherExpenses": 14900000,
        "operatingExpenses": 63500000,
        "costAndExpenses": 339300000,
        "interestIncome": 0,
        "interestExpense": 3000000,
        "depreciationAndAmortization": 14900000,
        "ebitda": 43700000,
        "ebitdaratio": 0.118556701,
        "operatingIncome": 29300000,
        "operatingIncomeRatio": 0.079489962,
        "totalOtherIncomeExpensesNet": -3500000,
        "incomeBeforeTax": 25800000,
        "incomeBeforeTaxRatio": 0.0699945741,
        "incomeTaxExpense": 9700000,
        "netIncome": 16100000,
        "netIncomeRatio": 0.0436787846,
        "eps": 0.15,
        "epsdiluted": 0.15,
        "weightedAverageShsOut": 103870968,
        "weightedAverageShsOutDil": 103870968,
        "link": "",
        "finalLink": ""
    },
    {
        "date": "1994-12-31",
        "symbol": "BMS",
        "reportedCurrency": "USD",
        "cik": "0000011199",
        "fillingDate": "1994-12-31",
        "acceptedDate": "1994-12-30 19:00:00",
        "calendarYear": "1994",
        "period": "Q4",
        "revenue": 373200000,
        "costOfRevenue": 273500000,
        "grossProfit": 99700000,
        "grossProfitRatio": 0.2671489818,
        "researchAndDevelopmentExpenses": 0,
        "generalAndAdministrativeExpenses": 0,
        "sellingAndMarketingExpenses": 0,
        "sellingGeneralAndAdministrativeExpenses": 48000000,
        "otherExpenses": 11200000,
        "operatingExpenses": 59200000,
        "costAndExpenses": 332700000,
        "interestIncome": 0,
        "interestExpense": 2800000,
        "depreciationAndAmortization": 11200000,
        "ebitda": 50400000,
        "ebitdaratio": 0.1350482315,
        "operatingIncome": 40500000,
        "operatingIncomeRatio": 0.1085209003,
        "totalOtherIncomeExpensesNet": -4100000,
        "incomeBeforeTax": 36400000,
        "incomeBeforeTaxRatio": 0.0975348339,
        "incomeTaxExpense": 14200000,
        "netIncome": 22200000,
        "netIncomeRatio": 0.0594855305,
        "eps": 0.21,
        "epsdiluted": 0.21,
        "weightedAverageShsOut": 103870968,
        "weightedAverageShsOutDil": 103870968,
        "link": "",
        "finalLink": ""
    },
    {
        "date": "1994-09-30",
        "symbol": "BMS",
        "reportedCurrency": "USD",
        "cik": "0000011199",
        "fillingDate": "1994-09-30",
        "acceptedDate": "1994-09-29 20:00:00",
        "calendarYear": "1994",
        "period": "Q3",
        "revenue": 356200000,
        "costOfRevenue": 265400000,
        "grossProfit": 90800000,
        "grossProfitRatio": 0.2549129702,
        "researchAndDevelopmentExpenses": 0,
        "generalAndAdministrativeExpenses": 0,
        "sellingAndMarketingExpenses": 0,
        "sellingGeneralAndAdministrativeExpenses": 45100000,
        "otherExpenses": 13700000,
        "operatingExpenses": 58800000,
        "costAndExpenses": 324200000,
        "interestIncome": 0,
        "interestExpense": 2100000,
        "depreciationAndAmortization": 13700000,
        "ebitda": 45400000,
        "ebitdaratio": 0.1274564851,
        "operatingIncome": 32000000,
        "operatingIncomeRatio": 0.0898371701,
        "totalOtherIncomeExpensesNet": -2400000,
        "incomeBeforeTax": 29600000,
        "incomeBeforeTaxRatio": 0.0830993824,
        "incomeTaxExpense": 11300000,
        "netIncome": 18300000,
        "netIncomeRatio": 0.0513756317,
        "eps": 0.17,
        "epsdiluted": 0.17,
        "weightedAverageShsOut": 104571429,
        "weightedAverageShsOutDil": 104571429,
        "link": "",
        "finalLink": ""
    },
    {
        "date": "1994-06-30",
        "symbol": "BMS",
        "reportedCurrency": "USD",
        "cik": "0000011199",
        "fillingDate": "1994-06-30",
        "acceptedDate": "1994-06-29 20:00:00",
        "calendarYear": "1994",
        "period": "Q2",
        "revenue": 337700000,
        "costOfRevenue": 248700000,
        "grossProfit": 89000000,
        "grossProfitRatio": 0.2635475274,
        "researchAndDevelopmentExpenses": 0,
        "generalAndAdministrativeExpenses": 0,
        "sellingAndMarketingExpenses": 0,
        "sellingGeneralAndAdministrativeExpenses": 42900000,
        "otherExpenses": 13600000,
        "operatingExpenses": 56500000,
        "costAndExpenses": 305200000,
        "interestIncome": 0,
        "interestExpense": 1900000,
        "depreciationAndAmortization": 13600000,
        "ebitda": 45600000,
        "ebitdaratio": 0.1350310927,
        "operatingIncome": 32500000,
        "operatingIncomeRatio": 0.0962392656,
        "totalOtherIncomeExpensesNet": -2400000,
        "incomeBeforeTax": 30100000,
        "incomeBeforeTaxRatio": 0.089132366,
        "incomeTaxExpense": 11400000,
        "netIncome": 18700000,
        "netIncomeRatio": 0.0553745928,
        "eps": 0.18,
        "epsdiluted": 0.18,
        "weightedAverageShsOut": 103888889,
        "weightedAverageShsOutDil": 103888889,
        "link": "",
        "finalLink": ""
    },
    {
        "date": "1994-03-31",
        "symbol": "BMS",
        "reportedCurrency": "USD",
        "cik": "0000011199",
        "fillingDate": "1994-03-31",
        "acceptedDate": "1994-03-30 19:00:00",
        "calendarYear": "1994",
        "period": "Q1",
        "revenue": 323300000,
        "costOfRevenue": 237600000,
        "grossProfit": 85700000,
        "grossProfitRatio": 0.2650788741,
        "researchAndDevelopmentExpenses": 0,
        "generalAndAdministrativeExpenses": 0,
        "sellingAndMarketingExpenses": 0,
        "sellingGeneralAndAdministrativeExpenses": 48300000,
        "otherExpenses": 13300000,
        "operatingExpenses": 61600000,
        "costAndExpenses": 299200000,
        "interestIncome": 0,
        "interestExpense": 1600000,
        "depreciationAndAmortization": 13300000,
        "ebitda": 36900000,
        "ebitdaratio": 0.1141354779,
        "operatingIncome": 24100000,
        "operatingIncomeRatio": 0.0745437674,
        "totalOtherIncomeExpensesNet": -2100000,
        "incomeBeforeTax": 22000000,
        "incomeBeforeTaxRatio": 0.0680482524,
        "incomeTaxExpense": 8400000,
        "netIncome": 13600000,
        "netIncomeRatio": 0.0420661924,
        "eps": 0.13,
        "epsdiluted": 0.13,
        "weightedAverageShsOut": 104615385,
        "weightedAverageShsOutDil": 104615385,
        "link": "",
        "finalLink": ""
    },
    {
        "date": "1993-12-31",
        "symbol": "BMS",
        "reportedCurrency": "USD",
        "cik": "0000011199",
        "fillingDate": "1993-12-31",
        "acceptedDate": "1993-12-30 19:00:00",
        "calendarYear": "1993",
        "period": "Q4",
        "revenue": 308100000,
        "costOfRevenue": 218700000,
        "grossProfit": 89400000,
        "grossProfitRatio": 0.2901655307,
        "researchAndDevelopmentExpenses": 0,
        "generalAndAdministrativeExpenses": 0,
        "sellingAndMarketingExpenses": 0,
        "sellingGeneralAndAdministrativeExpenses": 47100000,
        "otherExpenses": 10300000,
        "operatingExpenses": 57400000,
        "costAndExpenses": 276100000,
        "interestIncome": 0,
        "interestExpense": 1700000,
        "depreciationAndAmortization": 10300000,
        "ebitda": 40400000,
        "ebitdaratio": 0.1311262577,
        "operatingIncome": 32000000,
        "operatingIncomeRatio": 0.1038623823,
        "totalOtherIncomeExpensesNet": -1900000,
        "incomeBeforeTax": 30100000,
        "incomeBeforeTaxRatio": 0.0976955534,
        "incomeTaxExpense": 11200000,
        "netIncome": 17200000,
        "netIncomeRatio": 0.0558260305,
        "eps": 0.16,
        "epsdiluted": 0.16,
        "weightedAverageShsOut": 104615385,
        "weightedAverageShsOutDil": 104615385,
        "link": "",
        "finalLink": ""
    },
    {
        "date": "1993-09-30",
        "symbol": "BMS",
        "reportedCurrency": "USD",
        "cik": "0000011199",
        "fillingDate": "1993-09-30",
        "acceptedDate": "1993-09-29 20:00:00",
        "calendarYear": "1993",
        "period": "Q3",
        "revenue": 299500000,
        "costOfRevenue": 222600000,
        "grossProfit": 76900000,
        "grossProfitRatio": 0.2567612688,
        "researchAndDevelopmentExpenses": 0,
        "generalAndAdministrativeExpenses": 0,
        "sellingAndMarketingExpenses": 0,
        "sellingGeneralAndAdministrativeExpenses": 40300000,
        "otherExpenses": 11100000,
        "operatingExpenses": 51400000,
        "costAndExpenses": 274000000,
        "interestIncome": 0,
        "interestExpense": 1700000,
        "depreciationAndAmortization": 11200000,
        "ebitda": 15800000,
        "ebitdaratio": 0.052754591,
        "operatingIncome": 25500000,
        "operatingIncomeRatio": 0.0851419032,
        "totalOtherIncomeExpensesNet": -22600000,
        "incomeBeforeTax": 2900000,
        "incomeBeforeTaxRatio": 0.0096828047,
        "incomeTaxExpense": 1900000,
        "netIncome": 1000000,
        "netIncomeRatio": 0.0033388982,
        "eps": 0.01,
        "epsdiluted": 0.01,
        "weightedAverageShsOut": 100000000,
        "weightedAverageShsOutDil": 100000000,
        "link": "",
        "finalLink": ""
    },
    {
        "date": "1993-06-30",
        "symbol": "BMS",
        "reportedCurrency": "USD",
        "cik": "0000011199",
        "fillingDate": "1993-06-30",
        "acceptedDate": "1993-06-29 20:00:00",
        "calendarYear": "1993",
        "period": "Q2",
        "revenue": 303200000,
        "costOfRevenue": 221900000,
        "grossProfit": 81300000,
        "grossProfitRatio": 0.2681398417,
        "researchAndDevelopmentExpenses": 0,
        "generalAndAdministrativeExpenses": 0,
        "sellingAndMarketingExpenses": 0,
        "sellingGeneralAndAdministrativeExpenses": 43000000,
        "otherExpenses": 12800000,
        "operatingExpenses": 55800000,
        "costAndExpenses": 277700000,
        "interestIncome": 0,
        "interestExpense": 1900000,
        "depreciationAndAmortization": 12700000,
        "ebitda": 39100000,
        "ebitdaratio": 0.1289577836,
        "operatingIncome": 25500000,
        "operatingIncomeRatio": 0.0841029024,
        "totalOtherIncomeExpensesNet": -1000000,
        "incomeBeforeTax": 24500000,
        "incomeBeforeTaxRatio": 0.0808047493,
        "incomeTaxExpense": 9000000,
        "netIncome": 15500000,
        "netIncomeRatio": 0.051121372,
        "eps": 0.15,
        "epsdiluted": 0.15,
        "weightedAverageShsOut": 103333333,
        "weightedAverageShsOutDil": 103333333,
        "link": "",
        "finalLink": ""
    },
    {
        "date": "1993-03-31",
        "symbol": "BMS",
        "reportedCurrency": "USD",
        "cik": "0000011199",
        "fillingDate": "1993-03-31",
        "acceptedDate": "1993-03-30 19:00:00",
        "calendarYear": "1993",
        "period": "Q1",
        "revenue": 292600000,
        "costOfRevenue": 216000000,
        "grossProfit": 76600000,
        "grossProfitRatio": 0.2617908407,
        "researchAndDevelopmentExpenses": 0,
        "generalAndAdministrativeExpenses": 0,
        "sellingAndMarketingExpenses": 0,
        "sellingGeneralAndAdministrativeExpenses": 45300000,
        "otherExpenses": 12800000,
        "operatingExpenses": 58100000,
        "costAndExpenses": 274100000,
        "interestIncome": 0,
        "interestExpense": 1900000,
        "depreciationAndAmortization": 12800000,
        "ebitda": 31600000,
        "ebitdaratio": 0.1079972659,
        "operatingIncome": 18500000,
        "operatingIncomeRatio": 0.0632262474,
        "totalOtherIncomeExpensesNet": -1600000,
        "incomeBeforeTax": 16900000,
        "incomeBeforeTaxRatio": 0.0577580314,
        "incomeTaxExpense": 6200000,
        "netIncome": 10700000,
        "netIncomeRatio": 0.0365686945,
        "eps": 0.1,
        "epsdiluted": 0.1,
        "weightedAverageShsOut": 101904762,
        "weightedAverageShsOutDil": 101904762,
        "link": "",
        "finalLink": ""
    },
    {
        "date": "1992-12-31",
        "symbol": "BMS",
        "reportedCurrency": "USD",
        "cik": "0000011199",
        "fillingDate": "1992-12-31",
        "acceptedDate": "1992-12-30 19:00:00",
        "calendarYear": "1992",
        "period": "Q4",
        "revenue": 301700000,
        "costOfRevenue": 221200000,
        "grossProfit": 80500000,
        "grossProfitRatio": 0.2668213457,
        "researchAndDevelopmentExpenses": 0,
        "generalAndAdministrativeExpenses": 0,
        "sellingAndMarketingExpenses": 0,
        "sellingGeneralAndAdministrativeExpenses": 41700000,
        "otherExpenses": 11000000,
        "operatingExpenses": 52700000,
        "costAndExpenses": 273900000,
        "interestIncome": 0,
        "interestExpense": 1800000,
        "depreciationAndAmortization": 11000000,
        "ebitda": 38500000,
        "ebitdaratio": 0.1276102088,
        "operatingIncome": 27800000,
        "operatingIncomeRatio": 0.0921445144,
        "totalOtherIncomeExpensesNet": -1800000,
        "incomeBeforeTax": 26000000,
        "incomeBeforeTaxRatio": 0.0861783228,
        "incomeTaxExpense": 9500000,
        "netIncome": 16200000,
        "netIncomeRatio": 0.0536957242,
        "eps": 0.16,
        "epsdiluted": 0.16,
        "weightedAverageShsOut": 101904762,
        "weightedAverageShsOutDil": 101904762,
        "link": "",
        "finalLink": ""
    },
    {
        "date": "1992-09-30",
        "symbol": "BMS",
        "reportedCurrency": "USD",
        "cik": "0000011199",
        "fillingDate": "1992-09-30",
        "acceptedDate": "1992-09-29 20:00:00",
        "calendarYear": "1992",
        "period": "Q3",
        "revenue": 292600000,
        "costOfRevenue": 213000000,
        "grossProfit": 79600000,
        "grossProfitRatio": 0.2720437457,
        "researchAndDevelopmentExpenses": 0,
        "generalAndAdministrativeExpenses": 0,
        "sellingAndMarketingExpenses": 0,
        "sellingGeneralAndAdministrativeExpenses": 42100000,
        "otherExpenses": 12300000,
        "operatingExpenses": 54400000,
        "costAndExpenses": 267400000,
        "interestIncome": 0,
        "interestExpense": 1800000,
        "depreciationAndAmortization": 12300000,
        "ebitda": 36900000,
        "ebitdaratio": 0.1261107314,
        "operatingIncome": 25200000,
        "operatingIncomeRatio": 0.0861244019,
        "totalOtherIncomeExpensesNet": -2400000,
        "incomeBeforeTax": 22800000,
        "incomeBeforeTaxRatio": 0.0779220779,
        "incomeTaxExpense": 8300000,
        "netIncome": 14500000,
        "netIncomeRatio": 0.0495557075,
        "eps": 0.14,
        "epsdiluted": 0.14,
        "weightedAverageShsOut": 103571429,
        "weightedAverageShsOutDil": 103571429,
        "link": "",
        "finalLink": ""
    },
    {
        "date": "1992-06-30",
        "symbol": "BMS",
        "reportedCurrency": "USD",
        "cik": "0000011199",
        "fillingDate": "1992-06-30",
        "acceptedDate": "1992-06-29 20:00:00",
        "calendarYear": "1992",
        "period": "Q2",
        "revenue": 297500000,
        "costOfRevenue": 214400000,
        "grossProfit": 83100000,
        "grossProfitRatio": 0.2793277311,
        "researchAndDevelopmentExpenses": 0,
        "generalAndAdministrativeExpenses": 0,
        "sellingAndMarketingExpenses": 0,
        "sellingGeneralAndAdministrativeExpenses": 44000000,
        "otherExpenses": 12400000,
        "operatingExpenses": 56400000,
        "costAndExpenses": 270800000,
        "interestIncome": 0,
        "interestExpense": 1900000,
        "depreciationAndAmortization": 12400000,
        "ebitda": 38800000,
        "ebitdaratio": 0.1304201681,
        "operatingIncome": 26700000,
        "operatingIncomeRatio": 0.0897478992,
        "totalOtherIncomeExpensesNet": -2200000,
        "incomeBeforeTax": 24500000,
        "incomeBeforeTaxRatio": 0.0823529412,
        "incomeTaxExpense": 9000000,
        "netIncome": 15500000,
        "netIncomeRatio": 0.0521008403,
        "eps": 0.15,
        "epsdiluted": 0.15,
        "weightedAverageShsOut": 103333333,
        "weightedAverageShsOutDil": 103333333,
        "link": "",
        "finalLink": ""
    },
    {
        "date": "1992-03-31",
        "symbol": "BMS",
        "reportedCurrency": "USD",
        "cik": "0000011199",
        "fillingDate": "1992-03-31",
        "acceptedDate": "1992-03-30 19:00:00",
        "calendarYear": "1992",
        "period": "Q1",
        "revenue": 289600000,
        "costOfRevenue": 211600000,
        "grossProfit": 78000000,
        "grossProfitRatio": 0.2693370166,
        "researchAndDevelopmentExpenses": 0,
        "generalAndAdministrativeExpenses": 0,
        "sellingAndMarketingExpenses": 0,
        "sellingGeneralAndAdministrativeExpenses": 45400000,
        "otherExpenses": 12600000,
        "operatingExpenses": 58000000,
        "costAndExpenses": 269600000,
        "interestIncome": 0,
        "interestExpense": 2000000,
        "depreciationAndAmortization": 12600000,
        "ebitda": 31500000,
        "ebitdaratio": 0.1087707182,
        "operatingIncome": 20000000,
        "operatingIncomeRatio": 0.0690607735,
        "totalOtherIncomeExpensesNet": -3100000,
        "incomeBeforeTax": 16900000,
        "incomeBeforeTaxRatio": 0.0583563536,
        "incomeTaxExpense": 6200000,
        "netIncome": 10700000,
        "netIncomeRatio": 0.0369475138,
        "eps": 0.1,
        "epsdiluted": 0.1,
        "weightedAverageShsOut": 101904762,
        "weightedAverageShsOutDil": 101904762,
        "link": "",
        "finalLink": ""
    },
    {
        "date": "1991-12-31",
        "symbol": "BMS",
        "reportedCurrency": "USD",
        "cik": "0000011199",
        "fillingDate": "1991-12-31",
        "acceptedDate": "1991-12-30 19:00:00",
        "calendarYear": "1991",
        "period": "Q4",
        "revenue": 290800000,
        "costOfRevenue": 206500000,
        "grossProfit": 84300000,
        "grossProfitRatio": 0.2898899587,
        "researchAndDevelopmentExpenses": 0,
        "generalAndAdministrativeExpenses": 0,
        "sellingAndMarketingExpenses": 0,
        "sellingGeneralAndAdministrativeExpenses": 41400000,
        "otherExpenses": 10300000,
        "operatingExpenses": 51700000,
        "costAndExpenses": 258200000,
        "interestIncome": 0,
        "interestExpense": 2500000,
        "depreciationAndAmortization": 10300000,
        "ebitda": 41100000,
        "ebitdaratio": 0.1413342503,
        "operatingIncome": 32600000,
        "operatingIncomeRatio": 0.1121045392,
        "totalOtherIncomeExpensesNet": -4300000,
        "incomeBeforeTax": 28300000,
        "incomeBeforeTaxRatio": 0.0973177442,
        "incomeTaxExpense": 10400000,
        "netIncome": 17900000,
        "netIncomeRatio": 0.0615543329,
        "eps": 0.18,
        "epsdiluted": 0.18,
        "weightedAverageShsOut": 101904762,
        "weightedAverageShsOutDil": 101904762,
        "link": "",
        "finalLink": ""
    },
    {
        "date": "1991-09-30",
        "symbol": "BMS",
        "reportedCurrency": "USD",
        "cik": "0000011199",
        "fillingDate": "1991-09-30",
        "acceptedDate": "1991-09-29 20:00:00",
        "calendarYear": "1991",
        "period": "Q3",
        "revenue": 284600000,
        "costOfRevenue": 207600000,
        "grossProfit": 77000000,
        "grossProfitRatio": 0.2705551651,
        "researchAndDevelopmentExpenses": 0,
        "generalAndAdministrativeExpenses": 0,
        "sellingAndMarketingExpenses": 0,
        "sellingGeneralAndAdministrativeExpenses": 39600000,
        "otherExpenses": 12000000,
        "operatingExpenses": 51600000,
        "costAndExpenses": 259200000,
        "interestIncome": 0,
        "interestExpense": 2800000,
        "depreciationAndAmortization": 12000000,
        "ebitda": 36900000,
        "ebitdaratio": 0.1296556571,
        "operatingIncome": 25400000,
        "operatingIncomeRatio": 0.0892480675,
        "totalOtherIncomeExpensesNet": -3300000,
        "incomeBeforeTax": 22100000,
        "incomeBeforeTaxRatio": 0.0776528461,
        "incomeTaxExpense": 8400000,
        "netIncome": 13700000,
        "netIncomeRatio": 0.0481377372,
        "eps": 0.14,
        "epsdiluted": 0.14,
        "weightedAverageShsOut": 101481481,
        "weightedAverageShsOutDil": 101481481,
        "link": "",
        "finalLink": ""
    },
    {
        "date": "1991-06-30",
        "symbol": "BMS",
        "reportedCurrency": "USD",
        "cik": "0000011199",
        "fillingDate": "1991-06-30",
        "acceptedDate": "1991-06-29 20:00:00",
        "calendarYear": "1991",
        "period": "Q2",
        "revenue": 286900000,
        "costOfRevenue": 209000000,
        "grossProfit": 77900000,
        "grossProfitRatio": 0.2715231788,
        "researchAndDevelopmentExpenses": 0,
        "generalAndAdministrativeExpenses": 0,
        "sellingAndMarketingExpenses": 0,
        "sellingGeneralAndAdministrativeExpenses": 42300000,
        "otherExpenses": 12300000,
        "operatingExpenses": 54600000,
        "costAndExpenses": 263600000,
        "interestIncome": 0,
        "interestExpense": 2900000,
        "depreciationAndAmortization": 12300000,
        "ebitda": 36500000,
        "ebitdaratio": 0.1272220286,
        "operatingIncome": 23300000,
        "operatingIncomeRatio": 0.0812129662,
        "totalOtherIncomeExpensesNet": -2000000,
        "incomeBeforeTax": 21300000,
        "incomeBeforeTaxRatio": 0.0742418961,
        "incomeTaxExpense": 8100000,
        "netIncome": 13200000,
        "netIncomeRatio": 0.0460090624,
        "eps": 0.13,
        "epsdiluted": 0.13,
        "weightedAverageShsOut": 101538462,
        "weightedAverageShsOutDil": 101538462,
        "link": "",
        "finalLink": ""
    },
    {
        "date": "1991-03-31",
        "symbol": "BMS",
        "reportedCurrency": "USD",
        "cik": "0000011199",
        "fillingDate": "1991-03-31",
        "acceptedDate": "1991-03-30 19:00:00",
        "calendarYear": "1991",
        "period": "Q1",
        "revenue": 279300000,
        "costOfRevenue": 207600000,
        "grossProfit": 71700000,
        "grossProfitRatio": 0.2567132116,
        "researchAndDevelopmentExpenses": 0,
        "generalAndAdministrativeExpenses": 0,
        "sellingAndMarketingExpenses": 0,
        "sellingGeneralAndAdministrativeExpenses": 45000000,
        "otherExpenses": 12500000,
        "operatingExpenses": 57500000,
        "costAndExpenses": 265100000,
        "interestIncome": 0,
        "interestExpense": 3900000,
        "depreciationAndAmortization": 12500000,
        "ebitda": 29600000,
        "ebitdaratio": 0.1059792338,
        "operatingIncome": 14200000,
        "operatingIncomeRatio": 0.0508413892,
        "totalOtherIncomeExpensesNet": -1000000,
        "incomeBeforeTax": 13200000,
        "incomeBeforeTaxRatio": 0.0472610097,
        "incomeTaxExpense": 5000000,
        "netIncome": 8200000,
        "netIncomeRatio": 0.0293591121,
        "eps": 0.08,
        "epsdiluted": 0.08,
        "weightedAverageShsOut": 102500000,
        "weightedAverageShsOutDil": 102500000,
        "link": "",
        "finalLink": ""
    },
    {
        "date": "1990-12-31",
        "symbol": "BMS",
        "reportedCurrency": "USD",
        "cik": "0000011199",
        "fillingDate": "1990-12-31",
        "acceptedDate": "1990-12-30 19:00:00",
        "calendarYear": "1990",
        "period": "Q4",
        "revenue": 303300000,
        "costOfRevenue": 220800000,
        "grossProfit": 82500000,
        "grossProfitRatio": 0.272007913,
        "researchAndDevelopmentExpenses": 0,
        "generalAndAdministrativeExpenses": 0,
        "sellingAndMarketingExpenses": 0,
        "sellingGeneralAndAdministrativeExpenses": 43300000,
        "otherExpenses": 9200000,
        "operatingExpenses": 52500000,
        "costAndExpenses": 273300000,
        "interestIncome": 0,
        "interestExpense": 4100000,
        "depreciationAndAmortization": 9200000,
        "ebitda": 38000000,
        "ebitdaratio": 0.1252884932,
        "operatingIncome": 30000000,
        "operatingIncomeRatio": 0.0989119683,
        "totalOtherIncomeExpensesNet": -5300000,
        "incomeBeforeTax": 24700000,
        "incomeBeforeTaxRatio": 0.0814375206,
        "incomeTaxExpense": 9300000,
        "netIncome": 15400000,
        "netIncomeRatio": 0.0507748104,
        "eps": 0.15,
        "epsdiluted": 0.15,
        "weightedAverageShsOut": 102500000,
        "weightedAverageShsOutDil": 102500000,
        "link": "",
        "finalLink": ""
    },
    {
        "date": "1990-09-30",
        "symbol": "BMS",
        "reportedCurrency": "USD",
        "cik": "0000011199",
        "fillingDate": "1990-09-30",
        "acceptedDate": "1990-09-29 20:00:00",
        "calendarYear": "1990",
        "period": "Q3",
        "revenue": 271700000,
        "costOfRevenue": 196400000,
        "grossProfit": 75300000,
        "grossProfitRatio": 0.2771439087,
        "researchAndDevelopmentExpenses": 0,
        "generalAndAdministrativeExpenses": 0,
        "sellingAndMarketingExpenses": 0,
        "sellingGeneralAndAdministrativeExpenses": 42100000,
        "otherExpenses": 10800000,
        "operatingExpenses": 52900000,
        "costAndExpenses": 249300000,
        "interestIncome": 0,
        "interestExpense": 2900000,
        "depreciationAndAmortization": 10800000,
        "ebitda": 33500000,
        "ebitdaratio": 0.1232977549,
        "operatingIncome": 22400000,
        "operatingIncomeRatio": 0.0824438719,
        "totalOtherIncomeExpensesNet": -2600000,
        "incomeBeforeTax": 19800000,
        "incomeBeforeTaxRatio": 0.0728744939,
        "incomeTaxExpense": 7400000,
        "netIncome": 12400000,
        "netIncomeRatio": 0.045638572,
        "eps": 0.12,
        "epsdiluted": 0.12,
        "weightedAverageShsOut": 103333333,
        "weightedAverageShsOutDil": 103333333,
        "link": "",
        "finalLink": ""
    },
    {
        "date": "1990-06-30",
        "symbol": "BMS",
        "reportedCurrency": "USD",
        "cik": "0000011199",
        "fillingDate": "1990-06-30",
        "acceptedDate": "1990-06-29 20:00:00",
        "calendarYear": "1990",
        "period": "Q2",
        "revenue": 281400000,
        "costOfRevenue": 203600000,
        "grossProfit": 77800000,
        "grossProfitRatio": 0.276474769,
        "researchAndDevelopmentExpenses": 0,
        "generalAndAdministrativeExpenses": 0,
        "sellingAndMarketingExpenses": 0,
        "sellingGeneralAndAdministrativeExpenses": 42400000,
        "otherExpenses": 11200000,
        "operatingExpenses": 53600000,
        "costAndExpenses": 257200000,
        "interestIncome": 0,
        "interestExpense": 2300000,
        "depreciationAndAmortization": 11200000,
        "ebitda": 35600000,
        "ebitdaratio": 0.1265103056,
        "operatingIncome": 24200000,
        "operatingIncomeRatio": 0.0859985785,
        "totalOtherIncomeExpensesNet": -2100000,
        "incomeBeforeTax": 22100000,
        "incomeBeforeTaxRatio": 0.078535892,
        "incomeTaxExpense": 8300000,
        "netIncome": 13800000,
        "netIncomeRatio": 0.0490405117,
        "eps": 0.14,
        "epsdiluted": 0.14,
        "weightedAverageShsOut": 102222222,
        "weightedAverageShsOutDil": 102222222,
        "link": "",
        "finalLink": ""
    },
    {
        "date": "1990-03-31",
        "symbol": "BMS",
        "reportedCurrency": "USD",
        "cik": "0000011199",
        "fillingDate": "1990-03-31",
        "acceptedDate": "1990-03-30 19:00:00",
        "calendarYear": "1990",
        "period": "Q1",
        "revenue": 271800000,
        "costOfRevenue": 200700000,
        "grossProfit": 71100000,
        "grossProfitRatio": 0.261589404,
        "researchAndDevelopmentExpenses": 0,
        "generalAndAdministrativeExpenses": 0,
        "sellingAndMarketingExpenses": 0,
        "sellingGeneralAndAdministrativeExpenses": 41800000,
        "otherExpenses": 11100000,
        "operatingExpenses": 52900000,
        "costAndExpenses": 253600000,
        "interestIncome": 0,
        "interestExpense": 2400000,
        "depreciationAndAmortization": 11100000,
        "ebitda": 28700000,
        "ebitdaratio": 0.1055923473,
        "operatingIncome": 18200000,
        "operatingIncomeRatio": 0.0669610007,
        "totalOtherIncomeExpensesNet": -3000000,
        "incomeBeforeTax": 15200000,
        "incomeBeforeTaxRatio": 0.0559234731,
        "incomeTaxExpense": 5800000,
        "netIncome": 9400000,
        "netIncomeRatio": 0.0345842531,
        "eps": 0.09,
        "epsdiluted": 0.09,
        "weightedAverageShsOut": 104444444,
        "weightedAverageShsOutDil": 104444444,
        "link": "",
        "finalLink": ""
    },
    {
        "date": "1989-12-31",
        "symbol": "BMS",
        "reportedCurrency": "USD",
        "cik": "0000011199",
        "fillingDate": "1989-12-31",
        "acceptedDate": "1989-12-30 19:00:00",
        "calendarYear": "1989",
        "period": "Q4",
        "revenue": 269000000,
        "costOfRevenue": 193500000,
        "grossProfit": 75500000,
        "grossProfitRatio": 0.280669145,
        "researchAndDevelopmentExpenses": 0,
        "generalAndAdministrativeExpenses": 0,
        "sellingAndMarketingExpenses": 0,
        "sellingGeneralAndAdministrativeExpenses": 38000000,
        "otherExpenses": 8000000,
        "operatingExpenses": 46000000,
        "costAndExpenses": 239500000,
        "interestIncome": 0,
        "interestExpense": 2300000,
        "depreciationAndAmortization": 8000000,
        "ebitda": 33700000,
        "ebitdaratio": 0.1252788104,
        "operatingIncome": 29500000,
        "operatingIncomeRatio": 0.1096654275,
        "totalOtherIncomeExpensesNet": -6100000,
        "incomeBeforeTax": 23400000,
        "incomeBeforeTaxRatio": 0.0869888476,
        "incomeTaxExpense": 8800000,
        "netIncome": 14600000,
        "netIncomeRatio": 0.0542750929,
        "eps": 0.14,
        "epsdiluted": 0.14,
        "weightedAverageShsOut": 104444444,
        "weightedAverageShsOutDil": 104444444,
        "link": "",
        "finalLink": ""
    },
    {
        "date": "1989-09-30",
        "symbol": "BMS",
        "reportedCurrency": "USD",
        "cik": "0000011199",
        "fillingDate": "1989-09-30",
        "acceptedDate": "1989-09-29 20:00:00",
        "calendarYear": "1989",
        "period": "Q3",
        "revenue": 262200000,
        "costOfRevenue": 192500000,
        "grossProfit": 69700000,
        "grossProfitRatio": 0.2658276125,
        "researchAndDevelopmentExpenses": 0,
        "generalAndAdministrativeExpenses": 0,
        "sellingAndMarketingExpenses": 0,
        "sellingGeneralAndAdministrativeExpenses": 37400000,
        "otherExpenses": 9600000,
        "operatingExpenses": 47000000,
        "costAndExpenses": 239500000,
        "interestIncome": 0,
        "interestExpense": 2800000,
        "depreciationAndAmortization": 9500000,
        "ebitda": 31800000,
        "ebitdaratio": 0.1212814645,
        "operatingIncome": 22700000,
        "operatingIncomeRatio": 0.0865751335,
        "totalOtherIncomeExpensesNet": -3200000,
        "incomeBeforeTax": 19500000,
        "incomeBeforeTaxRatio": 0.0743707094,
        "incomeTaxExpense": 7400000,
        "netIncome": 12100000,
        "netIncomeRatio": 0.0461479786,
        "eps": 0.12,
        "epsdiluted": 0.12,
        "weightedAverageShsOut": 105217391,
        "weightedAverageShsOutDil": 105217391,
        "link": "",
        "finalLink": ""
    },
    {
        "date": "1989-06-30",
        "symbol": "BMS",
        "reportedCurrency": "USD",
        "cik": "0000011199",
        "fillingDate": "1989-06-30",
        "acceptedDate": "1989-06-29 20:00:00",
        "calendarYear": "1989",
        "period": "Q2",
        "revenue": 280500000,
        "costOfRevenue": 207100000,
        "grossProfit": 73400000,
        "grossProfitRatio": 0.2616755793,
        "researchAndDevelopmentExpenses": 0,
        "generalAndAdministrativeExpenses": 0,
        "sellingAndMarketingExpenses": 0,
        "sellingGeneralAndAdministrativeExpenses": 38900000,
        "otherExpenses": 9700000,
        "operatingExpenses": 48600000,
        "costAndExpenses": 255700000,
        "interestIncome": 0,
        "interestExpense": 3800000,
        "depreciationAndAmortization": 9700000,
        "ebitda": 33900000,
        "ebitdaratio": 0.120855615,
        "operatingIncome": 24800000,
        "operatingIncomeRatio": 0.0884135472,
        "totalOtherIncomeExpensesNet": -4400000,
        "incomeBeforeTax": 20400000,
        "incomeBeforeTaxRatio": 0.0727272727,
        "incomeTaxExpense": 7900000,
        "netIncome": 12500000,
        "netIncomeRatio": 0.0445632799,
        "eps": 0.12,
        "epsdiluted": 0.12,
        "weightedAverageShsOut": 104166667,
        "weightedAverageShsOutDil": 104166667,
        "link": "",
        "finalLink": ""
    },
    {
        "date": "1989-03-31",
        "symbol": "BMS",
        "reportedCurrency": "USD",
        "cik": "0000011199",
        "fillingDate": "1989-03-31",
        "acceptedDate": "1989-03-30 19:00:00",
        "calendarYear": "1989",
        "period": "Q1",
        "revenue": 265100000,
        "costOfRevenue": 0,
        "grossProfit": 265100000,
        "grossProfitRatio": 1,
        "researchAndDevelopmentExpenses": 0,
        "generalAndAdministrativeExpenses": 0,
        "sellingAndMarketingExpenses": 0,
        "sellingGeneralAndAdministrativeExpenses": 0,
        "otherExpenses": 0,
        "operatingExpenses": 0,
        "costAndExpenses": 0,
        "interestIncome": 0,
        "interestExpense": 0,
        "depreciationAndAmortization": 0,
        "ebitda": 265100000,
        "ebitdaratio": 1,
        "operatingIncome": 265100000,
        "operatingIncomeRatio": 1,
        "totalOtherIncomeExpensesNet": 0,
        "incomeBeforeTax": 0,
        "incomeBeforeTaxRatio": 0,
        "incomeTaxExpense": 0,
        "netIncome": 0,
        "netIncomeRatio": 0,
        "eps": 0,
        "epsdiluted": 0,
        "weightedAverageShsOut": 106800000,
        "weightedAverageShsOutDil": 106800000,
        "link": "",
        "finalLink": ""
    },
    {
        "date": "1988-12-31",
        "symbol": "BMS",
        "reportedCurrency": "USD",
        "cik": "0000011199",
        "fillingDate": "1988-12-31",
        "acceptedDate": "1988-12-30 19:00:00",
        "calendarYear": "1988",
        "period": "Q4",
        "revenue": 270600000,
        "costOfRevenue": 0,
        "grossProfit": 270600000,
        "grossProfitRatio": 1,
        "researchAndDevelopmentExpenses": 0,
        "generalAndAdministrativeExpenses": 0,
        "sellingAndMarketingExpenses": 0,
        "sellingGeneralAndAdministrativeExpenses": 0,
        "otherExpenses": -985600000,
        "operatingExpenses": -985600000,
        "costAndExpenses": -985600000,
        "interestIncome": 0,
        "interestExpense": 0,
        "depreciationAndAmortization": 0,
        "ebitda": -715000000,
        "ebitdaratio": -2.6422764228,
        "operatingIncome": -715000000,
        "operatingIncomeRatio": -2.6422764228,
        "totalOtherIncomeExpensesNet": 0,
        "incomeBeforeTax": 0,
        "incomeBeforeTaxRatio": 0,
        "incomeTaxExpense": 0,
        "netIncome": 0,
        "netIncomeRatio": 0,
        "eps": 0,
        "epsdiluted": 0,
        "weightedAverageShsOut": 106800000,
        "weightedAverageShsOutDil": 106800000,
        "link": "",
        "finalLink": ""
    },
    {
        "date": "1988-09-30",
        "symbol": "BMS",
        "reportedCurrency": "USD",
        "cik": "0000011199",
        "fillingDate": "1988-09-30",
        "acceptedDate": "1988-09-29 20:00:00",
        "calendarYear": "1988",
        "period": "Q3",
        "revenue": 276800000,
        "costOfRevenue": 0,
        "grossProfit": 276800000,
        "grossProfitRatio": 1,
        "researchAndDevelopmentExpenses": 0,
        "generalAndAdministrativeExpenses": 0,
        "sellingAndMarketingExpenses": 0,
        "sellingGeneralAndAdministrativeExpenses": 0,
        "otherExpenses": 0,
        "operatingExpenses": 0,
        "costAndExpenses": 0,
        "interestIncome": 0,
        "interestExpense": 0,
        "depreciationAndAmortization": 0,
        "ebitda": 276800000,
        "ebitdaratio": 1,
        "operatingIncome": 276800000,
        "operatingIncomeRatio": 1,
        "totalOtherIncomeExpensesNet": 0,
        "incomeBeforeTax": 0,
        "incomeBeforeTaxRatio": 0,
        "incomeTaxExpense": 0,
        "netIncome": 0,
        "netIncomeRatio": 0,
        "eps": 0,
        "epsdiluted": 0,
        "weightedAverageShsOut": 107104000,
        "weightedAverageShsOutDil": 107104000,
        "link": "",
        "finalLink": ""
    },
    {
        "date": "1988-06-30",
        "symbol": "BMS",
        "reportedCurrency": "USD",
        "cik": "0000011199",
        "fillingDate": "1988-06-30",
        "acceptedDate": "1988-06-29 20:00:00",
        "calendarYear": "1988",
        "period": "Q2",
        "revenue": 275800000,
        "costOfRevenue": 0,
        "grossProfit": 275800000,
        "grossProfitRatio": 1,
        "researchAndDevelopmentExpenses": 0,
        "generalAndAdministrativeExpenses": 0,
        "sellingAndMarketingExpenses": 0,
        "sellingGeneralAndAdministrativeExpenses": 0,
        "otherExpenses": 0,
        "operatingExpenses": 0,
        "costAndExpenses": 0,
        "interestIncome": 0,
        "interestExpense": 0,
        "depreciationAndAmortization": 0,
        "ebitda": 275800000,
        "ebitdaratio": 1,
        "operatingIncome": 275800000,
        "operatingIncomeRatio": 1,
        "totalOtherIncomeExpensesNet": 0,
        "incomeBeforeTax": 0,
        "incomeBeforeTaxRatio": 0,
        "incomeTaxExpense": 0,
        "netIncome": 0,
        "netIncomeRatio": 0,
        "eps": 0,
        "epsdiluted": 0,
        "weightedAverageShsOut": 107088000,
        "weightedAverageShsOutDil": 107088000,
        "link": "",
        "finalLink": ""
    },
    {
        "date": "1988-03-31",
        "symbol": "BMS",
        "reportedCurrency": "USD",
        "cik": "0000011199",
        "fillingDate": "1988-03-31",
        "acceptedDate": "1988-03-30 19:00:00",
        "calendarYear": "1988",
        "period": "Q1",
        "revenue": 245900000,
        "costOfRevenue": 0,
        "grossProfit": 245900000,
        "grossProfitRatio": 1,
        "researchAndDevelopmentExpenses": 0,
        "generalAndAdministrativeExpenses": 0,
        "sellingAndMarketingExpenses": 0,
        "sellingGeneralAndAdministrativeExpenses": 0,
        "otherExpenses": 0,
        "operatingExpenses": 0,
        "costAndExpenses": 0,
        "interestIncome": 0,
        "interestExpense": 0,
        "depreciationAndAmortization": 0,
        "ebitda": 245900000,
        "ebitdaratio": 1,
        "operatingIncome": 245900000,
        "operatingIncomeRatio": 1,
        "totalOtherIncomeExpensesNet": 0,
        "incomeBeforeTax": 0,
        "incomeBeforeTaxRatio": 0,
        "incomeTaxExpense": 0,
        "netIncome": 0,
        "netIncomeRatio": 0,
        "eps": 0,
        "epsdiluted": 0,
        "weightedAverageShsOut": 107160000,
        "weightedAverageShsOutDil": 107160000,
        "link": "",
        "finalLink": ""
    },
    {
        "date": "1987-12-31",
        "symbol": "BMS",
        "reportedCurrency": "USD",
        "cik": "0000011199",
        "fillingDate": "1987-12-31",
        "acceptedDate": "1987-12-30 19:00:00",
        "calendarYear": "1987",
        "period": "Q4",
        "revenue": 241700000,
        "costOfRevenue": 0,
        "grossProfit": 241700000,
        "grossProfitRatio": 1,
        "researchAndDevelopmentExpenses": 0,
        "generalAndAdministrativeExpenses": 0,
        "sellingAndMarketingExpenses": 0,
        "sellingGeneralAndAdministrativeExpenses": 0,
        "otherExpenses": -862200000,
        "operatingExpenses": -862200000,
        "costAndExpenses": -862200000,
        "interestIncome": 0,
        "interestExpense": 0,
        "depreciationAndAmortization": 0,
        "ebitda": -620500000,
        "ebitdaratio": -2.5672321059,
        "operatingIncome": -620500000,
        "operatingIncomeRatio": -2.5672321059,
        "totalOtherIncomeExpensesNet": 0,
        "incomeBeforeTax": 0,
        "incomeBeforeTaxRatio": 0,
        "incomeTaxExpense": 0,
        "netIncome": 0,
        "netIncomeRatio": 0,
        "eps": 0,
        "epsdiluted": 0,
        "weightedAverageShsOut": 107160000,
        "weightedAverageShsOutDil": 107160000,
        "link": "",
        "finalLink": ""
    },
    {
        "date": "1987-09-30",
        "symbol": "BMS",
        "reportedCurrency": "USD",
        "cik": "0000011199",
        "fillingDate": "1987-09-30",
        "acceptedDate": "1987-09-29 20:00:00",
        "calendarYear": "1987",
        "period": "Q3",
        "revenue": 226000000,
        "costOfRevenue": 0,
        "grossProfit": 226000000,
        "grossProfitRatio": 1,
        "researchAndDevelopmentExpenses": 0,
        "generalAndAdministrativeExpenses": 0,
        "sellingAndMarketingExpenses": 0,
        "sellingGeneralAndAdministrativeExpenses": 0,
        "otherExpenses": 0,
        "operatingExpenses": 0,
        "costAndExpenses": 0,
        "interestIncome": 0,
        "interestExpense": 0,
        "depreciationAndAmortization": 0,
        "ebitda": 226000000,
        "ebitdaratio": 1,
        "operatingIncome": 226000000,
        "operatingIncomeRatio": 1,
        "totalOtherIncomeExpensesNet": 0,
        "incomeBeforeTax": 0,
        "incomeBeforeTaxRatio": 0,
        "incomeTaxExpense": 0,
        "netIncome": 0,
        "netIncomeRatio": 0,
        "eps": 0,
        "epsdiluted": 0,
        "weightedAverageShsOut": 109072000,
        "weightedAverageShsOutDil": 109072000,
        "link": "",
        "finalLink": ""
    },
    {
        "date": "1987-06-30",
        "symbol": "BMS",
        "reportedCurrency": "USD",
        "cik": "0000011199",
        "fillingDate": "1987-06-30",
        "acceptedDate": "1987-06-29 20:00:00",
        "calendarYear": "1987",
        "period": "Q2",
        "revenue": 236400000,
        "costOfRevenue": 0,
        "grossProfit": 236400000,
        "grossProfitRatio": 1,
        "researchAndDevelopmentExpenses": 0,
        "generalAndAdministrativeExpenses": 0,
        "sellingAndMarketingExpenses": 0,
        "sellingGeneralAndAdministrativeExpenses": 0,
        "otherExpenses": 0,
        "operatingExpenses": 0,
        "costAndExpenses": 0,
        "interestIncome": 0,
        "interestExpense": 0,
        "depreciationAndAmortization": 0,
        "ebitda": 236400000,
        "ebitdaratio": 1,
        "operatingIncome": 236400000,
        "operatingIncomeRatio": 1,
        "totalOtherIncomeExpensesNet": 0,
        "incomeBeforeTax": 0,
        "incomeBeforeTaxRatio": 0,
        "incomeTaxExpense": 0,
        "netIncome": 0,
        "netIncomeRatio": 0,
        "eps": 0,
        "epsdiluted": 0,
        "weightedAverageShsOut": 108952000,
        "weightedAverageShsOutDil": 108952000,
        "link": "",
        "finalLink": ""
    },
    {
        "date": "1987-03-31",
        "symbol": "BMS",
        "reportedCurrency": "USD",
        "cik": "0000011199",
        "fillingDate": "1987-03-31",
        "acceptedDate": "1987-03-30 19:00:00",
        "calendarYear": "1987",
        "period": "Q1",
        "revenue": 226000000,
        "costOfRevenue": 0,
        "grossProfit": 226000000,
        "grossProfitRatio": 1,
        "researchAndDevelopmentExpenses": 0,
        "generalAndAdministrativeExpenses": 0,
        "sellingAndMarketingExpenses": 0,
        "sellingGeneralAndAdministrativeExpenses": 0,
        "otherExpenses": 0,
        "operatingExpenses": 0,
        "costAndExpenses": 0,
        "interestIncome": 0,
        "interestExpense": 0,
        "depreciationAndAmortization": 0,
        "ebitda": 226000000,
        "ebitdaratio": 1,
        "operatingIncome": 226000000,
        "operatingIncomeRatio": 1,
        "totalOtherIncomeExpensesNet": 0,
        "incomeBeforeTax": 0,
        "incomeBeforeTaxRatio": 0,
        "incomeTaxExpense": 0,
        "netIncome": 0,
        "netIncomeRatio": 0,
        "eps": 0,
        "epsdiluted": 0,
        "weightedAverageShsOut": 101656000,
        "weightedAverageShsOutDil": 101656000,
        "link": "",
        "finalLink": ""
    },
    {
        "date": "1986-12-31",
        "symbol": "BMS",
        "reportedCurrency": "USD",
        "cik": "0000011199",
        "fillingDate": "1986-12-31",
        "acceptedDate": "1986-12-30 19:00:00",
        "calendarYear": "1986",
        "period": "Q4",
        "revenue": 228900000,
        "costOfRevenue": 0,
        "grossProfit": 228900000,
        "grossProfitRatio": 1,
        "researchAndDevelopmentExpenses": 0,
        "generalAndAdministrativeExpenses": 0,
        "sellingAndMarketingExpenses": 0,
        "sellingGeneralAndAdministrativeExpenses": 0,
        "otherExpenses": -809800000,
        "operatingExpenses": -809800000,
        "costAndExpenses": -809800000,
        "interestIncome": 0,
        "interestExpense": 0,
        "depreciationAndAmortization": 0,
        "ebitda": -580900000,
        "ebitdaratio": -2.5377894277,
        "operatingIncome": -580900000,
        "operatingIncomeRatio": -2.5377894277,
        "totalOtherIncomeExpensesNet": 0,
        "incomeBeforeTax": 0,
        "incomeBeforeTaxRatio": 0,
        "incomeTaxExpense": 0,
        "netIncome": 0,
        "netIncomeRatio": 0,
        "eps": 0,
        "epsdiluted": 0,
        "weightedAverageShsOut": 101656000,
        "weightedAverageShsOutDil": 101656000,
        "link": "",
        "finalLink": ""
    },
    {
        "date": "1986-09-30",
        "symbol": "BMS",
        "reportedCurrency": "USD",
        "cik": "0000011199",
        "fillingDate": "1986-09-30",
        "acceptedDate": "1986-09-29 20:00:00",
        "calendarYear": "1986",
        "period": "Q3",
        "revenue": 215900000,
        "costOfRevenue": 0,
        "grossProfit": 215900000,
        "grossProfitRatio": 1,
        "researchAndDevelopmentExpenses": 0,
        "generalAndAdministrativeExpenses": 0,
        "sellingAndMarketingExpenses": 0,
        "sellingGeneralAndAdministrativeExpenses": 0,
        "otherExpenses": 0,
        "operatingExpenses": 0,
        "costAndExpenses": 0,
        "interestIncome": 0,
        "interestExpense": 0,
        "depreciationAndAmortization": 0,
        "ebitda": 215900000,
        "ebitdaratio": 1,
        "operatingIncome": 215900000,
        "operatingIncomeRatio": 1,
        "totalOtherIncomeExpensesNet": 0,
        "incomeBeforeTax": 0,
        "incomeBeforeTaxRatio": 0,
        "incomeTaxExpense": 0,
        "netIncome": 0,
        "netIncomeRatio": 0,
        "eps": 0,
        "epsdiluted": 0,
        "weightedAverageShsOut": 103384000,
        "weightedAverageShsOutDil": 103384000,
        "link": "",
        "finalLink": ""
    },
    {
        "date": "1986-06-30",
        "symbol": "BMS",
        "reportedCurrency": "USD",
        "cik": "0000011199",
        "fillingDate": "1986-06-30",
        "acceptedDate": "1986-06-29 20:00:00",
        "calendarYear": "1986",
        "period": "Q2",
        "revenue": 215800000,
        "costOfRevenue": 0,
        "grossProfit": 215800000,
        "grossProfitRatio": 1,
        "researchAndDevelopmentExpenses": 0,
        "generalAndAdministrativeExpenses": 0,
        "sellingAndMarketingExpenses": 0,
        "sellingGeneralAndAdministrativeExpenses": 0,
        "otherExpenses": 0,
        "operatingExpenses": 0,
        "costAndExpenses": 0,
        "interestIncome": 0,
        "interestExpense": 0,
        "depreciationAndAmortization": 0,
        "ebitda": 215800000,
        "ebitdaratio": 1,
        "operatingIncome": 215800000,
        "operatingIncomeRatio": 1,
        "totalOtherIncomeExpensesNet": 0,
        "incomeBeforeTax": 0,
        "incomeBeforeTaxRatio": 0,
        "incomeTaxExpense": 0,
        "netIncome": 0,
        "netIncomeRatio": 0,
        "eps": 0,
        "epsdiluted": 0,
        "weightedAverageShsOut": 103520000,
        "weightedAverageShsOutDil": 103520000,
        "link": "",
        "finalLink": ""
    },
    {
        "date": "1986-03-31",
        "symbol": "BMS",
        "reportedCurrency": "USD",
        "cik": "0000011199",
        "fillingDate": "1986-03-31",
        "acceptedDate": "1986-03-30 19:00:00",
        "calendarYear": "1986",
        "period": "Q1",
        "revenue": 204200000,
        "costOfRevenue": 0,
        "grossProfit": 204200000,
        "grossProfitRatio": 1,
        "researchAndDevelopmentExpenses": 0,
        "generalAndAdministrativeExpenses": 0,
        "sellingAndMarketingExpenses": 0,
        "sellingGeneralAndAdministrativeExpenses": 0,
        "otherExpenses": 0,
        "operatingExpenses": 0,
        "costAndExpenses": 0,
        "interestIncome": 0,
        "interestExpense": 0,
        "depreciationAndAmortization": 0,
        "ebitda": 204200000,
        "ebitdaratio": 1,
        "operatingIncome": 204200000,
        "operatingIncomeRatio": 1,
        "totalOtherIncomeExpensesNet": 0,
        "incomeBeforeTax": 0,
        "incomeBeforeTaxRatio": 0,
        "incomeTaxExpense": 0,
        "netIncome": 0,
        "netIncomeRatio": 0,
        "eps": 0,
        "epsdiluted": 0,
        "weightedAverageShsOut": 103232000,
        "weightedAverageShsOutDil": 103232000,
        "link": "",
        "finalLink": ""
    },
    {
        "date": "1985-12-31",
        "symbol": "BMS",
        "reportedCurrency": "USD",
        "cik": "0000011199",
        "fillingDate": "1985-12-31",
        "acceptedDate": "1985-12-30 19:00:00",
        "calendarYear": "1985",
        "period": "Q4",
        "revenue": 204500000,
        "costOfRevenue": 0,
        "grossProfit": 204500000,
        "grossProfitRatio": 1,
        "researchAndDevelopmentExpenses": 0,
        "generalAndAdministrativeExpenses": 0,
        "sellingAndMarketingExpenses": 0,
        "sellingGeneralAndAdministrativeExpenses": 0,
        "otherExpenses": -741700000,
        "operatingExpenses": -741700000,
        "costAndExpenses": -741700000,
        "interestIncome": 0,
        "interestExpense": 0,
        "depreciationAndAmortization": 0,
        "ebitda": -537200000,
        "ebitdaratio": -2.6268948655,
        "operatingIncome": -537200000,
        "operatingIncomeRatio": -2.6268948655,
        "totalOtherIncomeExpensesNet": 0,
        "incomeBeforeTax": 0,
        "incomeBeforeTaxRatio": 0,
        "incomeTaxExpense": 0,
        "netIncome": 0,
        "netIncomeRatio": 0,
        "eps": 0,
        "epsdiluted": 0,
        "weightedAverageShsOut": 103232000,
        "weightedAverageShsOutDil": 103232000,
        "link": "",
        "finalLink": ""
    },
    {
        "date": "1985-09-30",
        "symbol": "BMS",
        "reportedCurrency": "USD",
        "cik": "0000011199",
        "fillingDate": "1985-09-30",
        "acceptedDate": "1985-09-29 20:00:00",
        "calendarYear": "1985",
        "period": "Q3",
        "revenue": 196100000,
        "costOfRevenue": 0,
        "grossProfit": 196100000,
        "grossProfitRatio": 1,
        "researchAndDevelopmentExpenses": 0,
        "generalAndAdministrativeExpenses": 0,
        "sellingAndMarketingExpenses": 0,
        "sellingGeneralAndAdministrativeExpenses": 0,
        "otherExpenses": 0,
        "operatingExpenses": 0,
        "costAndExpenses": 0,
        "interestIncome": 0,
        "interestExpense": 0,
        "depreciationAndAmortization": 0,
        "ebitda": 196100000,
        "ebitdaratio": 1,
        "operatingIncome": 196100000,
        "operatingIncomeRatio": 1,
        "totalOtherIncomeExpensesNet": 0,
        "incomeBeforeTax": 0,
        "incomeBeforeTaxRatio": 0,
        "incomeTaxExpense": 0,
        "netIncome": 0,
        "netIncomeRatio": 0,
        "eps": 0,
        "epsdiluted": 0,
        "weightedAverageShsOut": 103072000,
        "weightedAverageShsOutDil": 103072000,
        "link": "",
        "finalLink": ""
    }
]