[
    {
        "date": "2025-06-30",
        "symbol": "BNI",
        "reportedCurrency": "USD",
        "cik": "0000934612",
        "fillingDate": "2025-08-04",
        "acceptedDate": "2025-08-04 08:05:14",
        "calendarYear": "2025",
        "period": "Q2",
        "revenue": 5742000000,
        "costOfRevenue": 2070000000,
        "grossProfit": 3672000000,
        "grossProfitRatio": 0.6394984326,
        "researchAndDevelopmentExpenses": 0,
        "generalAndAdministrativeExpenses": 0,
        "sellingAndMarketingExpenses": 0,
        "sellingGeneralAndAdministrativeExpenses": 0,
        "otherExpenses": 3729000000,
        "operatingExpenses": 3729000000,
        "costAndExpenses": 5799000000,
        "interestIncome": 0,
        "interestExpense": 270000000,
        "depreciationAndAmortization": 683000000,
        "ebitda": 2762000000,
        "ebitdaratio": 0.4810170672,
        "operatingIncome": 2013000000,
        "operatingIncomeRatio": 0.3505747126,
        "totalOtherIncomeExpensesNet": -204000000,
        "incomeBeforeTax": 1809000000,
        "incomeBeforeTaxRatio": 0.3150470219,
        "incomeTaxExpense": 343000000,
        "netIncome": 1466000000,
        "netIncomeRatio": 0.2553117381,
        "eps": 0,
        "epsdiluted": 0,
        "weightedAverageShsOut": 0,
        "weightedAverageShsOutDil": 0,
        "link": "https://www.sec.gov/Archives/edgar/data/934612/000093461225000015/0000934612-25-000015-index.htm",
        "finalLink": "https://www.sec.gov/Archives/edgar/data/934612/000093461225000015/bni-20250630.htm"
    },
    {
        "date": "2025-03-31",
        "symbol": "BNI",
        "reportedCurrency": "USD",
        "cik": "0000934612",
        "fillingDate": "2025-05-05",
        "acceptedDate": "2025-05-05 08:04:39",
        "calendarYear": "2025",
        "period": "Q1",
        "revenue": 5693000000,
        "costOfRevenue": 2157000000,
        "grossProfit": 3536000000,
        "grossProfitRatio": 0.6211136483,
        "researchAndDevelopmentExpenses": 0,
        "generalAndAdministrativeExpenses": 0,
        "sellingAndMarketingExpenses": 0,
        "sellingGeneralAndAdministrativeExpenses": 0,
        "otherExpenses": 3873000000,
        "operatingExpenses": 3873000000,
        "costAndExpenses": 6030000000,
        "interestIncome": 0,
        "interestExpense": 272000000,
        "depreciationAndAmortization": 675000000,
        "ebitda": 2550000000,
        "ebitdaratio": 0.4479184964,
        "operatingIncome": 1820000000,
        "operatingIncomeRatio": 0.3196908484,
        "totalOtherIncomeExpensesNet": -217000000,
        "incomeBeforeTax": 1603000000,
        "incomeBeforeTaxRatio": 0.2815738626,
        "incomeTaxExpense": 389000000,
        "netIncome": 1214000000,
        "netIncomeRatio": 0.2132443351,
        "eps": 3.56,
        "epsdiluted": 3.56,
        "weightedAverageShsOut": 341468253,
        "weightedAverageShsOutDil": 341468253,
        "link": "https://www.sec.gov/Archives/edgar/data/934612/000093461225000007/0000934612-25-000007-index.htm",
        "finalLink": "https://www.sec.gov/Archives/edgar/data/934612/000093461225000007/bni-20250331.htm"
    },
    {
        "date": "2024-12-31",
        "symbol": "BNI",
        "reportedCurrency": "USD",
        "cik": "0000934612",
        "fillingDate": "2025-02-24",
        "acceptedDate": "2025-02-24 08:05:29",
        "calendarYear": "2024",
        "period": "Q4",
        "revenue": 6160000000,
        "costOfRevenue": 7067000000,
        "grossProfit": -907000000,
        "grossProfitRatio": -0.1472402597,
        "researchAndDevelopmentExpenses": 0,
        "generalAndAdministrativeExpenses": 3857000000,
        "sellingAndMarketingExpenses": -7312000000,
        "sellingGeneralAndAdministrativeExpenses": 11169000000,
        "otherExpenses": 0,
        "operatingExpenses": 11169000000,
        "costAndExpenses": 18236000000,
        "interestIncome": 0,
        "interestExpense": 281000000,
        "depreciationAndAmortization": 803000000,
        "ebitda": 2336000000,
        "ebitdaratio": 0.3792207792,
        "operatingIncome": 1364000000,
        "operatingIncomeRatio": 0.2214285714,
        "totalOtherIncomeExpensesNet": -112000000,
        "incomeBeforeTax": 1252000000,
        "incomeBeforeTaxRatio": 0.2032467532,
        "incomeTaxExpense": 301000000,
        "netIncome": 951000000,
        "netIncomeRatio": 0.1543831169,
        "eps": -11.94,
        "epsdiluted": -11.94,
        "weightedAverageShsOut": 0,
        "weightedAverageShsOutDil": 0,
        "link": "https://www.sec.gov/Archives/edgar/data/934612/000093461225000003/0000934612-25-000003-index.htm",
        "finalLink": "https://www.sec.gov/Archives/edgar/data/934612/000093461225000003/bni-20241231.htm"
    },
    {
        "date": "2020-03-31",
        "symbol": "BNI",
        "reportedCurrency": "USD",
        "cik": "0000934612",
        "fillingDate": "2020-05-04",
        "acceptedDate": "2020-05-04 08:09:27",
        "calendarYear": "2020",
        "period": "Q1",
        "revenue": 5417000000,
        "costOfRevenue": 614000000,
        "grossProfit": 4803000000,
        "grossProfitRatio": 0.886653129,
        "researchAndDevelopmentExpenses": 0,
        "generalAndAdministrativeExpenses": 1244000000,
        "sellingAndMarketingExpenses": 2350000000,
        "sellingGeneralAndAdministrativeExpenses": 3594000000,
        "otherExpenses": 0,
        "operatingExpenses": 3594000000,
        "costAndExpenses": 4208000000,
        "interestIncome": 0,
        "interestExpense": 262000000,
        "depreciationAndAmortization": 615000000,
        "ebitda": 2461000000,
        "ebitdaratio": 0.454310504,
        "operatingIncome": 1823000000,
        "operatingIncomeRatio": 0.3365331364,
        "totalOtherIncomeExpensesNet": -239000000,
        "incomeBeforeTax": 1584000000,
        "incomeBeforeTaxRatio": 0.2924127746,
        "incomeTaxExpense": 394000000,
        "netIncome": 1190000000,
        "netIncomeRatio": 0.219678789,
        "eps": 3.48,
        "epsdiluted": 3.48,
        "weightedAverageShsOut": 341468253,
        "weightedAverageShsOutDil": 341468253,
        "link": "https://www.sec.gov/Archives/edgar/data/934612/000093461220000011/0000934612-20-000011-index.html",
        "finalLink": "https://www.sec.gov/Archives/edgar/data/934612/000093461220000011/llc3312010q.htm"
    },
    {
        "date": "2019-12-31",
        "symbol": "BNI",
        "reportedCurrency": "USD",
        "cik": "0000934612",
        "fillingDate": "2020-02-21",
        "acceptedDate": "2020-02-21 17:06:48",
        "calendarYear": "2019",
        "period": "Q4",
        "revenue": 5839000000,
        "costOfRevenue": 733000000,
        "grossProfit": 5106000000,
        "grossProfitRatio": 0.8744648056,
        "researchAndDevelopmentExpenses": 0,
        "generalAndAdministrativeExpenses": 1276000000,
        "sellingAndMarketingExpenses": 2458000000,
        "sellingGeneralAndAdministrativeExpenses": 3734000000,
        "otherExpenses": 0,
        "operatingExpenses": 3734000000,
        "costAndExpenses": 4467000000,
        "interestIncome": 0,
        "interestExpense": 264000000,
        "depreciationAndAmortization": 615000000,
        "ebitda": 2750000000,
        "ebitdaratio": 0.4709710567,
        "operatingIncome": 2105000000,
        "operatingIncomeRatio": 0.3605069361,
        "totalOtherIncomeExpensesNet": -234000000,
        "incomeBeforeTax": 1871000000,
        "incomeBeforeTaxRatio": 0.3204315808,
        "incomeTaxExpense": 447000000,
        "netIncome": 1424000000,
        "netIncomeRatio": 0.2438773763,
        "eps": 4.17,
        "epsdiluted": 4.17,
        "weightedAverageShsOut": 341468253,
        "weightedAverageShsOutDil": 341468253,
        "link": "https://www.sec.gov/Archives/edgar/data/934612/000093461220000004/0000934612-20-000004-index.html",
        "finalLink": "https://www.sec.gov/Archives/edgar/data/934612/000093461220000004/llc12311910k.htm"
    },
    {
        "date": "2019-09-30",
        "symbol": "BNI",
        "reportedCurrency": "USD",
        "cik": "0000934612",
        "fillingDate": "2019-11-04",
        "acceptedDate": "2019-11-01 17:37:34",
        "calendarYear": "2019",
        "period": "Q3",
        "revenue": 6021000000,
        "costOfRevenue": 725000000,
        "grossProfit": 5296000000,
        "grossProfitRatio": 0.8795881083,
        "researchAndDevelopmentExpenses": 0,
        "generalAndAdministrativeExpenses": 1337000000,
        "sellingAndMarketingExpenses": 2504000000,
        "sellingGeneralAndAdministrativeExpenses": 3841000000,
        "otherExpenses": 0,
        "operatingExpenses": 3841000000,
        "costAndExpenses": 4566000000,
        "interestIncome": 0,
        "interestExpense": 271000000,
        "depreciationAndAmortization": 602000000,
        "ebitda": 2814000000,
        "ebitdaratio": 0.4673642252,
        "operatingIncome": 2180000000,
        "operatingIncomeRatio": 0.362066102,
        "totalOtherIncomeExpensesNet": -239000000,
        "incomeBeforeTax": 1941000000,
        "incomeBeforeTaxRatio": 0.3223716991,
        "incomeTaxExpense": 475000000,
        "netIncome": 1466000000,
        "netIncomeRatio": 0.2434811493,
        "eps": 4.29,
        "epsdiluted": 4.29,
        "weightedAverageShsOut": 341468253,
        "weightedAverageShsOutDil": 341468253,
        "link": "https://www.sec.gov/Archives/edgar/data/934612/000093461219000019/0000934612-19-000019-index.html",
        "finalLink": "https://www.sec.gov/Archives/edgar/data/934612/000093461219000019/llc9301910q.htm"
    },
    {
        "date": "2019-06-30",
        "symbol": "BNI",
        "reportedCurrency": "USD",
        "cik": "0000934612",
        "fillingDate": "2019-08-05",
        "acceptedDate": "2019-08-02 17:38:55",
        "calendarYear": "2019",
        "period": "Q2",
        "revenue": 5893000000,
        "costOfRevenue": 775000000,
        "grossProfit": 5118000000,
        "grossProfitRatio": 0.8684880367,
        "researchAndDevelopmentExpenses": 0,
        "generalAndAdministrativeExpenses": 1334000000,
        "sellingAndMarketingExpenses": 2552000000,
        "sellingGeneralAndAdministrativeExpenses": 3886000000,
        "otherExpenses": 0,
        "operatingExpenses": 3886000000,
        "costAndExpenses": 4661000000,
        "interestIncome": 0,
        "interestExpense": 267000000,
        "depreciationAndAmortization": 595000000,
        "ebitda": 2635000000,
        "ebitdaratio": 0.4471406754,
        "operatingIncome": 2007000000,
        "operatingIncomeRatio": 0.3405735619,
        "totalOtherIncomeExpensesNet": -234000000,
        "incomeBeforeTax": 1773000000,
        "incomeBeforeTaxRatio": 0.3008654336,
        "incomeTaxExpense": 435000000,
        "netIncome": 1338000000,
        "netIncomeRatio": 0.2270490412,
        "eps": 3.92,
        "epsdiluted": 3.92,
        "weightedAverageShsOut": 341468253,
        "weightedAverageShsOutDil": 341468253,
        "link": "https://www.sec.gov/Archives/edgar/data/934612/000093461219000014/0000934612-19-000014-index.htm",
        "finalLink": "https://www.sec.gov/Archives/edgar/data/934612/000093461219000014/llc6301910q.htm"
    },
    {
        "date": "2019-03-31",
        "symbol": "BNI",
        "reportedCurrency": "USD",
        "cik": "0000934612",
        "fillingDate": "2019-05-06",
        "acceptedDate": "2019-05-03 17:38:38",
        "calendarYear": "2019",
        "period": "Q1",
        "revenue": 5762000000,
        "costOfRevenue": 711000000,
        "grossProfit": 5051000000,
        "grossProfitRatio": 0.8766053454,
        "researchAndDevelopmentExpenses": 0,
        "generalAndAdministrativeExpenses": 1400000000,
        "sellingAndMarketingExpenses": 2583000000,
        "sellingGeneralAndAdministrativeExpenses": 3983000000,
        "otherExpenses": 0,
        "operatingExpenses": 3983000000,
        "costAndExpenses": 4694000000,
        "interestIncome": 0,
        "interestExpense": 268000000,
        "depreciationAndAmortization": 591000000,
        "ebitda": 2524000000,
        "ebitdaratio": 0.4380423464,
        "operatingIncome": 1779000000,
        "operatingIncomeRatio": 0.3087469629,
        "totalOtherIncomeExpensesNet": -114000000,
        "incomeBeforeTax": 1665000000,
        "incomeBeforeTaxRatio": 0.2889621659,
        "incomeTaxExpense": 412000000,
        "netIncome": 1253000000,
        "netIncomeRatio": 0.2174592156,
        "eps": 3.67,
        "epsdiluted": 3.67,
        "weightedAverageShsOut": 341468253,
        "weightedAverageShsOutDil": 341468253,
        "link": "https://www.sec.gov/Archives/edgar/data/934612/000093461219000010/0000934612-19-000010-index.html",
        "finalLink": "https://www.sec.gov/Archives/edgar/data/934612/000093461219000010/llc3311910q.htm"
    },
    {
        "date": "2018-12-31",
        "symbol": "BNI",
        "reportedCurrency": "USD",
        "cik": "0000934612",
        "fillingDate": "2019-02-25",
        "acceptedDate": "2019-02-22 17:46:12",
        "calendarYear": "2018",
        "period": "Q4",
        "revenue": 6206000000,
        "costOfRevenue": 890000000,
        "grossProfit": 5316000000,
        "grossProfitRatio": 0.8565903964,
        "researchAndDevelopmentExpenses": 0,
        "generalAndAdministrativeExpenses": 1373000000,
        "sellingAndMarketingExpenses": 2772000000,
        "sellingGeneralAndAdministrativeExpenses": 4145000000,
        "otherExpenses": 0,
        "operatingExpenses": 4145000000,
        "costAndExpenses": 5035000000,
        "interestIncome": 0,
        "interestExpense": 267000000,
        "depreciationAndAmortization": 591000000,
        "ebitda": 2674000000,
        "ebitdaratio": 0.4308733484,
        "operatingIncome": 2061000000,
        "operatingIncomeRatio": 0.3320979697,
        "totalOtherIncomeExpensesNet": -245000000,
        "incomeBeforeTax": 1816000000,
        "incomeBeforeTaxRatio": 0.2926200451,
        "incomeTaxExpense": 444000000,
        "netIncome": 1372000000,
        "netIncomeRatio": 0.2210763777,
        "eps": 4.02,
        "epsdiluted": 4.02,
        "weightedAverageShsOut": 341468253,
        "weightedAverageShsOutDil": 341468253,
        "link": "https://www.sec.gov/Archives/edgar/data/934612/000093461219000005/0000934612-19-000005-index.html",
        "finalLink": "https://www.sec.gov/Archives/edgar/data/934612/000093461219000005/llc12311810k.htm"
    },
    {
        "date": "2018-09-30",
        "symbol": "BNI",
        "reportedCurrency": "USD",
        "cik": "0000934612",
        "fillingDate": "2018-11-05",
        "acceptedDate": "2018-11-02 17:43:20",
        "calendarYear": "2018",
        "period": "Q3",
        "revenue": 6147000000,
        "costOfRevenue": 859000000,
        "grossProfit": 5288000000,
        "grossProfitRatio": 0.860257036,
        "researchAndDevelopmentExpenses": 0,
        "generalAndAdministrativeExpenses": 1378000000,
        "sellingAndMarketingExpenses": 2660000000,
        "sellingGeneralAndAdministrativeExpenses": 4038000000,
        "otherExpenses": 0,
        "operatingExpenses": 4038000000,
        "costAndExpenses": 4897000000,
        "interestIncome": 0,
        "interestExpense": 262000000,
        "depreciationAndAmortization": 580000000,
        "ebitda": 2721000000,
        "ebitdaratio": 0.4426549536,
        "operatingIncome": 2109000000,
        "operatingIncomeRatio": 0.3430941923,
        "totalOtherIncomeExpensesNet": -230000000,
        "incomeBeforeTax": 1879000000,
        "incomeBeforeTaxRatio": 0.3056775663,
        "incomeTaxExpense": 486000000,
        "netIncome": 1393000000,
        "netIncomeRatio": 0.2266146088,
        "eps": 4.08,
        "epsdiluted": 4.08,
        "weightedAverageShsOut": 341468253,
        "weightedAverageShsOutDil": 341468253,
        "link": "https://www.sec.gov/Archives/edgar/data/934612/000093461218000019/0000934612-18-000019-index.html",
        "finalLink": "https://www.sec.gov/Archives/edgar/data/934612/000093461218000019/llc9301810q.htm"
    },
    {
        "date": "2018-06-30",
        "symbol": "BNI",
        "reportedCurrency": "USD",
        "cik": "0000934612",
        "fillingDate": "2018-08-06",
        "acceptedDate": "2018-08-03 17:49:31",
        "calendarYear": "2018",
        "period": "Q2",
        "revenue": 5878000000,
        "costOfRevenue": 830000000,
        "grossProfit": 5048000000,
        "grossProfitRatio": 0.8587955087,
        "researchAndDevelopmentExpenses": 0,
        "generalAndAdministrativeExpenses": 1328000000,
        "sellingAndMarketingExpenses": 2667000000,
        "sellingGeneralAndAdministrativeExpenses": 3995000000,
        "otherExpenses": 0,
        "operatingExpenses": 3995000000,
        "costAndExpenses": 4825000000,
        "interestIncome": 0,
        "interestExpense": 256000000,
        "depreciationAndAmortization": 575000000,
        "ebitda": 2486000000,
        "ebitdaratio": 0.4229329704,
        "operatingIncome": 1883000000,
        "operatingIncomeRatio": 0.3203470568,
        "totalOtherIncomeExpensesNet": -228000000,
        "incomeBeforeTax": 1655000000,
        "incomeBeforeTaxRatio": 0.2815583532,
        "incomeTaxExpense": 346000000,
        "netIncome": 1309000000,
        "netIncomeRatio": 0.2226947941,
        "eps": 3.83,
        "epsdiluted": 3.83,
        "weightedAverageShsOut": 341468253,
        "weightedAverageShsOutDil": 341468253,
        "link": "https://www.sec.gov/Archives/edgar/data/934612/000093461218000015/0000934612-18-000015-index.html",
        "finalLink": "https://www.sec.gov/Archives/edgar/data/934612/000093461218000015/llc6301810q.htm"
    },
    {
        "date": "2018-03-31",
        "symbol": "BNI",
        "reportedCurrency": "USD",
        "cik": "0000934612",
        "fillingDate": "2018-05-07",
        "acceptedDate": "2018-05-07 07:08:08",
        "calendarYear": "2018",
        "period": "Q1",
        "revenue": 5624000000,
        "costOfRevenue": 767000000,
        "grossProfit": 4857000000,
        "grossProfitRatio": 0.8636201991,
        "researchAndDevelopmentExpenses": 0,
        "generalAndAdministrativeExpenses": 1315000000,
        "sellingAndMarketingExpenses": 2562000000,
        "sellingGeneralAndAdministrativeExpenses": 3877000000,
        "otherExpenses": 0,
        "operatingExpenses": 3877000000,
        "costAndExpenses": 4644000000,
        "interestIncome": 0,
        "interestExpense": 256000000,
        "depreciationAndAmortization": 571000000,
        "ebitda": 2340000000,
        "ebitdaratio": 0.4160739687,
        "operatingIncome": 1747000000,
        "operatingIncomeRatio": 0.3106330014,
        "totalOtherIncomeExpensesNet": -234000000,
        "incomeBeforeTax": 1513000000,
        "incomeBeforeTaxRatio": 0.2690256046,
        "incomeTaxExpense": 368000000,
        "netIncome": 1145000000,
        "netIncomeRatio": 0.2035917496,
        "eps": 3.35,
        "epsdiluted": 3.35,
        "weightedAverageShsOut": 341468253,
        "weightedAverageShsOutDil": 341468253,
        "link": "https://www.sec.gov/Archives/edgar/data/934612/000093461218000010/0000934612-18-000010-index.html",
        "finalLink": "https://www.sec.gov/Archives/edgar/data/934612/000093461218000010/llc3311810q.htm"
    },
    {
        "date": "2017-12-31",
        "symbol": "BNI",
        "reportedCurrency": "USD",
        "cik": "0000934612",
        "fillingDate": "2018-02-26",
        "acceptedDate": "2018-02-23 18:45:40",
        "calendarYear": "2017",
        "period": "Q4",
        "revenue": 5638000000,
        "costOfRevenue": 741000000,
        "grossProfit": 4897000000,
        "grossProfitRatio": 0.868570415,
        "researchAndDevelopmentExpenses": 0,
        "generalAndAdministrativeExpenses": 1284000000,
        "sellingAndMarketingExpenses": 2341000000,
        "sellingGeneralAndAdministrativeExpenses": 3625000000,
        "otherExpenses": 0,
        "operatingExpenses": 3625000000,
        "costAndExpenses": 4366000000,
        "interestIncome": 0,
        "interestExpense": 255000000,
        "depreciationAndAmortization": 596000000,
        "ebitda": 2587000000,
        "ebitdaratio": 0.4588506563,
        "operatingIncome": 2013000000,
        "operatingIncomeRatio": 0.3570415041,
        "totalOtherIncomeExpensesNet": -277000000,
        "incomeBeforeTax": 1736000000,
        "incomeBeforeTaxRatio": 0.3079106066,
        "incomeTaxExpense": -6726000000,
        "netIncome": 8462000000,
        "netIncomeRatio": 1.5008868393,
        "eps": 24.78,
        "epsdiluted": 24.78,
        "weightedAverageShsOut": 341468253,
        "weightedAverageShsOutDil": 341468253,
        "link": "https://www.sec.gov/Archives/edgar/data/934612/000093461218000005/0000934612-18-000005-index.html",
        "finalLink": "https://www.sec.gov/Archives/edgar/data/934612/000093461218000005/llc123117-10k.htm"
    },
    {
        "date": "2017-09-30",
        "symbol": "BNI",
        "reportedCurrency": "USD",
        "cik": "0000934612",
        "fillingDate": "2017-11-03",
        "acceptedDate": "2017-11-03 16:32:04",
        "calendarYear": "2017",
        "period": "Q3",
        "revenue": 5314000000,
        "costOfRevenue": 595000000,
        "grossProfit": 4719000000,
        "grossProfitRatio": 0.8880316146,
        "researchAndDevelopmentExpenses": 0,
        "generalAndAdministrativeExpenses": 1160000000,
        "sellingAndMarketingExpenses": 2201000000,
        "sellingGeneralAndAdministrativeExpenses": 3361000000,
        "otherExpenses": 0,
        "operatingExpenses": 3361000000,
        "costAndExpenses": 3956000000,
        "interestIncome": 0,
        "interestExpense": 253000000,
        "depreciationAndAmortization": 591000000,
        "ebitda": 2554000000,
        "ebitdaratio": 0.4806172375,
        "operatingIncome": 1953000000,
        "operatingIncomeRatio": 0.3675197591,
        "totalOtherIncomeExpensesNet": -243000000,
        "incomeBeforeTax": 1710000000,
        "incomeBeforeTaxRatio": 0.3217914942,
        "incomeTaxExpense": 668000000,
        "netIncome": 1042000000,
        "netIncomeRatio": 0.1960858111,
        "eps": 3.05,
        "epsdiluted": 3.05,
        "weightedAverageShsOut": 341468253,
        "weightedAverageShsOutDil": 341468253,
        "link": "https://www.sec.gov/Archives/edgar/data/934612/000093461217000017/0000934612-17-000017-index.html",
        "finalLink": "https://www.sec.gov/Archives/edgar/data/934612/000093461217000017/llc9301710q.htm"
    },
    {
        "date": "2017-06-30",
        "symbol": "BNI",
        "reportedCurrency": "USD",
        "cik": "0000934612",
        "fillingDate": "2017-08-04",
        "acceptedDate": "2017-08-04 17:12:24",
        "calendarYear": "2017",
        "period": "Q2",
        "revenue": 5250000000,
        "costOfRevenue": 577000000,
        "grossProfit": 4673000000,
        "grossProfitRatio": 0.8900952381,
        "researchAndDevelopmentExpenses": 0,
        "generalAndAdministrativeExpenses": 1242000000,
        "sellingAndMarketingExpenses": 2221000000,
        "sellingGeneralAndAdministrativeExpenses": 3463000000,
        "otherExpenses": 0,
        "operatingExpenses": 3463000000,
        "costAndExpenses": 4040000000,
        "interestIncome": 0,
        "interestExpense": 256000000,
        "depreciationAndAmortization": 592000000,
        "ebitda": 2385000000,
        "ebitdaratio": 0.4542857143,
        "operatingIncome": 1787000000,
        "operatingIncomeRatio": 0.3403809524,
        "totalOtherIncomeExpensesNet": -250000000,
        "incomeBeforeTax": 1537000000,
        "incomeBeforeTaxRatio": 0.2927619048,
        "incomeTaxExpense": 579000000,
        "netIncome": 958000000,
        "netIncomeRatio": 0.1824761905,
        "eps": 2.81,
        "epsdiluted": 2.81,
        "weightedAverageShsOut": 341468253,
        "weightedAverageShsOutDil": 341468253,
        "link": "https://www.sec.gov/Archives/edgar/data/934612/000093461217000014/0000934612-17-000014-index.html",
        "finalLink": "https://www.sec.gov/Archives/edgar/data/934612/000093461217000014/llc6301710q.htm"
    },
    {
        "date": "2017-03-31",
        "symbol": "BNI",
        "reportedCurrency": "USD",
        "cik": "0000934612",
        "fillingDate": "2017-05-05",
        "acceptedDate": "2017-05-05 16:59:00",
        "calendarYear": "2017",
        "period": "Q1",
        "revenue": 5185000000,
        "costOfRevenue": 605000000,
        "grossProfit": 4580000000,
        "grossProfitRatio": 0.8833172613,
        "researchAndDevelopmentExpenses": 0,
        "generalAndAdministrativeExpenses": 1283000000,
        "sellingAndMarketingExpenses": 2308000000,
        "sellingGeneralAndAdministrativeExpenses": 3591000000,
        "otherExpenses": 0,
        "operatingExpenses": 3591000000,
        "costAndExpenses": 4196000000,
        "interestIncome": 0,
        "interestExpense": 252000000,
        "depreciationAndAmortization": 573000000,
        "ebitda": 2170000000,
        "ebitdaratio": 0.418514947,
        "operatingIncome": 1594000000,
        "operatingIncomeRatio": 0.3074252652,
        "totalOtherIncomeExpensesNet": -249000000,
        "incomeBeforeTax": 1345000000,
        "incomeBeforeTaxRatio": 0.2594021215,
        "incomeTaxExpense": 507000000,
        "netIncome": 838000000,
        "netIncomeRatio": 0.1616200579,
        "eps": 2.45,
        "epsdiluted": 2.45,
        "weightedAverageShsOut": 341468253,
        "weightedAverageShsOutDil": 341468253,
        "link": "https://www.sec.gov/Archives/edgar/data/934612/000093461217000007/0000934612-17-000007-index.html",
        "finalLink": "https://www.sec.gov/Archives/edgar/data/934612/000093461217000007/llc-33117x10q.htm"
    },
    {
        "date": "2016-12-31",
        "symbol": "BNI",
        "reportedCurrency": "USD",
        "cik": "0000934612",
        "fillingDate": "2017-02-27",
        "acceptedDate": "2017-02-24 18:55:35",
        "calendarYear": "2016",
        "period": "Q4",
        "revenue": 5310000000,
        "costOfRevenue": 575000000,
        "grossProfit": 4735000000,
        "grossProfitRatio": 0.8917137476,
        "researchAndDevelopmentExpenses": 0,
        "generalAndAdministrativeExpenses": 1234000000,
        "sellingAndMarketingExpenses": 2263000000,
        "sellingGeneralAndAdministrativeExpenses": 3497000000,
        "otherExpenses": 0,
        "operatingExpenses": 3497000000,
        "costAndExpenses": 4072000000,
        "interestIncome": 0,
        "interestExpense": 248000000,
        "depreciationAndAmortization": 544000000,
        "ebitda": 2356000000,
        "ebitdaratio": 0.4436911488,
        "operatingIncome": 1813000000,
        "operatingIncomeRatio": 0.3414312618,
        "totalOtherIncomeExpensesNet": -249000000,
        "incomeBeforeTax": 1564000000,
        "incomeBeforeTaxRatio": 0.2945386064,
        "incomeTaxExpense": 571000000,
        "netIncome": 993000000,
        "netIncomeRatio": 0.1870056497,
        "eps": 2.91,
        "epsdiluted": 2.91,
        "weightedAverageShsOut": 341468253,
        "weightedAverageShsOutDil": 341468253,
        "link": "https://www.sec.gov/Archives/edgar/data/934612/000093461217000003/0000934612-17-000003-index.html",
        "finalLink": "https://www.sec.gov/Archives/edgar/data/934612/000093461217000003/llc12312016-10k.htm"
    },
    {
        "date": "2016-09-30",
        "symbol": "BNI",
        "reportedCurrency": "USD",
        "cik": "0000934612",
        "fillingDate": "2016-11-04",
        "acceptedDate": "2016-11-04 16:30:18",
        "calendarYear": "2016",
        "period": "Q3",
        "revenue": 5167000000,
        "costOfRevenue": 533000000,
        "grossProfit": 4634000000,
        "grossProfitRatio": 0.8968453648,
        "researchAndDevelopmentExpenses": 0,
        "generalAndAdministrativeExpenses": 1193000000,
        "sellingAndMarketingExpenses": 2094000000,
        "sellingGeneralAndAdministrativeExpenses": 3287000000,
        "otherExpenses": 0,
        "operatingExpenses": 3287000000,
        "costAndExpenses": 3820000000,
        "interestIncome": 0,
        "interestExpense": 250000000,
        "depreciationAndAmortization": 534000000,
        "ebitda": 2417000000,
        "ebitdaratio": 0.4677762725,
        "operatingIncome": 1880000000,
        "operatingIncomeRatio": 0.3638474937,
        "totalOtherIncomeExpensesNet": -247000000,
        "incomeBeforeTax": 1633000000,
        "incomeBeforeTaxRatio": 0.3160441262,
        "incomeTaxExpense": 613000000,
        "netIncome": 1020000000,
        "netIncomeRatio": 0.1974066189,
        "eps": 2.99,
        "epsdiluted": 2.99,
        "weightedAverageShsOut": 341468253,
        "weightedAverageShsOutDil": 341468253,
        "link": "https://www.sec.gov/Archives/edgar/data/934612/000093461216000047/0000934612-16-000047-index.html",
        "finalLink": "https://www.sec.gov/Archives/edgar/data/934612/000093461216000047/llc-9302016x10q.htm"
    },
    {
        "date": "2016-06-30",
        "symbol": "BNI",
        "reportedCurrency": "USD",
        "cik": "0000934612",
        "fillingDate": "2016-08-05",
        "acceptedDate": "2016-08-05 16:27:16",
        "calendarYear": "2016",
        "period": "Q2",
        "revenue": 4585000000,
        "costOfRevenue": 431000000,
        "grossProfit": 4154000000,
        "grossProfitRatio": 0.905997819,
        "researchAndDevelopmentExpenses": 0,
        "generalAndAdministrativeExpenses": 1134000000,
        "sellingAndMarketingExpenses": 1964000000,
        "sellingGeneralAndAdministrativeExpenses": 3098000000,
        "otherExpenses": 0,
        "operatingExpenses": 3098000000,
        "costAndExpenses": 3529000000,
        "interestIncome": 0,
        "interestExpense": 249000000,
        "depreciationAndAmortization": 530000000,
        "ebitda": 2017000000,
        "ebitdaratio": 0.439912759,
        "operatingIncome": 1487000000,
        "operatingIncomeRatio": 0.3243184297,
        "totalOtherIncomeExpensesNet": -249000000,
        "incomeBeforeTax": 1238000000,
        "incomeBeforeTaxRatio": 0.2700109051,
        "incomeTaxExpense": 466000000,
        "netIncome": 772000000,
        "netIncomeRatio": 0.1683751363,
        "eps": 2.26,
        "epsdiluted": 2.26,
        "weightedAverageShsOut": 341468253,
        "weightedAverageShsOutDil": 341468253,
        "link": "https://www.sec.gov/Archives/edgar/data/934612/000093461216000044/0000934612-16-000044-index.html",
        "finalLink": "https://www.sec.gov/Archives/edgar/data/934612/000093461216000044/llc-6302016x10q.htm"
    },
    {
        "date": "2016-03-31",
        "symbol": "BNI",
        "reportedCurrency": "USD",
        "cik": "0000934612",
        "fillingDate": "2016-05-06",
        "acceptedDate": "2016-05-06 16:43:40",
        "calendarYear": "2016",
        "period": "Q1",
        "revenue": 4767000000,
        "costOfRevenue": 395000000,
        "grossProfit": 4372000000,
        "grossProfitRatio": 0.9171386616,
        "researchAndDevelopmentExpenses": 0,
        "generalAndAdministrativeExpenses": 1208000000,
        "sellingAndMarketingExpenses": 2054000000,
        "sellingGeneralAndAdministrativeExpenses": 3262000000,
        "otherExpenses": 0,
        "operatingExpenses": 3262000000,
        "costAndExpenses": 3657000000,
        "interestIncome": 0,
        "interestExpense": 245000000,
        "depreciationAndAmortization": 520000000,
        "ebitda": 2023000000,
        "ebitdaratio": 0.4243759178,
        "operatingIncome": 1505000000,
        "operatingIncomeRatio": 0.315712188,
        "totalOtherIncomeExpensesNet": -247000000,
        "incomeBeforeTax": 1258000000,
        "incomeBeforeTaxRatio": 0.2638976295,
        "incomeTaxExpense": 474000000,
        "netIncome": 784000000,
        "netIncomeRatio": 0.1644640235,
        "eps": 2.3,
        "epsdiluted": 2.3,
        "weightedAverageShsOut": 341468253,
        "weightedAverageShsOutDil": 341468253,
        "link": "https://www.sec.gov/Archives/edgar/data/934612/000093461216000038/0000934612-16-000038-index.html",
        "finalLink": "https://www.sec.gov/Archives/edgar/data/934612/000093461216000038/llc-3312016x10q.htm"
    },
    {
        "date": "2015-12-31",
        "symbol": "BNI",
        "reportedCurrency": "USD",
        "cik": "0000934612",
        "fillingDate": "2016-02-29",
        "acceptedDate": "2016-02-26 17:55:53",
        "calendarYear": "2015",
        "period": "Q4",
        "revenue": 5396000000,
        "costOfRevenue": 576000000,
        "grossProfit": 4820000000,
        "grossProfitRatio": 0.8932542624,
        "researchAndDevelopmentExpenses": 0,
        "generalAndAdministrativeExpenses": 1217000000,
        "sellingAndMarketingExpenses": 2207000000,
        "sellingGeneralAndAdministrativeExpenses": 3424000000,
        "otherExpenses": 0,
        "operatingExpenses": 3424000000,
        "costAndExpenses": 4000000000,
        "interestIncome": 0,
        "interestExpense": 245000000,
        "depreciationAndAmortization": 513000000,
        "ebitda": 2486000000,
        "ebitdaratio": 0.4607116383,
        "operatingIncome": 1972000000,
        "operatingIncomeRatio": 0.3654558933,
        "totalOtherIncomeExpensesNet": -244000000,
        "incomeBeforeTax": 1728000000,
        "incomeBeforeTaxRatio": 0.3202372128,
        "incomeTaxExpense": 644000000,
        "netIncome": 1084000000,
        "netIncomeRatio": 0.2008895478,
        "eps": 3.17,
        "epsdiluted": 3.17,
        "weightedAverageShsOut": 341468253,
        "weightedAverageShsOutDil": 341468253,
        "link": "https://www.sec.gov/Archives/edgar/data/934612/000093461216000034/0000934612-16-000034-index.html",
        "finalLink": "https://www.sec.gov/Archives/edgar/data/934612/000093461216000034/llc12312015-10k.htm"
    },
    {
        "date": "2015-09-30",
        "symbol": "BNI",
        "reportedCurrency": "USD",
        "cik": "0000934612",
        "fillingDate": "2015-11-06",
        "acceptedDate": "2015-11-06 16:29:15",
        "calendarYear": "2015",
        "period": "Q3",
        "revenue": 5600000000,
        "costOfRevenue": 670000000,
        "grossProfit": 4930000000,
        "grossProfitRatio": 0.8803571429,
        "researchAndDevelopmentExpenses": 0,
        "generalAndAdministrativeExpenses": 1220000000,
        "sellingAndMarketingExpenses": 2291000000,
        "sellingGeneralAndAdministrativeExpenses": 3511000000,
        "otherExpenses": 0,
        "operatingExpenses": 3511000000,
        "costAndExpenses": 4181000000,
        "interestIncome": 0,
        "interestExpense": 238000000,
        "depreciationAndAmortization": 503000000,
        "ebitda": 2580000000,
        "ebitdaratio": 0.4607142857,
        "operatingIncome": 2089000000,
        "operatingIncomeRatio": 0.3730357143,
        "totalOtherIncomeExpensesNet": -250000000,
        "incomeBeforeTax": 1839000000,
        "incomeBeforeTaxRatio": 0.3283928571,
        "incomeTaxExpense": 683000000,
        "netIncome": 1156000000,
        "netIncomeRatio": 0.2064285714,
        "eps": 3.39,
        "epsdiluted": 3.39,
        "weightedAverageShsOut": 341468253,
        "weightedAverageShsOutDil": 341468253,
        "link": "https://www.sec.gov/Archives/edgar/data/934612/000093461215000028/0000934612-15-000028-index.html",
        "finalLink": "https://www.sec.gov/Archives/edgar/data/934612/000093461215000028/llc-9302015x10q.htm"
    },
    {
        "date": "2015-06-30",
        "symbol": "BNI",
        "reportedCurrency": "USD",
        "cik": "0000934612",
        "fillingDate": "2015-08-07",
        "acceptedDate": "2015-08-07 17:12:52",
        "calendarYear": "2015",
        "period": "Q2",
        "revenue": 5369000000,
        "costOfRevenue": 697000000,
        "grossProfit": 4672000000,
        "grossProfitRatio": 0.8701806668,
        "researchAndDevelopmentExpenses": 0,
        "generalAndAdministrativeExpenses": 1268000000,
        "sellingAndMarketingExpenses": 2332000000,
        "sellingGeneralAndAdministrativeExpenses": 3600000000,
        "otherExpenses": 0,
        "operatingExpenses": 3600000000,
        "costAndExpenses": 4297000000,
        "interestIncome": 0,
        "interestExpense": 228000000,
        "depreciationAndAmortization": 489000000,
        "ebitda": 2253000000,
        "ebitdaratio": 0.4196312162,
        "operatingIncome": 1769000000,
        "operatingIncomeRatio": 0.3294840752,
        "totalOtherIncomeExpensesNet": -233000000,
        "incomeBeforeTax": 1536000000,
        "incomeBeforeTaxRatio": 0.2860867946,
        "incomeTaxExpense": 573000000,
        "netIncome": 963000000,
        "netIncomeRatio": 0.1793630099,
        "eps": 2.82,
        "epsdiluted": 2.82,
        "weightedAverageShsOut": 341468253,
        "weightedAverageShsOutDil": 341468253,
        "link": "https://www.sec.gov/Archives/edgar/data/934612/000093461215000024/0000934612-15-000024-index.html",
        "finalLink": "https://www.sec.gov/Archives/edgar/data/934612/000093461215000024/llc-6302015x10q.htm"
    },
    {
        "date": "2015-03-31",
        "symbol": "BNI",
        "reportedCurrency": "USD",
        "cik": "0000934612",
        "fillingDate": "2015-05-01",
        "acceptedDate": "2015-05-01 17:17:17",
        "calendarYear": "2015",
        "period": "Q1",
        "revenue": 5602000000,
        "costOfRevenue": 713000000,
        "grossProfit": 4889000000,
        "grossProfitRatio": 0.8727240271,
        "researchAndDevelopmentExpenses": 0,
        "generalAndAdministrativeExpenses": 1338000000,
        "sellingAndMarketingExpenses": 2370000000,
        "sellingGeneralAndAdministrativeExpenses": 3708000000,
        "otherExpenses": 0,
        "operatingExpenses": 3708000000,
        "costAndExpenses": 4421000000,
        "interestIncome": 0,
        "interestExpense": 217000000,
        "depreciationAndAmortization": 496000000,
        "ebitda": 2385000000,
        "ebitdaratio": 0.4257408069,
        "operatingIncome": 1894000000,
        "operatingIncomeRatio": 0.338093538,
        "totalOtherIncomeExpensesNet": -222000000,
        "incomeBeforeTax": 1672000000,
        "incomeBeforeTaxRatio": 0.298464834,
        "incomeTaxExpense": 627000000,
        "netIncome": 1045000000,
        "netIncomeRatio": 0.1865405212,
        "eps": 3.06,
        "epsdiluted": 3.06,
        "weightedAverageShsOut": 341468253,
        "weightedAverageShsOutDil": 341468253,
        "link": "https://www.sec.gov/Archives/edgar/data/934612/000093461215000016/0000934612-15-000016-index.html",
        "finalLink": "https://www.sec.gov/Archives/edgar/data/934612/000093461215000016/llc-3312015x10q.htm"
    },
    {
        "date": "2014-12-31",
        "symbol": "BNI",
        "reportedCurrency": "USD",
        "cik": "0000934612",
        "fillingDate": "2015-03-02",
        "acceptedDate": "2015-02-27 18:05:44",
        "calendarYear": "2014",
        "period": "Q4",
        "revenue": 6176000000,
        "costOfRevenue": 1040000000,
        "grossProfit": 5136000000,
        "grossProfitRatio": 0.8316062176,
        "researchAndDevelopmentExpenses": 0,
        "generalAndAdministrativeExpenses": 1328000000,
        "sellingAndMarketingExpenses": 2751000000,
        "sellingGeneralAndAdministrativeExpenses": 4079000000,
        "otherExpenses": 0,
        "operatingExpenses": 4079000000,
        "costAndExpenses": 5119000000,
        "interestIncome": 0,
        "interestExpense": 220000000,
        "depreciationAndAmortization": 554000000,
        "ebitda": 2648000000,
        "ebitdaratio": 0.4287564767,
        "operatingIncome": 2097000000,
        "operatingIncomeRatio": 0.3395401554,
        "totalOtherIncomeExpensesNet": -223000000,
        "incomeBeforeTax": 1874000000,
        "incomeBeforeTaxRatio": 0.3034326425,
        "incomeTaxExpense": 680000000,
        "netIncome": 1194000000,
        "netIncomeRatio": 0.1933290155,
        "eps": 3.5,
        "epsdiluted": 3.5,
        "weightedAverageShsOut": 341468253,
        "weightedAverageShsOutDil": 341468253,
        "link": "https://www.sec.gov/Archives/edgar/data/934612/000093461215000005/0000934612-15-000005-index.htm",
        "finalLink": "https://www.sec.gov/Archives/edgar/data/934612/000093461215000005/llc12312014-10k.htm"
    },
    {
        "date": "2014-09-30",
        "symbol": "BNI",
        "reportedCurrency": "USD",
        "cik": "0000934612",
        "fillingDate": "2014-11-07",
        "acceptedDate": "2014-11-07 17:14:27",
        "calendarYear": "2014",
        "period": "Q3",
        "revenue": 5881000000,
        "costOfRevenue": 1123000000,
        "grossProfit": 4758000000,
        "grossProfitRatio": 0.8090460806,
        "researchAndDevelopmentExpenses": 0,
        "generalAndAdministrativeExpenses": 1243000000,
        "sellingAndMarketingExpenses": 2770000000,
        "sellingGeneralAndAdministrativeExpenses": 4013000000,
        "otherExpenses": 0,
        "operatingExpenses": 4013000000,
        "costAndExpenses": 5136000000,
        "interestIncome": 0,
        "interestExpense": 211000000,
        "depreciationAndAmortization": 531000000,
        "ebitda": 2396000000,
        "ebitdaratio": 0.4074137052,
        "operatingIncome": 1868000000,
        "operatingIncomeRatio": 0.3176330556,
        "totalOtherIncomeExpensesNet": -214000000,
        "incomeBeforeTax": 1654000000,
        "incomeBeforeTaxRatio": 0.2812446863,
        "incomeTaxExpense": 619000000,
        "netIncome": 1035000000,
        "netIncomeRatio": 0.1759904778,
        "eps": 3.03,
        "epsdiluted": 3.03,
        "weightedAverageShsOut": 341468253,
        "weightedAverageShsOutDil": 341468253,
        "link": "https://www.sec.gov/Archives/edgar/data/934612/000093461214000020/0000934612-14-000020-index.html",
        "finalLink": "https://www.sec.gov/Archives/edgar/data/934612/000093461214000020/llc-9302014x10q.htm"
    },
    {
        "date": "2014-06-30",
        "symbol": "BNI",
        "reportedCurrency": "USD",
        "cik": "0000934612",
        "fillingDate": "2014-08-01",
        "acceptedDate": "2014-08-01 17:11:25",
        "calendarYear": "2014",
        "period": "Q2",
        "revenue": 5735000000,
        "costOfRevenue": 1156000000,
        "grossProfit": 4579000000,
        "grossProfitRatio": 0.7984306888,
        "researchAndDevelopmentExpenses": 0,
        "generalAndAdministrativeExpenses": 1234000000,
        "sellingAndMarketingExpenses": 2821000000,
        "sellingGeneralAndAdministrativeExpenses": 4055000000,
        "otherExpenses": 0,
        "operatingExpenses": 4055000000,
        "costAndExpenses": 5211000000,
        "interestIncome": 0,
        "interestExpense": 206000000,
        "depreciationAndAmortization": 523000000,
        "ebitda": 2201000000,
        "ebitdaratio": 0.3837837838,
        "operatingIncome": 1680000000,
        "operatingIncomeRatio": 0.2929380994,
        "totalOtherIncomeExpensesNet": -208000000,
        "incomeBeforeTax": 1472000000,
        "incomeBeforeTaxRatio": 0.2566695728,
        "incomeTaxExpense": 556000000,
        "netIncome": 916000000,
        "netIncomeRatio": 0.1597210113,
        "eps": 2.68,
        "epsdiluted": 2.68,
        "weightedAverageShsOut": 341468253,
        "weightedAverageShsOutDil": 341468253,
        "link": "https://www.sec.gov/Archives/edgar/data/934612/000093461214000015/0000934612-14-000015-index.html",
        "finalLink": "https://www.sec.gov/Archives/edgar/data/934612/000093461214000015/llc-6302014x10q.htm"
    },
    {
        "date": "2014-03-31",
        "symbol": "BNI",
        "reportedCurrency": "USD",
        "cik": "0000934612",
        "fillingDate": "2014-05-02",
        "acceptedDate": "2014-05-02 17:09:24",
        "calendarYear": "2014",
        "period": "Q1",
        "revenue": 5447000000,
        "costOfRevenue": 1159000000,
        "grossProfit": 4288000000,
        "grossProfitRatio": 0.7872223242,
        "researchAndDevelopmentExpenses": 0,
        "generalAndAdministrativeExpenses": 1218000000,
        "sellingAndMarketingExpenses": 2861000000,
        "sellingGeneralAndAdministrativeExpenses": 4079000000,
        "otherExpenses": 0,
        "operatingExpenses": 4079000000,
        "costAndExpenses": 5238000000,
        "interestIncome": 0,
        "interestExpense": 196000000,
        "depreciationAndAmortization": 515000000,
        "ebitda": 1880000000,
        "ebitdaratio": 0.345144116,
        "operatingIncome": 1368000000,
        "operatingIncomeRatio": 0.2511474206,
        "totalOtherIncomeExpensesNet": -199000000,
        "incomeBeforeTax": 1169000000,
        "incomeBeforeTaxRatio": 0.2146135487,
        "incomeTaxExpense": 445000000,
        "netIncome": 724000000,
        "netIncomeRatio": 0.1329172021,
        "eps": 2.12,
        "epsdiluted": 2.12,
        "weightedAverageShsOut": 341468253,
        "weightedAverageShsOutDil": 341468253,
        "link": "https://www.sec.gov/Archives/edgar/data/934612/000093461214000012/0000934612-14-000012-index.html",
        "finalLink": "https://www.sec.gov/Archives/edgar/data/934612/000093461214000012/llc-3312014x10q.htm"
    },
    {
        "date": "2013-12-31",
        "symbol": "BNI",
        "reportedCurrency": "USD",
        "cik": "0000934612",
        "fillingDate": "2014-03-03",
        "acceptedDate": "2014-02-28 17:50:08",
        "calendarYear": "2013",
        "period": "Q4",
        "revenue": 5757000000,
        "costOfRevenue": 4503000000,
        "grossProfit": 1254000000,
        "grossProfitRatio": 0.2178217822,
        "researchAndDevelopmentExpenses": 0,
        "generalAndAdministrativeExpenses": 1187000000,
        "sellingAndMarketingExpenses": 2688000000,
        "sellingGeneralAndAdministrativeExpenses": 3875000000,
        "otherExpenses": 0,
        "operatingExpenses": 3875000000,
        "costAndExpenses": 8378000000,
        "interestIncome": 0,
        "interestExpense": 193000000,
        "depreciationAndAmortization": 508000000,
        "ebitda": 2387000000,
        "ebitdaratio": 0.4146256731,
        "operatingIncome": 1882000000,
        "operatingIncomeRatio": 0.3269063748,
        "totalOtherIncomeExpensesNet": -196000000,
        "incomeBeforeTax": 1686000000,
        "incomeBeforeTaxRatio": 0.292860865,
        "incomeTaxExpense": 564000000,
        "netIncome": 1122000000,
        "netIncomeRatio": 0.1948931735,
        "eps": 3.29,
        "epsdiluted": 3.29,
        "weightedAverageShsOut": 341468253,
        "weightedAverageShsOutDil": 341468253,
        "link": "https://www.sec.gov/Archives/edgar/data/934612/000093461214000006/0000934612-14-000006-index.htm",
        "finalLink": "https://www.sec.gov/Archives/edgar/data/934612/000093461214000006/llc12312013-10k.htm"
    },
    {
        "date": "2013-09-30",
        "symbol": "BNI",
        "reportedCurrency": "USD",
        "cik": "0000934612",
        "fillingDate": "2013-11-01",
        "acceptedDate": "2013-11-01 17:09:54",
        "calendarYear": "2013",
        "period": "Q3",
        "revenue": 5651000000,
        "costOfRevenue": 1145000000,
        "grossProfit": 4506000000,
        "grossProfitRatio": 0.7973809945,
        "researchAndDevelopmentExpenses": 0,
        "generalAndAdministrativeExpenses": 1197000000,
        "sellingAndMarketingExpenses": 2714000000,
        "sellingGeneralAndAdministrativeExpenses": 3911000000,
        "otherExpenses": 0,
        "operatingExpenses": 3911000000,
        "costAndExpenses": 5056000000,
        "interestIncome": 0,
        "interestExpense": 181000000,
        "depreciationAndAmortization": 493000000,
        "ebitda": 2230000000,
        "ebitdaratio": 0.3946204212,
        "operatingIncome": 1740000000,
        "operatingIncomeRatio": 0.3079101044,
        "totalOtherIncomeExpensesNet": -184000000,
        "incomeBeforeTax": 1556000000,
        "incomeBeforeTaxRatio": 0.2753494957,
        "incomeTaxExpense": 567000000,
        "netIncome": 989000000,
        "netIncomeRatio": 0.175013272,
        "eps": 2.9,
        "epsdiluted": 2.9,
        "weightedAverageShsOut": 341468253,
        "weightedAverageShsOutDil": 341468253,
        "link": "https://www.sec.gov/Archives/edgar/data/934612/000093461213000018/0000934612-13-000018-index.html",
        "finalLink": "https://www.sec.gov/Archives/edgar/data/934612/000093461213000018/llc-9302013x10q.htm"
    },
    {
        "date": "2013-06-30",
        "symbol": "BNI",
        "reportedCurrency": "USD",
        "cik": "0000934612",
        "fillingDate": "2013-08-02",
        "acceptedDate": "2013-08-02 17:11:27",
        "calendarYear": "2013",
        "period": "Q2",
        "revenue": 5322000000,
        "costOfRevenue": 1076000000,
        "grossProfit": 4246000000,
        "grossProfitRatio": 0.7978203683,
        "researchAndDevelopmentExpenses": 0,
        "generalAndAdministrativeExpenses": 1128000000,
        "sellingAndMarketingExpenses": 2617000000,
        "sellingGeneralAndAdministrativeExpenses": 3745000000,
        "otherExpenses": 0,
        "operatingExpenses": 3745000000,
        "costAndExpenses": 4821000000,
        "interestIncome": 0,
        "interestExpense": 177000000,
        "depreciationAndAmortization": 489000000,
        "ebitda": 2063000000,
        "ebitdaratio": 0.387636227,
        "operatingIncome": 1577000000,
        "operatingIncomeRatio": 0.296317174,
        "totalOtherIncomeExpensesNet": -180000000,
        "incomeBeforeTax": 1397000000,
        "incomeBeforeTaxRatio": 0.2624953025,
        "incomeTaxExpense": 513000000,
        "netIncome": 884000000,
        "netIncomeRatio": 0.1661029688,
        "eps": 2.59,
        "epsdiluted": 2.59,
        "weightedAverageShsOut": 341468253,
        "weightedAverageShsOutDil": 341468253,
        "link": "https://www.sec.gov/Archives/edgar/data/934612/000093461213000013/0000934612-13-000013-index.html",
        "finalLink": "https://www.sec.gov/Archives/edgar/data/934612/000093461213000013/llc-6302013x10q.htm"
    },
    {
        "date": "2013-03-31",
        "symbol": "BNI",
        "reportedCurrency": "USD",
        "cik": "0000934612",
        "fillingDate": "2013-05-03",
        "acceptedDate": "2013-05-03 17:11:43",
        "calendarYear": "2013",
        "period": "Q1",
        "revenue": 5284000000,
        "costOfRevenue": 1122000000,
        "grossProfit": 4162000000,
        "grossProfitRatio": 0.787660863,
        "researchAndDevelopmentExpenses": 0,
        "generalAndAdministrativeExpenses": 1139000000,
        "sellingAndMarketingExpenses": 2677000000,
        "sellingGeneralAndAdministrativeExpenses": 3816000000,
        "otherExpenses": 0,
        "operatingExpenses": 3816000000,
        "costAndExpenses": 4938000000,
        "interestIncome": 0,
        "interestExpense": 178000000,
        "depreciationAndAmortization": 483000000,
        "ebitda": 1950000000,
        "ebitdaratio": 0.3690386071,
        "operatingIncome": 1468000000,
        "operatingIncomeRatio": 0.2778198335,
        "totalOtherIncomeExpensesNet": -179000000,
        "incomeBeforeTax": 1289000000,
        "incomeBeforeTaxRatio": 0.2439439818,
        "incomeTaxExpense": 491000000,
        "netIncome": 798000000,
        "netIncomeRatio": 0.1510219531,
        "eps": 2.34,
        "epsdiluted": 2.34,
        "weightedAverageShsOut": 341468253,
        "weightedAverageShsOutDil": 341468253,
        "link": "https://www.sec.gov/Archives/edgar/data/934612/000093461213000006/0000934612-13-000006-index.html",
        "finalLink": "https://www.sec.gov/Archives/edgar/data/934612/000093461213000006/llc-3312013x10q.htm"
    },
    {
        "date": "2012-12-31",
        "symbol": "BNI",
        "reportedCurrency": "USD",
        "cik": "0000934612",
        "fillingDate": "2013-03-01",
        "acceptedDate": "2013-03-01 16:25:40",
        "calendarYear": "2012",
        "period": "Q4",
        "revenue": 5428000000,
        "costOfRevenue": 1173000000,
        "grossProfit": 4255000000,
        "grossProfitRatio": 0.7838983051,
        "researchAndDevelopmentExpenses": 0,
        "generalAndAdministrativeExpenses": 1161000000,
        "sellingAndMarketingExpenses": 2627000000,
        "sellingGeneralAndAdministrativeExpenses": 3788000000,
        "otherExpenses": 0,
        "operatingExpenses": 3788000000,
        "costAndExpenses": 4961000000,
        "interestIncome": 0,
        "interestExpense": 163000000,
        "depreciationAndAmortization": 481000000,
        "ebitda": 2118000000,
        "ebitdaratio": 0.3901989683,
        "operatingIncome": 1640000000,
        "operatingIncomeRatio": 0.3021370671,
        "totalOtherIncomeExpensesNet": -166000000,
        "incomeBeforeTax": 1474000000,
        "incomeBeforeTaxRatio": 0.2715549005,
        "incomeTaxExpense": 542000000,
        "netIncome": 932000000,
        "netIncomeRatio": 0.1717022845,
        "eps": 2.73,
        "epsdiluted": 2.73,
        "weightedAverageShsOut": 341468253,
        "weightedAverageShsOutDil": 341468253,
        "link": "https://www.sec.gov/Archives/edgar/data/934612/000093461213000003/0000934612-13-000003-index.html",
        "finalLink": "https://www.sec.gov/Archives/edgar/data/934612/000093461213000003/llc12312012-10k.htm"
    },
    {
        "date": "2012-09-30",
        "symbol": "BNI",
        "reportedCurrency": "USD",
        "cik": "0000934612",
        "fillingDate": "2012-11-02",
        "acceptedDate": "2012-11-02 17:24:48",
        "calendarYear": "2012",
        "period": "Q3",
        "revenue": 5343000000,
        "costOfRevenue": 1089000000,
        "grossProfit": 4254000000,
        "grossProfitRatio": 0.7961819203,
        "researchAndDevelopmentExpenses": 0,
        "generalAndAdministrativeExpenses": 1149000000,
        "sellingAndMarketingExpenses": 2525000000,
        "sellingGeneralAndAdministrativeExpenses": 3674000000,
        "otherExpenses": 0,
        "operatingExpenses": 3674000000,
        "costAndExpenses": 4763000000,
        "interestIncome": 0,
        "interestExpense": 157000000,
        "depreciationAndAmortization": 475000000,
        "ebitda": 2140000000,
        "ebitdaratio": 0.4005240502,
        "operatingIncome": 1669000000,
        "operatingIncomeRatio": 0.312371327,
        "totalOtherIncomeExpensesNet": -161000000,
        "incomeBeforeTax": 1508000000,
        "incomeBeforeTaxRatio": 0.2822384428,
        "incomeTaxExpense": 571000000,
        "netIncome": 937000000,
        "netIncomeRatio": 0.1753696425,
        "eps": 2.74,
        "epsdiluted": 2.74,
        "weightedAverageShsOut": 341468253,
        "weightedAverageShsOutDil": 341468253,
        "link": "https://www.sec.gov/Archives/edgar/data/934612/000093461212000023/0000934612-12-000023-index.html",
        "finalLink": "https://www.sec.gov/Archives/edgar/data/934612/000093461212000023/llc-93012x10q.htm"
    },
    {
        "date": "2012-06-30",
        "symbol": "BNI",
        "reportedCurrency": "USD",
        "cik": "0000934612",
        "fillingDate": "2012-08-03",
        "acceptedDate": "2012-08-03 17:17:55",
        "calendarYear": "2012",
        "period": "Q2",
        "revenue": 5062000000,
        "costOfRevenue": 1102000000,
        "grossProfit": 3960000000,
        "grossProfitRatio": 0.7822994864,
        "researchAndDevelopmentExpenses": 0,
        "generalAndAdministrativeExpenses": 1078000000,
        "sellingAndMarketingExpenses": 2546000000,
        "sellingGeneralAndAdministrativeExpenses": 3624000000,
        "otherExpenses": 0,
        "operatingExpenses": 3624000000,
        "costAndExpenses": 4726000000,
        "interestIncome": 0,
        "interestExpense": 155000000,
        "depreciationAndAmortization": 470000000,
        "ebitda": 1905000000,
        "ebitdaratio": 0.376333465,
        "operatingIncome": 1438000000,
        "operatingIncomeRatio": 0.2840774397,
        "totalOtherIncomeExpensesNet": -158000000,
        "incomeBeforeTax": 1280000000,
        "incomeBeforeTaxRatio": 0.2528644804,
        "incomeTaxExpense": 478000000,
        "netIncome": 802000000,
        "netIncomeRatio": 0.158435401,
        "eps": 2.35,
        "epsdiluted": 2.35,
        "weightedAverageShsOut": 341468253,
        "weightedAverageShsOutDil": 341468253,
        "link": "https://www.sec.gov/Archives/edgar/data/934612/000093461212000019/0000934612-12-000019-index.html",
        "finalLink": "https://www.sec.gov/Archives/edgar/data/934612/000093461212000019/llc-63012x10q.htm"
    },
    {
        "date": "2012-03-31",
        "symbol": "BNI",
        "reportedCurrency": "USD",
        "cik": "0000934612",
        "fillingDate": "2012-05-04",
        "acceptedDate": "2012-05-04 17:10:23",
        "calendarYear": "2012",
        "period": "Q1",
        "revenue": 5002000000,
        "costOfRevenue": 1095000000,
        "grossProfit": 3907000000,
        "grossProfitRatio": 0.781087565,
        "researchAndDevelopmentExpenses": 0,
        "generalAndAdministrativeExpenses": 1117000000,
        "sellingAndMarketingExpenses": 2620000000,
        "sellingGeneralAndAdministrativeExpenses": 3737000000,
        "otherExpenses": 0,
        "operatingExpenses": 3737000000,
        "costAndExpenses": 4832000000,
        "interestIncome": 0,
        "interestExpense": 148000000,
        "depreciationAndAmortization": 463000000,
        "ebitda": 1726000000,
        "ebitdaratio": 0.3450619752,
        "operatingIncome": 1265000000,
        "operatingIncomeRatio": 0.2528988405,
        "totalOtherIncomeExpensesNet": -150000000,
        "incomeBeforeTax": 1115000000,
        "incomeBeforeTaxRatio": 0.2229108357,
        "incomeTaxExpense": 414000000,
        "netIncome": 701000000,
        "netIncomeRatio": 0.1401439424,
        "eps": 2.05,
        "epsdiluted": 2.05,
        "weightedAverageShsOut": 341468253,
        "weightedAverageShsOutDil": 341468253,
        "link": "https://www.sec.gov/Archives/edgar/data/934612/000093461212000015/0000934612-12-000015-index.htm",
        "finalLink": "https://www.sec.gov/Archives/edgar/data/934612/000093461212000015/llc-33112x10q.htm"
    },
    {
        "date": "2011-12-31",
        "symbol": "BNI",
        "reportedCurrency": "USD",
        "cik": "0000934612",
        "fillingDate": "2012-02-27",
        "acceptedDate": "2012-02-27 07:36:39",
        "calendarYear": "2011",
        "period": "Q4",
        "revenue": 5264000000,
        "costOfRevenue": 1143000000,
        "grossProfit": 4121000000,
        "grossProfitRatio": 0.7828647416,
        "researchAndDevelopmentExpenses": 0,
        "generalAndAdministrativeExpenses": 1099000000,
        "sellingAndMarketingExpenses": 2548000000,
        "sellingGeneralAndAdministrativeExpenses": 3647000000,
        "otherExpenses": 0,
        "operatingExpenses": 3647000000,
        "costAndExpenses": 4790000000,
        "interestIncome": 0,
        "interestExpense": 144000000,
        "depreciationAndAmortization": 457000000,
        "ebitda": 2071000000,
        "ebitdaratio": 0.3934270517,
        "operatingIncome": 1617000000,
        "operatingIncomeRatio": 0.3071808511,
        "totalOtherIncomeExpensesNet": -147000000,
        "incomeBeforeTax": 1470000000,
        "incomeBeforeTaxRatio": 0.2792553191,
        "incomeTaxExpense": 561000000,
        "netIncome": 909000000,
        "netIncomeRatio": 0.1726823708,
        "eps": 2.66,
        "epsdiluted": 2.66,
        "weightedAverageShsOut": 341468253,
        "weightedAverageShsOutDil": 341468253,
        "link": "https://www.sec.gov/Archives/edgar/data/934612/000093461212000010/0000934612-12-000010-index.html",
        "finalLink": "https://www.sec.gov/Archives/edgar/data/934612/000093461212000010/bni-12312011x10k.htm"
    },
    {
        "date": "2011-09-30",
        "symbol": "BNI",
        "reportedCurrency": "USD",
        "cik": "0000934612",
        "fillingDate": "2011-11-04",
        "acceptedDate": "2011-11-04 17:04:29",
        "calendarYear": "2011",
        "period": "Q3",
        "revenue": 14284000000,
        "costOfRevenue": 1089000000,
        "grossProfit": 13195000000,
        "grossProfitRatio": 0.9237608513,
        "researchAndDevelopmentExpenses": 0,
        "generalAndAdministrativeExpenses": 3216000000,
        "sellingAndMarketingExpenses": 7375000000,
        "sellingGeneralAndAdministrativeExpenses": 10591000000,
        "otherExpenses": 0,
        "operatingExpenses": 10591000000,
        "costAndExpenses": 11680000000,
        "interestIncome": 0,
        "interestExpense": 416000000,
        "depreciationAndAmortization": 1350000000,
        "ebitda": 5037000000,
        "ebitdaratio": 0.3526323159,
        "operatingIncome": 3693000000,
        "operatingIncomeRatio": 0.2585410249,
        "totalOtherIncomeExpensesNet": -422000000,
        "incomeBeforeTax": 3271000000,
        "incomeBeforeTaxRatio": 0.2289974797,
        "incomeTaxExpense": 1208000000,
        "netIncome": 2063000000,
        "netIncomeRatio": 0.1444273313,
        "eps": 6.04,
        "epsdiluted": 6.04,
        "weightedAverageShsOut": 341468253,
        "weightedAverageShsOutDil": 341468253,
        "link": "https://www.sec.gov/Archives/edgar/data/934612/000093461211000015/0000934612-11-000015-index.html",
        "finalLink": "https://www.sec.gov/Archives/edgar/data/934612/000093461211000015/bni-93011x10q.htm"
    },
    {
        "date": "2011-06-30",
        "symbol": "BNI",
        "reportedCurrency": "USD",
        "cik": "0000934612",
        "fillingDate": "2011-08-05",
        "acceptedDate": "2011-08-05 17:06:47",
        "calendarYear": "2011",
        "period": "Q2",
        "revenue": 4790000000,
        "costOfRevenue": 1096000000,
        "grossProfit": 3694000000,
        "grossProfitRatio": 0.7711899791,
        "researchAndDevelopmentExpenses": 0,
        "generalAndAdministrativeExpenses": 0,
        "sellingAndMarketingExpenses": 0,
        "sellingGeneralAndAdministrativeExpenses": 3581000000,
        "otherExpenses": 0,
        "operatingExpenses": 3581000000,
        "costAndExpenses": 4677000000,
        "interestIncome": 0,
        "interestExpense": 0,
        "depreciationAndAmortization": 450000000,
        "ebitda": 1520000000,
        "ebitdaratio": 0.3173277662,
        "operatingIncome": 1209000000,
        "operatingIncomeRatio": 0.2524008351,
        "totalOtherIncomeExpensesNet": -139000000,
        "incomeBeforeTax": 1070000000,
        "incomeBeforeTaxRatio": 0.2233820459,
        "incomeTaxExpense": 380000000,
        "netIncome": 690000000,
        "netIncomeRatio": 0.1440501044,
        "eps": 2.02,
        "epsdiluted": 2.02,
        "weightedAverageShsOut": 341468253,
        "weightedAverageShsOutDil": 341468253,
        "link": "https://www.sec.gov/Archives/edgar/data/934612/000093461211000011/0000934612-11-000011-index.html",
        "finalLink": "https://www.sec.gov/Archives/edgar/data/934612/000093461211000011/d10q.htm"
    },
    {
        "date": "2011-03-31",
        "symbol": "BNI",
        "reportedCurrency": "USD",
        "cik": "0000934612",
        "fillingDate": "2011-05-06",
        "acceptedDate": "2011-05-06 17:07:34",
        "calendarYear": "2011",
        "period": "Q1",
        "revenue": 4533000000,
        "costOfRevenue": 939000000,
        "grossProfit": 3594000000,
        "grossProfitRatio": 0.7928524156,
        "researchAndDevelopmentExpenses": 0,
        "generalAndAdministrativeExpenses": 0,
        "sellingAndMarketingExpenses": 0,
        "sellingGeneralAndAdministrativeExpenses": 3429000000,
        "otherExpenses": 0,
        "operatingExpenses": 3429000000,
        "costAndExpenses": 4368000000,
        "interestIncome": 0,
        "interestExpense": -136000000,
        "depreciationAndAmortization": 446000000,
        "ebitda": 1275000000,
        "ebitdaratio": 0.2812706817,
        "operatingIncome": 1104000000,
        "operatingIncomeRatio": 0.2435473197,
        "totalOtherIncomeExpensesNet": -139000000,
        "incomeBeforeTax": 965000000,
        "incomeBeforeTaxRatio": 0.2128833002,
        "incomeTaxExpense": 358000000,
        "netIncome": 607000000,
        "netIncomeRatio": 0.1339069049,
        "eps": 1.78,
        "epsdiluted": 1.78,
        "weightedAverageShsOut": 341468253,
        "weightedAverageShsOutDil": 341468253,
        "link": "https://www.sec.gov/Archives/edgar/data/934612/000093461211000008/0000934612-11-000008-index.html",
        "finalLink": "https://www.sec.gov/Archives/edgar/data/934612/000093461211000008/d10q.htm"
    },
    {
        "date": "2010-12-31",
        "symbol": "BNI",
        "reportedCurrency": "USD",
        "cik": "0000934612",
        "fillingDate": "2011-02-28",
        "acceptedDate": "2011-02-28 08:14:28",
        "calendarYear": "2010",
        "period": "Q4",
        "revenue": 10668000000,
        "costOfRevenue": 1939000000,
        "grossProfit": 8729000000,
        "grossProfitRatio": 0.8182414698,
        "researchAndDevelopmentExpenses": 0,
        "generalAndAdministrativeExpenses": 0,
        "sellingAndMarketingExpenses": 0,
        "sellingGeneralAndAdministrativeExpenses": 7876000000,
        "otherExpenses": 0,
        "operatingExpenses": 7876000000,
        "costAndExpenses": 9815000000,
        "interestIncome": 0,
        "interestExpense": -303000000,
        "depreciationAndAmortization": 436000000,
        "ebitda": 2617000000,
        "ebitdaratio": 0.2453130859,
        "operatingIncome": 2792000000,
        "operatingIncomeRatio": 0.2617172853,
        "totalOtherIncomeExpensesNet": -308000000,
        "incomeBeforeTax": 2484000000,
        "incomeBeforeTaxRatio": 0.2328458943,
        "incomeTaxExpense": 955000000,
        "netIncome": 1529000000,
        "netIncomeRatio": 0.1433258343,
        "eps": 4.48,
        "epsdiluted": 4.48,
        "weightedAverageShsOut": 341468253,
        "weightedAverageShsOutDil": 341468253,
        "link": "https://www.sec.gov/Archives/edgar/data/934612/000093461211000005/0000934612-11-000005-index.htm",
        "finalLink": "https://www.sec.gov/Archives/edgar/data/934612/000093461211000005/d10k.htm"
    },
    {
        "date": "2010-09-30",
        "symbol": "BNI",
        "reportedCurrency": "USD",
        "cik": "0000934612",
        "fillingDate": "2010-11-05",
        "acceptedDate": "2010-11-05 17:17:02",
        "calendarYear": "2010",
        "period": "Q3",
        "revenue": 4391000000,
        "costOfRevenue": 748000000,
        "grossProfit": 3643000000,
        "grossProfitRatio": 0.82965156,
        "researchAndDevelopmentExpenses": 0,
        "generalAndAdministrativeExpenses": 0,
        "sellingAndMarketingExpenses": 0,
        "sellingGeneralAndAdministrativeExpenses": 3130000000,
        "otherExpenses": 0,
        "operatingExpenses": 3130000000,
        "costAndExpenses": 3878000000,
        "interestIncome": 0,
        "interestExpense": 0,
        "depreciationAndAmortization": 1096000000,
        "ebitda": 2223000000,
        "ebitdaratio": 0.5062628103,
        "operatingIncome": 1261000000,
        "operatingIncomeRatio": 0.2871783193,
        "totalOtherIncomeExpensesNet": -134000000,
        "incomeBeforeTax": 1127000000,
        "incomeBeforeTaxRatio": 0.2566613528,
        "incomeTaxExpense": 421000000,
        "netIncome": 706000000,
        "netIncomeRatio": 0.1607834206,
        "eps": 2.07,
        "epsdiluted": 2.07,
        "weightedAverageShsOut": 341468253,
        "weightedAverageShsOutDil": 341468253,
        "link": "https://www.sec.gov/Archives/edgar/data/934612/000093461210000032/0000934612-10-000032-index.html",
        "finalLink": "https://www.sec.gov/Archives/edgar/data/934612/000093461210000032/d10q.htm"
    },
    {
        "date": "2010-06-30",
        "symbol": "BNI",
        "reportedCurrency": "USD",
        "cik": "0000934612",
        "fillingDate": "2010-08-06",
        "acceptedDate": "2010-08-06 17:08:26",
        "calendarYear": "2010",
        "period": "Q2",
        "revenue": 4094000000,
        "costOfRevenue": 762000000,
        "grossProfit": 3332000000,
        "grossProfitRatio": 0.8138739619,
        "researchAndDevelopmentExpenses": 0,
        "generalAndAdministrativeExpenses": 0,
        "sellingAndMarketingExpenses": 0,
        "sellingGeneralAndAdministrativeExpenses": 3008000000,
        "otherExpenses": 0,
        "operatingExpenses": 3008000000,
        "costAndExpenses": 3770000000,
        "interestIncome": 0,
        "interestExpense": 0,
        "depreciationAndAmortization": 661000000,
        "ebitda": 1635000000,
        "ebitdaratio": 0.3993649243,
        "operatingIncome": 1086000000,
        "operatingIncomeRatio": 0.2652662433,
        "totalOtherIncomeExpensesNet": -112000000,
        "incomeBeforeTax": 974000000,
        "incomeBeforeTaxRatio": 0.2379091353,
        "incomeTaxExpense": 371000000,
        "netIncome": 603000000,
        "netIncomeRatio": 0.1472887152,
        "eps": 1.77,
        "epsdiluted": 1.77,
        "weightedAverageShsOut": 341468253,
        "weightedAverageShsOutDil": 341468253,
        "link": "https://www.sec.gov/Archives/edgar/data/934612/000093461210000029/0000934612-10-000029-index.html",
        "finalLink": "https://www.sec.gov/Archives/edgar/data/934612/000093461210000029/d10q.htm"
    },
    {
        "date": "2010-03-31",
        "symbol": "BNI",
        "reportedCurrency": "USD",
        "cik": "0000934612",
        "fillingDate": "2010-05-07",
        "acceptedDate": "2010-05-07 17:17:34",
        "calendarYear": "2010",
        "period": "Q1",
        "revenue": 2073000000,
        "costOfRevenue": 330000000,
        "grossProfit": 1743000000,
        "grossProfitRatio": 0.8408104197,
        "researchAndDevelopmentExpenses": 0,
        "generalAndAdministrativeExpenses": 0,
        "sellingAndMarketingExpenses": 0,
        "sellingGeneralAndAdministrativeExpenses": 1534000000,
        "otherExpenses": 0,
        "operatingExpenses": 1534000000,
        "costAndExpenses": 1864000000,
        "interestIncome": 0,
        "interestExpense": 0,
        "depreciationAndAmortization": 227000000,
        "ebitda": 703000000,
        "ebitdaratio": 0.3391220453,
        "operatingIncome": 539000000,
        "operatingIncomeRatio": 0.2600096479,
        "totalOtherIncomeExpensesNet": -63000000,
        "incomeBeforeTax": 476000000,
        "incomeBeforeTaxRatio": 0.2296189098,
        "incomeTaxExpense": 194000000,
        "netIncome": 282000000,
        "netIncomeRatio": 0.1360347323,
        "eps": 0.83,
        "epsdiluted": 0.83,
        "weightedAverageShsOut": 341468253,
        "weightedAverageShsOutDil": 341468253,
        "link": "https://www.sec.gov/Archives/edgar/data/934612/000093461210000023/0000934612-10-000023-index.html",
        "finalLink": "https://www.sec.gov/Archives/edgar/data/934612/000093461210000023/d10q.htm"
    },
    {
        "date": "2009-12-31",
        "symbol": "BNI",
        "reportedCurrency": "USD",
        "cik": "0000934612",
        "fillingDate": "2010-02-11",
        "acceptedDate": "2010-02-11 14:11:09",
        "calendarYear": "2009",
        "period": "Q4",
        "revenue": 3681000000,
        "costOfRevenue": 643000000,
        "grossProfit": 3038000000,
        "grossProfitRatio": 0.8253192067,
        "researchAndDevelopmentExpenses": 0,
        "generalAndAdministrativeExpenses": 0,
        "sellingAndMarketingExpenses": 0,
        "sellingGeneralAndAdministrativeExpenses": 2786000000,
        "otherExpenses": 0,
        "operatingExpenses": 2786000000,
        "costAndExpenses": 3429000000,
        "interestIncome": 0,
        "interestExpense": -151000000,
        "depreciationAndAmortization": 402000000,
        "ebitda": 992000000,
        "ebitdaratio": 0.2694919859,
        "operatingIncome": 895000000,
        "operatingIncomeRatio": 0.243140451,
        "totalOtherIncomeExpensesNet": -154000000,
        "incomeBeforeTax": 741000000,
        "incomeBeforeTaxRatio": 0.2013039935,
        "incomeTaxExpense": 205000000,
        "netIncome": 536000000,
        "netIncomeRatio": 0.1456126053,
        "eps": 1.57,
        "epsdiluted": 1.56,
        "weightedAverageShsOut": 341468253,
        "weightedAverageShsOutDil": 343512974,
        "link": "https://www.sec.gov/Archives/edgar/data/934612/000093461210000016/0000934612-10-000016-index.html",
        "finalLink": "https://www.sec.gov/Archives/edgar/data/934612/000093461210000016/d10k.htm"
    },
    {
        "date": "2009-09-30",
        "symbol": "BNI",
        "reportedCurrency": "USD",
        "cik": "0000934612",
        "fillingDate": "2009-10-23",
        "acceptedDate": "2009-10-23 08:01:03",
        "calendarYear": "2009",
        "period": "Q3",
        "revenue": 3595000000,
        "costOfRevenue": 606000000,
        "grossProfit": 2989000000,
        "grossProfitRatio": 0.8314325452,
        "researchAndDevelopmentExpenses": 0,
        "generalAndAdministrativeExpenses": 0,
        "sellingAndMarketingExpenses": 0,
        "sellingGeneralAndAdministrativeExpenses": 2694000000,
        "otherExpenses": 0,
        "operatingExpenses": 2694000000,
        "costAndExpenses": 3300000000,
        "interestIncome": 0,
        "interestExpense": -127000000,
        "depreciationAndAmortization": 386000000,
        "ebitda": 1032000000,
        "ebitdaratio": 0.2870653686,
        "operatingIncome": 901000000,
        "operatingIncomeRatio": 0.2506258693,
        "totalOtherIncomeExpensesNet": -128000000,
        "incomeBeforeTax": 773000000,
        "incomeBeforeTaxRatio": 0.2150208623,
        "incomeTaxExpense": 285000000,
        "netIncome": 488000000,
        "netIncomeRatio": 0.135744089,
        "eps": 1.43,
        "epsdiluted": 1.42,
        "weightedAverageShsOut": 340517241,
        "weightedAverageShsOutDil": 343478260,
        "link": "https://www.sec.gov/Archives/edgar/data/934612/000095012309052564/0000950123-09-052564-index.html",
        "finalLink": "https://www.sec.gov/Archives/edgar/data/934612/000095012309052564/d68781e10vq.htm"
    },
    {
        "date": "2009-06-30",
        "symbol": "BNI",
        "reportedCurrency": "USD",
        "cik": "0000934612",
        "fillingDate": "2009-07-24",
        "acceptedDate": "2009-07-23 18:05:08",
        "calendarYear": "2009",
        "period": "Q2",
        "revenue": 3316000000,
        "costOfRevenue": 509000000,
        "grossProfit": 2807000000,
        "grossProfitRatio": 0.8465018094,
        "researchAndDevelopmentExpenses": 0,
        "generalAndAdministrativeExpenses": 0,
        "sellingAndMarketingExpenses": 0,
        "sellingGeneralAndAdministrativeExpenses": 2519000000,
        "otherExpenses": 0,
        "operatingExpenses": 2519000000,
        "costAndExpenses": 3028000000,
        "interestIncome": 0,
        "interestExpense": -137000000,
        "depreciationAndAmortization": 379000000,
        "ebitda": 901000000,
        "ebitdaratio": 0.2717129071,
        "operatingIncome": 797000000,
        "operatingIncomeRatio": 0.2403498191,
        "totalOtherIncomeExpensesNet": -138000000,
        "incomeBeforeTax": 659000000,
        "incomeBeforeTaxRatio": 0.1987334138,
        "incomeTaxExpense": 255000000,
        "netIncome": 404000000,
        "netIncomeRatio": 0.1218335344,
        "eps": 1.19,
        "epsdiluted": 1.18,
        "weightedAverageShsOut": 340000000,
        "weightedAverageShsOutDil": 343349753,
        "link": "https://www.sec.gov/Archives/edgar/data/934612/000093461209000042/0000934612-09-000042-index.html",
        "finalLink": "https://www.sec.gov/Archives/edgar/data/934612/000093461209000042/d10q.htm"
    },
    {
        "date": "2009-03-31",
        "symbol": "BNI",
        "reportedCurrency": "USD",
        "cik": "0000934612",
        "fillingDate": "2009-04-23",
        "acceptedDate": "2009-04-23 16:51:00",
        "calendarYear": "2009",
        "period": "Q1",
        "revenue": 3424000000,
        "costOfRevenue": 614000000,
        "grossProfit": 2810000000,
        "grossProfitRatio": 0.8206775701,
        "researchAndDevelopmentExpenses": 0,
        "generalAndAdministrativeExpenses": 0,
        "sellingAndMarketingExpenses": 0,
        "sellingGeneralAndAdministrativeExpenses": 2755000000,
        "otherExpenses": 0,
        "operatingExpenses": 2755000000,
        "costAndExpenses": 3369000000,
        "interestIncome": 0,
        "interestExpense": -198000000,
        "depreciationAndAmortization": 370000000,
        "ebitda": 640000000,
        "ebitdaratio": 0.1869158879,
        "operatingIncome": 669000000,
        "operatingIncomeRatio": 0.195385514,
        "totalOtherIncomeExpensesNet": -201000000,
        "incomeBeforeTax": 468000000,
        "incomeBeforeTaxRatio": 0.136682243,
        "incomeTaxExpense": 175000000,
        "netIncome": 293000000,
        "netIncomeRatio": 0.0855724299,
        "eps": 0.86,
        "epsdiluted": 0.86,
        "weightedAverageShsOut": 340697674,
        "weightedAverageShsOutDil": 340697674,
        "link": "https://www.sec.gov/Archives/edgar/data/934612/000093461209000014/0000934612-09-000014-index.html",
        "finalLink": "https://www.sec.gov/Archives/edgar/data/934612/000093461209000014/d10q.htm"
    },
    {
        "date": "2008-12-31",
        "symbol": "BNI",
        "reportedCurrency": "USD",
        "cik": "0000934612",
        "fillingDate": "2009-02-13",
        "acceptedDate": "2009-02-13 13:36:15",
        "calendarYear": "2008",
        "period": "Q4",
        "revenue": 4373000000,
        "costOfRevenue": 955000000,
        "grossProfit": 3418000000,
        "grossProfitRatio": 0.7816144523,
        "researchAndDevelopmentExpenses": 0,
        "generalAndAdministrativeExpenses": 0,
        "sellingAndMarketingExpenses": 0,
        "sellingGeneralAndAdministrativeExpenses": 3257000000,
        "otherExpenses": 0,
        "operatingExpenses": 3257000000,
        "costAndExpenses": 4212000000,
        "interestIncome": 0,
        "interestExpense": -137000000,
        "depreciationAndAmortization": 358000000,
        "ebitda": 1200000000,
        "ebitdaratio": 0.2744111594,
        "operatingIncome": 1116000000,
        "operatingIncomeRatio": 0.2552023782,
        "totalOtherIncomeExpensesNet": -137000000,
        "incomeBeforeTax": 979000000,
        "incomeBeforeTaxRatio": 0.2238737709,
        "incomeTaxExpense": 364000000,
        "netIncome": 615000000,
        "netIncomeRatio": 0.1406357192,
        "eps": 1.79,
        "epsdiluted": 1.77,
        "weightedAverageShsOut": 343902439,
        "weightedAverageShsOutDil": 347861842,
        "link": "https://www.sec.gov/Archives/edgar/data/934612/000093461209000005/0000934612-09-000005-index.html",
        "finalLink": "https://www.sec.gov/Archives/edgar/data/934612/000093461209000005/d10k.htm"
    },
    {
        "date": "2008-09-30",
        "symbol": "BNI",
        "reportedCurrency": "USD",
        "cik": "0000934612",
        "fillingDate": "2008-10-24",
        "acceptedDate": "2008-10-23 19:22:53",
        "calendarYear": "2008",
        "period": "Q3",
        "revenue": 4906000000,
        "costOfRevenue": 1431000000,
        "grossProfit": 3475000000,
        "grossProfitRatio": 0.7083163473,
        "researchAndDevelopmentExpenses": 0,
        "generalAndAdministrativeExpenses": 0,
        "sellingAndMarketingExpenses": 0,
        "sellingGeneralAndAdministrativeExpenses": 3699000000,
        "otherExpenses": 0,
        "operatingExpenses": 3699000000,
        "costAndExpenses": 5130000000,
        "interestIncome": 0,
        "interestExpense": -122000000,
        "depreciationAndAmortization": 349000000,
        "ebitda": 1306000000,
        "ebitdaratio": 0.2662046474,
        "operatingIncome": 1207000000,
        "operatingIncomeRatio": 0.2460252752,
        "totalOtherIncomeExpensesNet": -128000000,
        "incomeBeforeTax": 1079000000,
        "incomeBeforeTaxRatio": 0.2199347737,
        "incomeTaxExpense": 384000000,
        "netIncome": 695000000,
        "netIncomeRatio": 0.1416632695,
        "eps": 2.02,
        "epsdiluted": 1.99,
        "weightedAverageShsOut": 344827586,
        "weightedAverageShsOutDil": 348837209,
        "link": "https://www.sec.gov/Archives/edgar/data/934612/000093461208000043/0000934612-08-000043-index.html",
        "finalLink": "https://www.sec.gov/Archives/edgar/data/934612/000093461208000043/d10q.htm"
    },
    {
        "date": "2008-06-30",
        "symbol": "BNI",
        "reportedCurrency": "USD",
        "cik": "0000934612",
        "fillingDate": "2008-07-24",
        "acceptedDate": "2008-07-24 16:06:31",
        "calendarYear": "2008",
        "period": "Q2",
        "revenue": 4478000000,
        "costOfRevenue": 1245000000,
        "grossProfit": 3233000000,
        "grossProfitRatio": 0.7219740956,
        "researchAndDevelopmentExpenses": 0,
        "generalAndAdministrativeExpenses": 0,
        "sellingAndMarketingExpenses": 0,
        "sellingGeneralAndAdministrativeExpenses": 3764000000,
        "otherExpenses": 0,
        "operatingExpenses": 3764000000,
        "costAndExpenses": 5009000000,
        "interestIncome": 0,
        "interestExpense": -140000000,
        "depreciationAndAmortization": 349000000,
        "ebitda": 778000000,
        "ebitdaratio": 0.173738276,
        "operatingIncome": 714000000,
        "operatingIncomeRatio": 0.1594461813,
        "totalOtherIncomeExpensesNet": -145000000,
        "incomeBeforeTax": 569000000,
        "incomeBeforeTaxRatio": 0.1270656543,
        "incomeTaxExpense": 219000000,
        "netIncome": 350000000,
        "netIncomeRatio": 0.0781598928,
        "eps": 1.01,
        "epsdiluted": 1,
        "weightedAverageShsOut": 345493562,
        "weightedAverageShsOutDil": 350000000,
        "link": "https://www.sec.gov/Archives/edgar/data/934612/000001551108000019/0000015511-08-000019-index.html",
        "finalLink": "https://www.sec.gov/Archives/edgar/data/934612/000001551108000019/d10q.htm"
    },
    {
        "date": "2008-03-31",
        "symbol": "BNI",
        "reportedCurrency": "USD",
        "cik": "0000934612",
        "fillingDate": "2008-04-29",
        "acceptedDate": "2008-04-29 08:01:32",
        "calendarYear": "2008",
        "period": "Q1",
        "revenue": 4261000000,
        "costOfRevenue": 1009000000,
        "grossProfit": 3252000000,
        "grossProfitRatio": 0.7632011265,
        "researchAndDevelopmentExpenses": 0,
        "generalAndAdministrativeExpenses": 0,
        "sellingAndMarketingExpenses": 0,
        "sellingGeneralAndAdministrativeExpenses": 3386000000,
        "otherExpenses": 0,
        "operatingExpenses": 3386000000,
        "costAndExpenses": 4395000000,
        "interestIncome": 0,
        "interestExpense": -134000000,
        "depreciationAndAmortization": 341000000,
        "ebitda": 948000000,
        "ebitdaratio": 0.2224829852,
        "operatingIncome": 875000000,
        "operatingIncomeRatio": 0.2053508566,
        "totalOtherIncomeExpensesNet": -134000000,
        "incomeBeforeTax": 741000000,
        "incomeBeforeTaxRatio": 0.1739028397,
        "incomeTaxExpense": 286000000,
        "netIncome": 455000000,
        "netIncomeRatio": 0.1067824454,
        "eps": 1.31,
        "epsdiluted": 1.3,
        "weightedAverageShsOut": 347328244,
        "weightedAverageShsOutDil": 350000000,
        "link": "https://www.sec.gov/Archives/edgar/data/934612/000093461208000027/0000934612-08-000027-index.html",
        "finalLink": "https://www.sec.gov/Archives/edgar/data/934612/000093461208000027/d10q.htm"
    },
    {
        "date": "2007-12-31",
        "symbol": "BNI",
        "reportedCurrency": "USD",
        "cik": "0000934612",
        "fillingDate": "2008-02-15",
        "acceptedDate": "2008-02-14 20:16:01",
        "calendarYear": "2007",
        "period": "Q4",
        "revenue": 4245000000,
        "costOfRevenue": 960000000,
        "grossProfit": 3285000000,
        "grossProfitRatio": 0.7738515901,
        "researchAndDevelopmentExpenses": 0,
        "generalAndAdministrativeExpenses": 0,
        "sellingAndMarketingExpenses": 0,
        "sellingGeneralAndAdministrativeExpenses": 3295000000,
        "otherExpenses": 0,
        "operatingExpenses": 3295000000,
        "costAndExpenses": 4255000000,
        "interestIncome": 0,
        "interestExpense": -126000000,
        "depreciationAndAmortization": 340000000,
        "ebitda": 1037000000,
        "ebitdaratio": 0.2442873969,
        "operatingIncome": 950000000,
        "operatingIncomeRatio": 0.2237926973,
        "totalOtherIncomeExpensesNet": -127000000,
        "incomeBeforeTax": 823000000,
        "incomeBeforeTaxRatio": 0.1938751472,
        "incomeTaxExpense": 306000000,
        "netIncome": 517000000,
        "netIncomeRatio": 0.1217903416,
        "eps": 1.47,
        "epsdiluted": 1.44,
        "weightedAverageShsOut": 352408477,
        "weightedAverageShsOutDil": 358627450,
        "link": "https://www.sec.gov/Archives/edgar/data/934612/000093461208000012/0000934612-08-000012-index.htm",
        "finalLink": "https://www.sec.gov/Archives/edgar/data/934612/000093461208000012/d10k.htm"
    },
    {
        "date": "2007-09-30",
        "symbol": "BNI",
        "reportedCurrency": "USD",
        "cik": "0000934612",
        "fillingDate": "2007-10-23",
        "acceptedDate": "2007-10-23 07:58:45",
        "calendarYear": "2007",
        "period": "Q3",
        "revenue": 4069000000,
        "costOfRevenue": 814000000,
        "grossProfit": 3255000000,
        "grossProfitRatio": 0.7999508479,
        "researchAndDevelopmentExpenses": 0,
        "generalAndAdministrativeExpenses": 0,
        "sellingAndMarketingExpenses": 0,
        "sellingGeneralAndAdministrativeExpenses": 3068000000,
        "otherExpenses": 0,
        "operatingExpenses": 3068000000,
        "costAndExpenses": 3882000000,
        "interestIncome": 0,
        "interestExpense": -132000000,
        "depreciationAndAmortization": 324000000,
        "ebitda": 1055000000,
        "ebitdaratio": 0.2592774638,
        "operatingIncome": 1001000000,
        "operatingIncomeRatio": 0.2460063898,
        "totalOtherIncomeExpensesNet": -138000000,
        "incomeBeforeTax": 863000000,
        "incomeBeforeTaxRatio": 0.212091423,
        "incomeTaxExpense": 333000000,
        "netIncome": 530000000,
        "netIncomeRatio": 0.1302531334,
        "eps": 1.5,
        "epsdiluted": 1.47,
        "weightedAverageShsOut": 353638814,
        "weightedAverageShsOutDil": 360439560,
        "link": "https://www.sec.gov/Archives/edgar/data/934612/000093461207000032/0000934612-07-000032-index.html",
        "finalLink": "https://www.sec.gov/Archives/edgar/data/934612/000093461207000032/d10q.htm"
    },
    {
        "date": "2007-06-30",
        "symbol": "BNI",
        "reportedCurrency": "USD",
        "cik": "0000934612",
        "fillingDate": "2007-07-24",
        "acceptedDate": "2007-07-24 08:10:52",
        "calendarYear": "2007",
        "period": "Q2",
        "revenue": 3843000000,
        "costOfRevenue": 771000000,
        "grossProfit": 3072000000,
        "grossProfitRatio": 0.7993754879,
        "researchAndDevelopmentExpenses": 0,
        "generalAndAdministrativeExpenses": 0,
        "sellingAndMarketingExpenses": 0,
        "sellingGeneralAndAdministrativeExpenses": 3002000000,
        "otherExpenses": 0,
        "operatingExpenses": 3002000000,
        "costAndExpenses": 3773000000,
        "interestIncome": 0,
        "interestExpense": -132000000,
        "depreciationAndAmortization": 322000000,
        "ebitda": 893000000,
        "ebitdaratio": 0.2323705438,
        "operatingIncome": 841000000,
        "operatingIncomeRatio": 0.2188394483,
        "totalOtherIncomeExpensesNet": -138000000,
        "incomeBeforeTax": 703000000,
        "incomeBeforeTaxRatio": 0.1829300026,
        "incomeTaxExpense": 270000000,
        "netIncome": 433000000,
        "netIncomeRatio": 0.1126723914,
        "eps": 1.22,
        "epsdiluted": 1.2,
        "weightedAverageShsOut": 355454545,
        "weightedAverageShsOutDil": 362037037,
        "link": "https://www.sec.gov/Archives/edgar/data/934612/000093461207000019/0000934612-07-000019-index.html",
        "finalLink": "https://www.sec.gov/Archives/edgar/data/934612/000093461207000019/d10q.htm"
    },
    {
        "date": "2007-03-31",
        "symbol": "BNI",
        "reportedCurrency": "USD",
        "cik": "0000934612",
        "fillingDate": "2007-04-24",
        "acceptedDate": "2007-04-24 08:23:00",
        "calendarYear": "2007",
        "period": "Q1",
        "revenue": 3645000000,
        "costOfRevenue": 652000000,
        "grossProfit": 2993000000,
        "grossProfitRatio": 0.8211248285,
        "researchAndDevelopmentExpenses": 0,
        "generalAndAdministrativeExpenses": 0,
        "sellingAndMarketingExpenses": 0,
        "sellingGeneralAndAdministrativeExpenses": 2951000000,
        "otherExpenses": 0,
        "operatingExpenses": 2951000000,
        "costAndExpenses": 3603000000,
        "interestIncome": 0,
        "interestExpense": -121000000,
        "depreciationAndAmortization": 307000000,
        "ebitda": 754000000,
        "ebitdaratio": 0.2068587106,
        "operatingIncome": 694000000,
        "operatingIncomeRatio": 0.1903978052,
        "totalOtherIncomeExpensesNet": -126000000,
        "incomeBeforeTax": 568000000,
        "incomeBeforeTaxRatio": 0.155829904,
        "incomeTaxExpense": 219000000,
        "netIncome": 349000000,
        "netIncomeRatio": 0.0957475995,
        "eps": 0.98,
        "epsdiluted": 0.96,
        "weightedAverageShsOut": 356122448,
        "weightedAverageShsOutDil": 363541666,
        "link": "https://www.sec.gov/Archives/edgar/data/934612/000093461207000008/0000934612-07-000008-index.html",
        "finalLink": "https://www.sec.gov/Archives/edgar/data/934612/000093461207000008/d10q.htm"
    },
    {
        "date": "2006-12-31",
        "symbol": "BNI",
        "reportedCurrency": "USD",
        "cik": "0000934612",
        "fillingDate": "2007-02-16",
        "acceptedDate": "2007-02-16 12:50:11",
        "calendarYear": "2006",
        "period": "Q4",
        "revenue": 3882000000,
        "costOfRevenue": 703000000,
        "grossProfit": 3179000000,
        "grossProfitRatio": 0.8189077795,
        "researchAndDevelopmentExpenses": 0,
        "generalAndAdministrativeExpenses": 0,
        "sellingAndMarketingExpenses": 0,
        "sellingGeneralAndAdministrativeExpenses": 2940000000,
        "otherExpenses": 0,
        "operatingExpenses": 2940000000,
        "costAndExpenses": 3643000000,
        "interestIncome": 0,
        "interestExpense": -121000000,
        "depreciationAndAmortization": 290000000,
        "ebitda": 980000000,
        "ebitdaratio": 0.2524471922,
        "operatingIncome": 942000000,
        "operatingIncomeRatio": 0.2426584235,
        "totalOtherIncomeExpensesNet": -131000000,
        "incomeBeforeTax": 811000000,
        "incomeBeforeTaxRatio": 0.2089129315,
        "incomeTaxExpense": 292000000,
        "netIncome": 519000000,
        "netIncomeRatio": 0.1336939722,
        "eps": 1.44,
        "epsdiluted": 1.4,
        "weightedAverageShsOut": 360803059,
        "weightedAverageShsOutDil": 370000000,
        "link": "https://www.sec.gov/Archives/edgar/data/934612/000119312507033815/0001193125-07-033815-index.htm",
        "finalLink": "https://www.sec.gov/Archives/edgar/data/934612/000119312507033815/d10k.htm"
    },
    {
        "date": "2006-09-30",
        "symbol": "BNI",
        "reportedCurrency": "USD",
        "cik": "0000934612",
        "fillingDate": "2006-10-24",
        "acceptedDate": "2006-10-24 08:25:55",
        "calendarYear": "2006",
        "period": "Q3",
        "revenue": 3939000000,
        "costOfRevenue": 792000000,
        "grossProfit": 3147000000,
        "grossProfitRatio": 0.7989337395,
        "researchAndDevelopmentExpenses": 0,
        "generalAndAdministrativeExpenses": 0,
        "sellingAndMarketingExpenses": 0,
        "sellingGeneralAndAdministrativeExpenses": 3019000000,
        "otherExpenses": 0,
        "operatingExpenses": 3019000000,
        "costAndExpenses": 3811000000,
        "interestIncome": 0,
        "interestExpense": -125000000,
        "depreciationAndAmortization": 284000000,
        "ebitda": 944000000,
        "ebitdaratio": 0.2396547347,
        "operatingIncome": 920000000,
        "operatingIncomeRatio": 0.2335618177,
        "totalOtherIncomeExpensesNet": -135000000,
        "incomeBeforeTax": 785000000,
        "incomeBeforeTaxRatio": 0.1992891597,
        "incomeTaxExpense": 297000000,
        "netIncome": 488000000,
        "netIncomeRatio": 0.123889312,
        "eps": 1.34,
        "epsdiluted": 1.31,
        "weightedAverageShsOut": 362864721,
        "weightedAverageShsOutDil": 371739130,
        "link": "https://www.sec.gov/Archives/edgar/data/934612/000119312506213375/0001193125-06-213375-index.htm",
        "finalLink": "https://www.sec.gov/Archives/edgar/data/934612/000119312506213375/d10q.htm"
    },
    {
        "date": "2006-06-30",
        "symbol": "BNI",
        "reportedCurrency": "USD",
        "cik": "0000934612",
        "fillingDate": "2006-07-25",
        "acceptedDate": "2006-07-25 08:07:14",
        "calendarYear": "2006",
        "period": "Q2",
        "revenue": 3701000000,
        "costOfRevenue": 678000000,
        "grossProfit": 3023000000,
        "grossProfitRatio": 0.8168062686,
        "researchAndDevelopmentExpenses": 0,
        "generalAndAdministrativeExpenses": 0,
        "sellingAndMarketingExpenses": 0,
        "sellingGeneralAndAdministrativeExpenses": 2838000000,
        "otherExpenses": 0,
        "operatingExpenses": 2838000000,
        "costAndExpenses": 3516000000,
        "interestIncome": 0,
        "interestExpense": -118000000,
        "depreciationAndAmortization": 279000000,
        "ebitda": 895000000,
        "ebitdaratio": 0.2418265334,
        "operatingIncome": 863000000,
        "operatingIncomeRatio": 0.2331802216,
        "totalOtherIncomeExpensesNet": -129000000,
        "incomeBeforeTax": 734000000,
        "incomeBeforeTaxRatio": 0.1983247771,
        "incomeTaxExpense": 264000000,
        "netIncome": 470000000,
        "netIncomeRatio": 0.1269927047,
        "eps": 1.29,
        "epsdiluted": 1.26,
        "weightedAverageShsOut": 363636363,
        "weightedAverageShsOutDil": 374468085,
        "link": "https://www.sec.gov/Archives/edgar/data/934612/000119312506152189/0001193125-06-152189-index.htm",
        "finalLink": "https://www.sec.gov/Archives/edgar/data/934612/000119312506152189/d10q.htm"
    },
    {
        "date": "2006-03-31",
        "symbol": "BNI",
        "reportedCurrency": "USD",
        "cik": "0000934612",
        "fillingDate": "2006-04-25",
        "acceptedDate": "2006-04-25 08:07:32",
        "calendarYear": "2006",
        "period": "Q1",
        "revenue": 3463000000,
        "costOfRevenue": 561000000,
        "grossProfit": 2902000000,
        "grossProfitRatio": 0.8380017326,
        "researchAndDevelopmentExpenses": 0,
        "generalAndAdministrativeExpenses": 0,
        "sellingAndMarketingExpenses": 0,
        "sellingGeneralAndAdministrativeExpenses": 2671000000,
        "otherExpenses": 0,
        "operatingExpenses": 2671000000,
        "costAndExpenses": 3232000000,
        "interestIncome": 0,
        "interestExpense": -121000000,
        "depreciationAndAmortization": 277000000,
        "ebitda": 818000000,
        "ebitdaratio": 0.2362113774,
        "operatingIncome": 792000000,
        "operatingIncomeRatio": 0.2287034363,
        "totalOtherIncomeExpensesNet": -130000000,
        "incomeBeforeTax": 662000000,
        "incomeBeforeTaxRatio": 0.1911637309,
        "incomeTaxExpense": 252000000,
        "netIncome": 410000000,
        "netIncomeRatio": 0.1183944557,
        "eps": 1.12,
        "epsdiluted": 1.09,
        "weightedAverageShsOut": 366071428,
        "weightedAverageShsOutDil": 376146788,
        "link": "https://www.sec.gov/Archives/edgar/data/934612/000119312506087328/0001193125-06-087328-index.htm",
        "finalLink": "https://www.sec.gov/Archives/edgar/data/934612/000119312506087328/d10q.htm"
    },
    {
        "date": "2005-12-31",
        "symbol": "BNI",
        "reportedCurrency": "USD",
        "cik": "0000934612",
        "fillingDate": "2006-02-17",
        "acceptedDate": "2006-02-17 14:58:07",
        "calendarYear": "2005",
        "period": "Q4",
        "revenue": 3550000000,
        "costOfRevenue": 607000000,
        "grossProfit": 2943000000,
        "grossProfitRatio": 0.8290140845,
        "researchAndDevelopmentExpenses": 0,
        "generalAndAdministrativeExpenses": 0,
        "sellingAndMarketingExpenses": 0,
        "sellingGeneralAndAdministrativeExpenses": 2750000000,
        "otherExpenses": 0,
        "operatingExpenses": 2750000000,
        "costAndExpenses": 3357000000,
        "interestIncome": 0,
        "interestExpense": -110000000,
        "depreciationAndAmortization": 273000000,
        "ebitda": 847000000,
        "ebitdaratio": 0.2385915493,
        "operatingIncome": 800000000,
        "operatingIncomeRatio": 0.2253521127,
        "totalOtherIncomeExpensesNet": -116000000,
        "incomeBeforeTax": 684000000,
        "incomeBeforeTaxRatio": 0.1926760563,
        "incomeTaxExpense": 254000000,
        "netIncome": 430000000,
        "netIncomeRatio": 0.1211267606,
        "eps": 1.16,
        "epsdiluted": 1.16,
        "weightedAverageShsOut": 371601941,
        "weightedAverageShsOutDil": 371601941,
        "link": "https://www.sec.gov/Archives/edgar/data/934612/000119312506034572/0001193125-06-034572-index.htm",
        "finalLink": "https://www.sec.gov/Archives/edgar/data/934612/000119312506034572/d10k.htm"
    },
    {
        "date": "2005-09-30",
        "symbol": "BNI",
        "reportedCurrency": "USD",
        "cik": "0000934612",
        "fillingDate": "2005-10-25",
        "acceptedDate": "2005-10-25 08:11:08",
        "calendarYear": "2005",
        "period": "Q3",
        "revenue": 3317000000,
        "costOfRevenue": 499000000,
        "grossProfit": 2818000000,
        "grossProfitRatio": 0.849562858,
        "researchAndDevelopmentExpenses": 0,
        "generalAndAdministrativeExpenses": 0,
        "sellingAndMarketingExpenses": 0,
        "sellingGeneralAndAdministrativeExpenses": 2539000000,
        "otherExpenses": 0,
        "operatingExpenses": 2539000000,
        "costAndExpenses": 3038000000,
        "interestIncome": 0,
        "interestExpense": -106000000,
        "depreciationAndAmortization": 271000000,
        "ebitda": 821000000,
        "ebitdaratio": 0.2475128128,
        "operatingIncome": 778000000,
        "operatingIncomeRatio": 0.2345492915,
        "totalOtherIncomeExpensesNet": -122000000,
        "incomeBeforeTax": 656000000,
        "incomeBeforeTaxRatio": 0.1977690684,
        "incomeTaxExpense": 242000000,
        "netIncome": 414000000,
        "netIncomeRatio": 0.1248115767,
        "eps": 1.11,
        "epsdiluted": 1.08,
        "weightedAverageShsOut": 371959459,
        "weightedAverageShsOutDil": 382291666,
        "link": "https://www.sec.gov/Archives/edgar/data/934612/000119312505207390/0001193125-05-207390-index.htm",
        "finalLink": "https://www.sec.gov/Archives/edgar/data/934612/000119312505207390/d10q.htm"
    },
    {
        "date": "2005-06-30",
        "symbol": "BNI",
        "reportedCurrency": "USD",
        "cik": "0000934612",
        "fillingDate": "2005-07-26",
        "acceptedDate": "2005-07-26 06:13:56",
        "calendarYear": "2005",
        "period": "Q2",
        "revenue": 3138000000,
        "costOfRevenue": 461000000,
        "grossProfit": 2677000000,
        "grossProfitRatio": 0.8530911409,
        "researchAndDevelopmentExpenses": 0,
        "generalAndAdministrativeExpenses": 0,
        "sellingAndMarketingExpenses": 0,
        "sellingGeneralAndAdministrativeExpenses": 2428000000,
        "otherExpenses": 0,
        "operatingExpenses": 2428000000,
        "costAndExpenses": 2889000000,
        "interestIncome": 0,
        "interestExpense": -112000000,
        "depreciationAndAmortization": 268000000,
        "ebitda": 746000000,
        "ebitdaratio": 0.2377310389,
        "operatingIncome": 710000000,
        "operatingIncomeRatio": 0.2262587635,
        "totalOtherIncomeExpensesNet": -120000000,
        "incomeBeforeTax": 590000000,
        "incomeBeforeTaxRatio": 0.1880178458,
        "incomeTaxExpense": 224000000,
        "netIncome": 366000000,
        "netIncomeRatio": 0.1166347992,
        "eps": 0.98,
        "epsdiluted": 0.95,
        "weightedAverageShsOut": 373369565,
        "weightedAverageShsOutDil": 383798882,
        "link": "https://www.sec.gov/Archives/edgar/data/934612/000119312505148435/0001193125-05-148435-index.htm",
        "finalLink": "https://www.sec.gov/Archives/edgar/data/934612/000119312505148435/d10q.htm"
    },
    {
        "date": "2005-03-31",
        "symbol": "BNI",
        "reportedCurrency": "USD",
        "cik": "0000934612",
        "fillingDate": "2005-04-28",
        "acceptedDate": "2005-04-28 08:04:23",
        "calendarYear": "2005",
        "period": "Q1",
        "revenue": 2982000000,
        "costOfRevenue": 392000000,
        "grossProfit": 2590000000,
        "grossProfitRatio": 0.8685446009,
        "researchAndDevelopmentExpenses": 0,
        "generalAndAdministrativeExpenses": 0,
        "sellingAndMarketingExpenses": 0,
        "sellingGeneralAndAdministrativeExpenses": 2348000000,
        "otherExpenses": 0,
        "operatingExpenses": 2348000000,
        "costAndExpenses": 2740000000,
        "interestIncome": 0,
        "interestExpense": -109000000,
        "depreciationAndAmortization": 263000000,
        "ebitda": 672000000,
        "ebitdaratio": 0.2253521127,
        "operatingIncome": 634000000,
        "operatingIncomeRatio": 0.2126089873,
        "totalOtherIncomeExpensesNet": -116000000,
        "incomeBeforeTax": 518000000,
        "incomeBeforeTaxRatio": 0.1737089202,
        "incomeTaxExpense": 197000000,
        "netIncome": 321000000,
        "netIncomeRatio": 0.1076458753,
        "eps": 0.86,
        "epsdiluted": 0.83,
        "weightedAverageShsOut": 373255813,
        "weightedAverageShsOutDil": 386746987,
        "link": "https://www.sec.gov/Archives/edgar/data/934612/000119312505087583/0001193125-05-087583-index.htm",
        "finalLink": "https://www.sec.gov/Archives/edgar/data/934612/000119312505087583/d10q.htm"
    },
    {
        "date": "2004-12-31",
        "symbol": "BNI",
        "reportedCurrency": "USD",
        "cik": "0000934612",
        "fillingDate": "2005-02-15",
        "acceptedDate": "2005-02-15 16:50:36",
        "calendarYear": "2004",
        "period": "Q4",
        "revenue": 2978000000,
        "costOfRevenue": 397000000,
        "grossProfit": 2581000000,
        "grossProfitRatio": 0.8666890531,
        "researchAndDevelopmentExpenses": 0,
        "generalAndAdministrativeExpenses": 0,
        "sellingAndMarketingExpenses": 0,
        "sellingGeneralAndAdministrativeExpenses": 2310000000,
        "otherExpenses": 0,
        "operatingExpenses": 2310000000,
        "costAndExpenses": 2707000000,
        "interestIncome": 0,
        "interestExpense": -104000000,
        "depreciationAndAmortization": 258000000,
        "ebitda": 711000000,
        "ebitdaratio": 0.2387508395,
        "operatingIncome": 668000000,
        "operatingIncomeRatio": 0.2243116185,
        "totalOtherIncomeExpensesNet": -111000000,
        "incomeBeforeTax": 557000000,
        "incomeBeforeTaxRatio": 0.1870382807,
        "incomeTaxExpense": 210000000,
        "netIncome": 347000000,
        "netIncomeRatio": 0.1165211551,
        "eps": 0.94,
        "epsdiluted": 0.94,
        "weightedAverageShsOut": 369626168,
        "weightedAverageShsOutDil": 369626168,
        "link": "https://www.sec.gov/Archives/edgar/data/934612/000119312505030538/0001193125-05-030538-index.htm",
        "finalLink": "https://www.sec.gov/Archives/edgar/data/934612/000119312505030538/d10k.htm"
    },
    {
        "date": "2004-09-30",
        "symbol": "BNI",
        "reportedCurrency": "USD",
        "cik": "0000934612",
        "fillingDate": "2004-11-09",
        "acceptedDate": "2004-11-09 16:32:36",
        "calendarYear": "2004",
        "period": "Q3",
        "revenue": 2793000000,
        "costOfRevenue": 332000000,
        "grossProfit": 2461000000,
        "grossProfitRatio": 0.8811313999,
        "researchAndDevelopmentExpenses": 0,
        "generalAndAdministrativeExpenses": 0,
        "sellingAndMarketingExpenses": 0,
        "sellingGeneralAndAdministrativeExpenses": 2693000000,
        "otherExpenses": 0,
        "operatingExpenses": 2693000000,
        "costAndExpenses": 3025000000,
        "interestIncome": 0,
        "interestExpense": -102000000,
        "depreciationAndAmortization": 254000000,
        "ebitda": 155000000,
        "ebitdaratio": 0.0554958826,
        "operatingIncome": 100000000,
        "operatingIncomeRatio": 0.0358037952,
        "totalOtherIncomeExpensesNet": -97000000,
        "incomeBeforeTax": 3000000,
        "incomeBeforeTaxRatio": 0.0010741139,
        "incomeTaxExpense": 1000000,
        "netIncome": 2000000,
        "netIncomeRatio": 0.0007160759,
        "eps": 0.0054,
        "epsdiluted": 0.0054,
        "weightedAverageShsOut": 370000000,
        "weightedAverageShsOutDil": 370000000,
        "link": "https://www.sec.gov/Archives/edgar/data/934612/000119312504191346/0001193125-04-191346-index.htm",
        "finalLink": "https://www.sec.gov/Archives/edgar/data/934612/000119312504191346/d10q.htm"
    },
    {
        "date": "2004-06-30",
        "symbol": "BNI",
        "reportedCurrency": "USD",
        "cik": "0000934612",
        "fillingDate": "2004-07-27",
        "acceptedDate": "2004-07-27 08:11:24",
        "calendarYear": "2004",
        "period": "Q2",
        "revenue": 2685000000,
        "costOfRevenue": 331000000,
        "grossProfit": 2354000000,
        "grossProfitRatio": 0.8767225326,
        "researchAndDevelopmentExpenses": 0,
        "generalAndAdministrativeExpenses": 0,
        "sellingAndMarketingExpenses": 0,
        "sellingGeneralAndAdministrativeExpenses": 2177000000,
        "otherExpenses": 0,
        "operatingExpenses": 2177000000,
        "costAndExpenses": 2508000000,
        "interestIncome": 0,
        "interestExpense": -101000000,
        "depreciationAndAmortization": 251000000,
        "ebitda": 552000000,
        "ebitdaratio": 0.2055865922,
        "operatingIncome": 508000000,
        "operatingIncomeRatio": 0.1891992551,
        "totalOtherIncomeExpensesNet": -106000000,
        "incomeBeforeTax": 402000000,
        "incomeBeforeTaxRatio": 0.1497206704,
        "incomeTaxExpense": 153000000,
        "netIncome": 249000000,
        "netIncomeRatio": 0.0927374302,
        "eps": 0.68,
        "epsdiluted": 0.68,
        "weightedAverageShsOut": 368333333,
        "weightedAverageShsOutDil": 368333333,
        "link": "https://www.sec.gov/Archives/edgar/data/934612/000119312504124837/0001193125-04-124837-index.html",
        "finalLink": "https://www.sec.gov/Archives/edgar/data/934612/000119312504124837/d10q.htm"
    },
    {
        "date": "2004-03-31",
        "symbol": "BNI",
        "reportedCurrency": "USD",
        "cik": "0000934612",
        "fillingDate": "2004-04-27",
        "acceptedDate": "2004-04-27 08:10:13",
        "calendarYear": "2004",
        "period": "Q1",
        "revenue": 2490000000,
        "costOfRevenue": 275000000,
        "grossProfit": 2215000000,
        "grossProfitRatio": 0.8895582329,
        "researchAndDevelopmentExpenses": 0,
        "generalAndAdministrativeExpenses": 0,
        "sellingAndMarketingExpenses": 0,
        "sellingGeneralAndAdministrativeExpenses": 2080000000,
        "otherExpenses": 0,
        "operatingExpenses": 2080000000,
        "costAndExpenses": 2355000000,
        "interestIncome": 0,
        "interestExpense": -102000000,
        "depreciationAndAmortization": 249000000,
        "ebitda": 458000000,
        "ebitdaratio": 0.183935743,
        "operatingIncome": 410000000,
        "operatingIncomeRatio": 0.1646586345,
        "totalOtherIncomeExpensesNet": -99000000,
        "incomeBeforeTax": 311000000,
        "incomeBeforeTaxRatio": 0.1248995984,
        "incomeTaxExpense": 118000000,
        "netIncome": 193000000,
        "netIncomeRatio": 0.0775100402,
        "eps": 0.52,
        "epsdiluted": 0.52,
        "weightedAverageShsOut": 371153846,
        "weightedAverageShsOutDil": 371153846,
        "link": "https://www.sec.gov/Archives/edgar/data/934612/000119312504070261/0001193125-04-070261-index.htm",
        "finalLink": "https://www.sec.gov/Archives/edgar/data/934612/000119312504070261/d10q.htm"
    },
    {
        "date": "2003-12-31",
        "symbol": "BNI",
        "reportedCurrency": "USD",
        "cik": "0000934612",
        "fillingDate": "2004-02-13",
        "acceptedDate": "2004-02-13 16:45:49",
        "calendarYear": "2003",
        "period": "Q4",
        "revenue": 2492000000,
        "costOfRevenue": 276000000,
        "grossProfit": 2216000000,
        "grossProfitRatio": 0.8892455859,
        "researchAndDevelopmentExpenses": 0,
        "generalAndAdministrativeExpenses": 0,
        "sellingAndMarketingExpenses": 0,
        "sellingGeneralAndAdministrativeExpenses": 2015000000,
        "otherExpenses": 0,
        "operatingExpenses": 2015000000,
        "costAndExpenses": 2291000000,
        "interestIncome": 0,
        "interestExpense": -102000000,
        "depreciationAndAmortization": 227000000,
        "ebitda": 487000000,
        "ebitdaratio": 0.1954253612,
        "operatingIncome": 477000000,
        "operatingIncomeRatio": 0.1914125201,
        "totalOtherIncomeExpensesNet": -115000000,
        "incomeBeforeTax": 362000000,
        "incomeBeforeTaxRatio": 0.1452648475,
        "incomeTaxExpense": 136000000,
        "netIncome": 226000000,
        "netIncomeRatio": 0.0906902087,
        "eps": 0.58,
        "epsdiluted": 0.58,
        "weightedAverageShsOut": 388571428,
        "weightedAverageShsOutDil": 388571428,
        "link": "https://www.sec.gov/Archives/edgar/data/934612/000119312504023301/0001193125-04-023301-index.htm",
        "finalLink": "https://www.sec.gov/Archives/edgar/data/934612/000119312504023301/d10k.htm"
    },
    {
        "date": "2003-09-30",
        "symbol": "BNI",
        "reportedCurrency": "USD",
        "cik": "0000934612",
        "fillingDate": "2003-10-31",
        "acceptedDate": "2003-10-31 17:22:50",
        "calendarYear": "2003",
        "period": "Q3",
        "revenue": 2395000000,
        "costOfRevenue": 260000000,
        "grossProfit": 2135000000,
        "grossProfitRatio": 0.891440501,
        "researchAndDevelopmentExpenses": 0,
        "generalAndAdministrativeExpenses": 0,
        "sellingAndMarketingExpenses": 0,
        "sellingGeneralAndAdministrativeExpenses": 1965000000,
        "otherExpenses": 0,
        "operatingExpenses": 1965000000,
        "costAndExpenses": 2225000000,
        "interestIncome": 0,
        "interestExpense": -106000000,
        "depreciationAndAmortization": 232000000,
        "ebitda": 454000000,
        "ebitdaratio": 0.1895615866,
        "operatingIncome": 430000000,
        "operatingIncomeRatio": 0.1795407098,
        "totalOtherIncomeExpensesNet": -102000000,
        "incomeBeforeTax": 328000000,
        "incomeBeforeTaxRatio": 0.1369519833,
        "incomeTaxExpense": 125000000,
        "netIncome": 203000000,
        "netIncomeRatio": 0.0847599165,
        "eps": 0.51,
        "epsdiluted": 0.51,
        "weightedAverageShsOut": 395973154,
        "weightedAverageShsOutDil": 395973154,
        "link": "https://www.sec.gov/Archives/edgar/data/934612/000119312503071004/0001193125-03-071004-index.htm",
        "finalLink": "https://www.sec.gov/Archives/edgar/data/934612/000119312503071004/d10q.htm"
    },
    {
        "date": "2003-06-30",
        "symbol": "BNI",
        "reportedCurrency": "USD",
        "cik": "0000934612",
        "fillingDate": "2003-08-06",
        "acceptedDate": "2003-08-06 11:12:06",
        "calendarYear": "2003",
        "period": "Q2",
        "revenue": 2294000000,
        "costOfRevenue": 263000000,
        "grossProfit": 2031000000,
        "grossProfitRatio": 0.885353095,
        "researchAndDevelopmentExpenses": 0,
        "generalAndAdministrativeExpenses": 0,
        "sellingAndMarketingExpenses": 0,
        "sellingGeneralAndAdministrativeExpenses": 1882000000,
        "otherExpenses": 0,
        "operatingExpenses": 1882000000,
        "costAndExpenses": 2145000000,
        "interestIncome": 0,
        "interestExpense": -106000000,
        "depreciationAndAmortization": 225000000,
        "ebitda": 422000000,
        "ebitdaratio": 0.1839581517,
        "operatingIncome": 412000000,
        "operatingIncomeRatio": 0.1795989538,
        "totalOtherIncomeExpensesNet": -109000000,
        "incomeBeforeTax": 303000000,
        "incomeBeforeTaxRatio": 0.1320836966,
        "incomeTaxExpense": 103000000,
        "netIncome": 200000000,
        "netIncomeRatio": 0.0871839582,
        "eps": 0.49,
        "epsdiluted": 0.49,
        "weightedAverageShsOut": 411702127,
        "weightedAverageShsOutDil": 411702127,
        "link": "https://www.sec.gov/Archives/edgar/data/934612/000119312503029766/0001193125-03-029766-index.htm",
        "finalLink": "https://www.sec.gov/Archives/edgar/data/934612/000119312503029766/d10q.htm"
    },
    {
        "date": "2003-03-31",
        "symbol": "BNI",
        "reportedCurrency": "USD",
        "cik": "0000934612",
        "fillingDate": "2003-05-01",
        "acceptedDate": "2003-05-01 17:11:30",
        "calendarYear": "2003",
        "period": "Q1",
        "revenue": 2232000000,
        "costOfRevenue": 274000000,
        "grossProfit": 1958000000,
        "grossProfitRatio": 0.8772401434,
        "researchAndDevelopmentExpenses": 0,
        "generalAndAdministrativeExpenses": 0,
        "sellingAndMarketingExpenses": 0,
        "sellingGeneralAndAdministrativeExpenses": 1886000000,
        "otherExpenses": 0,
        "operatingExpenses": 1886000000,
        "costAndExpenses": 2160000000,
        "interestIncome": 0,
        "interestExpense": -106000000,
        "depreciationAndAmortization": 226000000,
        "ebitda": 397000000,
        "ebitdaratio": 0.1778673835,
        "operatingIncome": 346000000,
        "operatingIncomeRatio": 0.1550179211,
        "totalOtherIncomeExpensesNet": -108000000,
        "incomeBeforeTax": 238000000,
        "incomeBeforeTaxRatio": 0.1066308244,
        "incomeTaxExpense": 90000000,
        "netIncome": 187000000,
        "netIncomeRatio": 0.083781362,
        "eps": 0.4,
        "epsdiluted": 0.4,
        "weightedAverageShsOut": 467500000,
        "weightedAverageShsOutDil": 467500000,
        "link": "https://www.sec.gov/Archives/edgar/data/934612/000119312503003051/0001193125-03-003051-index.htm",
        "finalLink": "https://www.sec.gov/Archives/edgar/data/934612/000119312503003051/d10q.htm"
    },
    {
        "date": "2002-12-31",
        "symbol": "BNI",
        "reportedCurrency": "USD",
        "cik": "0000934612",
        "fillingDate": "2003-02-14",
        "acceptedDate": "2003-02-14 16:24:24",
        "calendarYear": "2002",
        "period": "Q4",
        "revenue": 2301000000,
        "costOfRevenue": 227000000,
        "grossProfit": 2074000000,
        "grossProfitRatio": 0.9013472403,
        "researchAndDevelopmentExpenses": 0,
        "generalAndAdministrativeExpenses": 0,
        "sellingAndMarketingExpenses": 0,
        "sellingGeneralAndAdministrativeExpenses": 1839000000,
        "otherExpenses": 0,
        "operatingExpenses": 1839000000,
        "costAndExpenses": 2066000000,
        "interestIncome": 0,
        "interestExpense": -107000000,
        "depreciationAndAmortization": 235000000,
        "ebitda": 452000000,
        "ebitdaratio": 0.196436332,
        "operatingIncome": 462000000,
        "operatingIncomeRatio": 0.2007822686,
        "totalOtherIncomeExpensesNet": -138000000,
        "incomeBeforeTax": 324000000,
        "incomeBeforeTaxRatio": 0.1408083442,
        "incomeTaxExpense": 122000000,
        "netIncome": 202000000,
        "netIncomeRatio": 0.0877879183,
        "eps": 0.53,
        "epsdiluted": 0.53,
        "weightedAverageShsOut": 378109452,
        "weightedAverageShsOutDil": 380000000,
        "link": "https://www.sec.gov/Archives/edgar/data/934612/000093066103000698/0000930661-03-000698-index.htm",
        "finalLink": "https://www.sec.gov/Archives/edgar/data/934612/000093066103000698/d10k.htm"
    },
    {
        "date": "2002-09-30",
        "symbol": "BNI",
        "reportedCurrency": "USD",
        "cik": "0000934612",
        "fillingDate": "2002-11-14",
        "acceptedDate": "2002-11-13 20:56:20",
        "calendarYear": "2002",
        "period": "Q3",
        "revenue": 2308000000,
        "costOfRevenue": 215000000,
        "grossProfit": 2093000000,
        "grossProfitRatio": 0.9068457539,
        "researchAndDevelopmentExpenses": 0,
        "generalAndAdministrativeExpenses": 0,
        "sellingAndMarketingExpenses": 0,
        "sellingGeneralAndAdministrativeExpenses": 1887000000,
        "otherExpenses": 0,
        "operatingExpenses": 1887000000,
        "costAndExpenses": 2102000000,
        "interestIncome": 0,
        "interestExpense": -107000000,
        "depreciationAndAmortization": 235000000,
        "ebitda": 435000000,
        "ebitdaratio": 0.18847487,
        "operatingIncome": 421000000,
        "operatingIncomeRatio": 0.1824090121,
        "totalOtherIncomeExpensesNet": -114000000,
        "incomeBeforeTax": 307000000,
        "incomeBeforeTaxRatio": 0.1330155979,
        "incomeTaxExpense": 115000000,
        "netIncome": 192000000,
        "netIncomeRatio": 0.0831889081,
        "eps": 0.51,
        "epsdiluted": 0.51,
        "weightedAverageShsOut": 379591836,
        "weightedAverageShsOutDil": 379591836,
        "link": "https://www.sec.gov/Archives/edgar/data/934612/000093066102003959/0000930661-02-003959-index.htm",
        "finalLink": "https://www.sec.gov/Archives/edgar/data/934612/000093066102003959/d10q.htm"
    },
    {
        "date": "2002-06-30",
        "symbol": "BNI",
        "reportedCurrency": "USD",
        "cik": "0000934612",
        "fillingDate": "2002-08-09",
        "acceptedDate": "2002-08-09 14:16:33",
        "calendarYear": "2002",
        "period": "Q2",
        "revenue": 2207000000,
        "costOfRevenue": 207000000,
        "grossProfit": 2000000000,
        "grossProfitRatio": 0.9062075215,
        "researchAndDevelopmentExpenses": 0,
        "generalAndAdministrativeExpenses": 0,
        "sellingAndMarketingExpenses": 0,
        "sellingGeneralAndAdministrativeExpenses": 1802000000,
        "otherExpenses": 0,
        "operatingExpenses": 1802000000,
        "costAndExpenses": 2009000000,
        "interestIncome": 0,
        "interestExpense": -105000000,
        "depreciationAndAmortization": 231000000,
        "ebitda": 436000000,
        "ebitdaratio": 0.1975532397,
        "operatingIncome": 405000000,
        "operatingIncomeRatio": 0.1835070231,
        "totalOtherIncomeExpensesNet": -95000000,
        "incomeBeforeTax": 310000000,
        "incomeBeforeTaxRatio": 0.1404621658,
        "incomeTaxExpense": 116000000,
        "netIncome": 194000000,
        "netIncomeRatio": 0.0879021296,
        "eps": 0.51,
        "epsdiluted": 0.51,
        "weightedAverageShsOut": 381250000,
        "weightedAverageShsOutDil": 381250000,
        "link": "https://www.sec.gov/Archives/edgar/data/934612/000093066102002708/0000930661-02-002708-index.htm",
        "finalLink": "https://www.sec.gov/Archives/edgar/data/934612/000093066102002708/d10q.htm"
    }
]