[
    {
        "date": "2025-09-30",
        "symbol": "BNL",
        "reportedCurrency": "USD",
        "cik": "0001424182",
        "fillingDate": "2025-10-29",
        "acceptedDate": "2025-10-29 16:23:33",
        "calendarYear": "2025",
        "period": "Q3",
        "revenue": 114167000,
        "costOfRevenue": 0,
        "grossProfit": 0,
        "grossProfitRatio": 0,
        "researchAndDevelopmentExpenses": 0,
        "generalAndAdministrativeExpenses": 9974000,
        "sellingAndMarketingExpenses": 0,
        "sellingGeneralAndAdministrativeExpenses": 9974000,
        "otherExpenses": 0,
        "operatingExpenses": 9974000,
        "costAndExpenses": 0,
        "interestIncome": 182000,
        "interestExpense": 28230000,
        "depreciationAndAmortization": 40246000,
        "ebitda": 40246000,
        "ebitdaratio": 0.3525186788,
        "operatingIncome": 0,
        "operatingIncomeRatio": 0,
        "totalOtherIncomeExpensesNet": 0,
        "incomeBeforeTax": -599000,
        "incomeBeforeTaxRatio": -0.0052467,
        "incomeTaxExpense": 0,
        "netIncome": -599000,
        "netIncomeRatio": -0.0052467,
        "eps": 0.14,
        "epsdiluted": 0.14,
        "weightedAverageShsOut": 188099000,
        "weightedAverageShsOutDil": 197632000,
        "link": "https://www.sec.gov/Archives/edgar/data/1424182/000142418225000037/0001424182-25-000037-index.htm",
        "finalLink": "https://www.sec.gov/Archives/edgar/data/1424182/000142418225000037/bnl-20250930.htm"
    },
    {
        "date": "2025-06-30",
        "symbol": "BNL",
        "reportedCurrency": "USD",
        "cik": "0001424182",
        "fillingDate": "2025-07-31",
        "acceptedDate": "2025-07-31 16:04:40",
        "calendarYear": "2025",
        "period": "Q2",
        "revenue": 112987000,
        "costOfRevenue": 5003000,
        "grossProfit": 107983000,
        "grossProfitRatio": 0.955711719,
        "researchAndDevelopmentExpenses": 0,
        "generalAndAdministrativeExpenses": 9570000,
        "sellingAndMarketingExpenses": 0,
        "sellingGeneralAndAdministrativeExpenses": 9570000,
        "otherExpenses": 42576000,
        "operatingExpenses": 52146000,
        "costAndExpenses": 57149000,
        "interestIncome": 122000,
        "interestExpense": 21112000,
        "depreciationAndAmortization": 42575000,
        "ebitda": 98412000,
        "ebitdaratio": 0.8710028587,
        "operatingIncome": 55837000,
        "operatingIncomeRatio": 0.494189597,
        "totalOtherIncomeExpensesNet": 0,
        "incomeBeforeTax": 23474000,
        "incomeBeforeTaxRatio": 0.2077584147,
        "incomeTaxExpense": 199000,
        "netIncome": 20160000,
        "netIncomeRatio": 0.1784276067,
        "eps": 0.11,
        "epsdiluted": 0.11,
        "weightedAverageShsOut": 187953000,
        "weightedAverageShsOutDil": 196975000,
        "link": "https://www.sec.gov/Archives/edgar/data/1424182/000142418225000021/0001424182-25-000021-index.htm",
        "finalLink": "https://www.sec.gov/Archives/edgar/data/1424182/000142418225000021/bnl-20250630.htm"
    },
    {
        "date": "2025-03-31",
        "symbol": "BNL",
        "reportedCurrency": "USD",
        "cik": "0001424182",
        "fillingDate": "2025-05-01",
        "acceptedDate": "2025-05-01 16:05:33",
        "calendarYear": "2025",
        "period": "Q1",
        "revenue": 108690000,
        "costOfRevenue": 5488000,
        "grossProfit": 103202000,
        "grossProfitRatio": 0.9495077744,
        "researchAndDevelopmentExpenses": 0,
        "generalAndAdministrativeExpenses": 9672000,
        "sellingAndMarketingExpenses": 0,
        "sellingGeneralAndAdministrativeExpenses": 9672000,
        "otherExpenses": 0,
        "operatingExpenses": 9672000,
        "costAndExpenses": 15160000,
        "interestIncome": 99000,
        "interestExpense": 20074000,
        "depreciationAndAmortization": 39497000,
        "ebitda": 93530000,
        "ebitdaratio": 0.8605207471,
        "operatingIncome": 54033000,
        "operatingIncomeRatio": 0.4971294507,
        "totalOtherIncomeExpensesNet": 0,
        "incomeBeforeTax": 17848000,
        "incomeBeforeTaxRatio": 0.1642101389,
        "incomeTaxExpense": 355000,
        "netIncome": -750000,
        "netIncomeRatio": -0.0069003588,
        "eps": 0.0875,
        "epsdiluted": 0.0873,
        "weightedAverageShsOut": 187865000,
        "weightedAverageShsOutDil": 196898000,
        "link": "https://www.sec.gov/Archives/edgar/data/1424182/000095017025061814/0000950170-25-061814-index.htm",
        "finalLink": "https://www.sec.gov/Archives/edgar/data/1424182/000095017025061814/bnl-20250331.htm"
    },
    {
        "date": "2024-12-31",
        "symbol": "BNL",
        "reportedCurrency": "USD",
        "cik": "0001424182",
        "fillingDate": "2025-02-20",
        "acceptedDate": "2025-02-20 16:02:00",
        "calendarYear": "2024",
        "period": "Q4",
        "revenue": 112130000,
        "costOfRevenue": 6765000,
        "grossProfit": 105365000,
        "grossProfitRatio": 0.9396682422,
        "researchAndDevelopmentExpenses": 0,
        "generalAndAdministrativeExpenses": 9928000,
        "sellingAndMarketingExpenses": 0,
        "sellingGeneralAndAdministrativeExpenses": 9928000,
        "otherExpenses": 42987000,
        "operatingExpenses": 52915000,
        "costAndExpenses": 16507000,
        "interestIncome": 42000,
        "interestExpense": 19565000,
        "depreciationAndAmortization": 42987000,
        "ebitda": 95438000,
        "ebitdaratio": 0.851137073,
        "operatingIncome": 52450000,
        "operatingIncomeRatio": 0.467760635,
        "totalOtherIncomeExpensesNet": -24317000,
        "incomeBeforeTax": 28133000,
        "incomeBeforeTaxRatio": 0.2508962811,
        "incomeTaxExpense": 526000,
        "netIncome": 26390000,
        "netIncomeRatio": 0.2353518238,
        "eps": -0.0065,
        "epsdiluted": -0.0062,
        "weightedAverageShsOut": 187592000,
        "weightedAverageShsOutDil": 196697000,
        "link": "https://www.sec.gov/Archives/edgar/data/1424182/000095017025024123/0000950170-25-024123-index.htm",
        "finalLink": "https://www.sec.gov/Archives/edgar/data/1424182/000095017025024123/bnl-20241231.htm"
    },
    {
        "date": "2024-09-30",
        "symbol": "BNL",
        "reportedCurrency": "USD",
        "cik": "0001424182",
        "fillingDate": "2024-10-31",
        "acceptedDate": "2024-10-31 16:03:21",
        "calendarYear": "2024",
        "period": "Q3",
        "revenue": 108397000,
        "costOfRevenue": 7014000,
        "grossProfit": 101383000,
        "grossProfitRatio": 0.9352934122,
        "researchAndDevelopmentExpenses": 0,
        "generalAndAdministrativeExpenses": 8722000,
        "sellingAndMarketingExpenses": 0,
        "sellingGeneralAndAdministrativeExpenses": 8722000,
        "otherExpenses": -98000,
        "operatingExpenses": 8624000,
        "costAndExpenses": 15638000,
        "interestIncome": 70000,
        "interestExpense": 18178000,
        "depreciationAndAmortization": 38016000,
        "ebitda": 92661000,
        "ebitdaratio": 0.8548299307,
        "operatingIncome": 54645000,
        "operatingIncomeRatio": 0.5041191177,
        "totalOtherIncomeExpensesNet": -17668000,
        "incomeBeforeTax": 36977000,
        "incomeBeforeTaxRatio": 0.3411256769,
        "incomeTaxExpense": -291000,
        "netIncome": 35608000,
        "netIncomeRatio": 0.3284961761,
        "eps": 0.2,
        "epsdiluted": 0.19,
        "weightedAverageShsOut": 187496000,
        "weightedAverageShsOutDil": 196932000,
        "link": "https://www.sec.gov/Archives/edgar/data/1424182/000095017024119514/0000950170-24-119514-index.htm",
        "finalLink": "https://www.sec.gov/Archives/edgar/data/1424182/000095017024119514/bnl-20240930.htm"
    },
    {
        "date": "2024-06-30",
        "symbol": "BNL",
        "reportedCurrency": "USD",
        "cik": "0001424182",
        "fillingDate": "2024-07-31",
        "acceptedDate": "2024-07-31 16:02:35",
        "calendarYear": "2024",
        "period": "Q2",
        "revenue": 106939000,
        "costOfRevenue": 5303000,
        "grossProfit": 100604000,
        "grossProfitRatio": 0.9407606205,
        "researchAndDevelopmentExpenses": 0,
        "generalAndAdministrativeExpenses": 9904000,
        "sellingAndMarketingExpenses": 0,
        "sellingGeneralAndAdministrativeExpenses": 9904000,
        "otherExpenses": 37404000,
        "operatingExpenses": 47308000,
        "costAndExpenses": 53643000,
        "interestIncome": 649000,
        "interestExpense": 17757000,
        "depreciationAndAmortization": 37404000,
        "ebitda": 90700000,
        "ebitdaratio": 0.8481470745,
        "operatingIncome": 53296000,
        "operatingIncomeRatio": 0.4983775797,
        "totalOtherIncomeExpensesNet": -16828000,
        "incomeBeforeTax": 36468000,
        "incomeBeforeTaxRatio": 0.3410168414,
        "incomeTaxExpense": 531000,
        "netIncome": 35329000,
        "netIncomeRatio": 0.3303659095,
        "eps": 0.19,
        "epsdiluted": 0.19,
        "weightedAverageShsOut": 187436000,
        "weightedAverageShsOutDil": 196470000,
        "link": "https://www.sec.gov/Archives/edgar/data/1424182/000095017024088527/0000950170-24-088527-index.htm",
        "finalLink": "https://www.sec.gov/Archives/edgar/data/1424182/000095017024088527/bnl-20240630.htm"
    },
    {
        "date": "2024-03-31",
        "symbol": "BNL",
        "reportedCurrency": "USD",
        "cik": "0001424182",
        "fillingDate": "2024-05-02",
        "acceptedDate": "2024-05-02 16:00:52",
        "calendarYear": "2024",
        "period": "Q1",
        "revenue": 109118000,
        "costOfRevenue": 43432000,
        "grossProfit": 65686000,
        "grossProfitRatio": 0.6019721769,
        "researchAndDevelopmentExpenses": 0,
        "generalAndAdministrativeExpenses": 9432000,
        "sellingAndMarketingExpenses": 0,
        "sellingGeneralAndAdministrativeExpenses": 9432000,
        "otherExpenses": 3752000,
        "operatingExpenses": 13184000,
        "costAndExpenses": 56616000,
        "interestIncome": 233000,
        "interestExpense": 18578000,
        "depreciationAndAmortization": 37772000,
        "ebitda": 90274000,
        "ebitdaratio": 0.827306219,
        "operatingIncome": 52502000,
        "operatingIncomeRatio": 0.481148848,
        "totalOtherIncomeExpensesNet": 16083000,
        "incomeBeforeTax": 68585000,
        "incomeBeforeTaxRatio": 0.628539746,
        "incomeTaxExpense": 408000,
        "netIncome": 65114000,
        "netIncomeRatio": 0.5967301453,
        "eps": 0.35,
        "epsdiluted": 0.35,
        "weightedAverageShsOut": 187290000,
        "weightedAverageShsOutDil": 196417000,
        "link": "https://www.sec.gov/Archives/edgar/data/1424182/000095017024052047/0000950170-24-052047-index.htm",
        "finalLink": "https://www.sec.gov/Archives/edgar/data/1424182/000095017024052047/bnl-20240331.htm"
    },
    {
        "date": "2023-12-31",
        "symbol": "BNL",
        "reportedCurrency": "USD",
        "cik": "0001424182",
        "fillingDate": "2024-02-22",
        "acceptedDate": "2024-02-22 16:01:24",
        "calendarYear": "2023",
        "period": "Q4",
        "revenue": 105001000,
        "costOfRevenue": 5996000,
        "grossProfit": 99005000,
        "grossProfitRatio": 0.9428957819,
        "researchAndDevelopmentExpenses": 0,
        "generalAndAdministrativeExpenses": 9382000,
        "sellingAndMarketingExpenses": 0,
        "sellingGeneralAndAdministrativeExpenses": 9382000,
        "otherExpenses": 1404000,
        "operatingExpenses": 10786000,
        "costAndExpenses": 16782000,
        "interestIncome": 142000,
        "interestExpense": 18972000,
        "depreciationAndAmortization": 38264000,
        "ebitda": 87205000,
        "ebitdaratio": 0.8305158998,
        "operatingIncome": 50345000,
        "operatingIncomeRatio": 0.4794716241,
        "totalOtherIncomeExpensesNet": -43815000,
        "incomeBeforeTax": 6530000,
        "incomeBeforeTaxRatio": 0.0621898839,
        "incomeTaxExpense": -267000,
        "netIncome": 6478000,
        "netIncomeRatio": 0.0616946505,
        "eps": 0.0339,
        "epsdiluted": 0.0339,
        "weightedAverageShsOut": 186829000,
        "weightedAverageShsOutDil": 196373000,
        "link": "https://www.sec.gov/Archives/edgar/data/1424182/000095017024018725/0000950170-24-018725-index.htm",
        "finalLink": "https://www.sec.gov/Archives/edgar/data/1424182/000095017024018725/bnl-20231231.htm"
    },
    {
        "date": "2023-09-30",
        "symbol": "BNL",
        "reportedCurrency": "USD",
        "cik": "0001424182",
        "fillingDate": "2023-11-02",
        "acceptedDate": "2023-11-02 16:02:52",
        "calendarYear": "2023",
        "period": "Q3",
        "revenue": 109543000,
        "costOfRevenue": 5707000,
        "grossProfit": 103836000,
        "grossProfitRatio": 0.9479017372,
        "researchAndDevelopmentExpenses": 0,
        "generalAndAdministrativeExpenses": 10143000,
        "sellingAndMarketingExpenses": 0,
        "sellingGeneralAndAdministrativeExpenses": 10143000,
        "otherExpenses": 0,
        "operatingExpenses": 10143000,
        "costAndExpenses": 15850000,
        "interestIncome": 127000,
        "interestExpense": 19665000,
        "depreciationAndAmortization": 37478000,
        "ebitda": 92638000,
        "ebitdaratio": 0.8456770401,
        "operatingIncome": 93693000,
        "operatingIncomeRatio": 0.8553079613,
        "totalOtherIncomeExpensesNet": -41444000,
        "incomeBeforeTax": 52249000,
        "incomeBeforeTaxRatio": 0.4769725131,
        "incomeTaxExpense": 104000,
        "netIncome": 49682000,
        "netIncomeRatio": 0.453538793,
        "eps": 0.27,
        "epsdiluted": 0.26,
        "weightedAverageShsOut": 186766000,
        "weightedAverageShsOutDil": 196372000,
        "link": "https://www.sec.gov/Archives/edgar/data/1424182/000095017023058155/0000950170-23-058155-index.htm",
        "finalLink": "https://www.sec.gov/Archives/edgar/data/1424182/000095017023058155/bnl-20230930.htm"
    },
    {
        "date": "2023-06-30",
        "symbol": "BNL",
        "reportedCurrency": "USD",
        "cik": "0001424182",
        "fillingDate": "2023-08-03",
        "acceptedDate": "2023-08-03 16:03:28",
        "calendarYear": "2023",
        "period": "Q2",
        "revenue": 109353000,
        "costOfRevenue": 4988000,
        "grossProfit": 104365000,
        "grossProfitRatio": 0.9543862537,
        "researchAndDevelopmentExpenses": 0,
        "generalAndAdministrativeExpenses": 9483000,
        "sellingAndMarketingExpenses": 0,
        "sellingGeneralAndAdministrativeExpenses": 9483000,
        "otherExpenses": -1674000,
        "operatingExpenses": 48514000,
        "costAndExpenses": 53502000,
        "interestIncome": 82000,
        "interestExpense": 20277000,
        "depreciationAndAmortization": 39031000,
        "ebitda": 93290000,
        "ebitdaratio": 0.8531087396,
        "operatingIncome": 54259000,
        "operatingIncomeRatio": 0.4961820892,
        "totalOtherIncomeExpensesNet": -31438000,
        "incomeBeforeTax": 63444000,
        "incomeBeforeTaxRatio": 0.5801761269,
        "incomeTaxExpense": 448000,
        "netIncome": 60014000,
        "netIncomeRatio": 0.5488098177,
        "eps": 0.32,
        "epsdiluted": 0.32,
        "weightedAverageShsOut": 186733000,
        "weightedAverageShsOutDil": 196228000,
        "link": "https://www.sec.gov/Archives/edgar/data/1424182/000095017023037932/0000950170-23-037932-index.htm",
        "finalLink": "https://www.sec.gov/Archives/edgar/data/1424182/000095017023037932/bnl-20230630.htm"
    },
    {
        "date": "2023-03-31",
        "symbol": "BNL",
        "reportedCurrency": "USD",
        "cik": "0001424182",
        "fillingDate": "2023-05-04",
        "acceptedDate": "2023-05-04 16:02:49",
        "calendarYear": "2023",
        "period": "Q1",
        "revenue": 118992000,
        "costOfRevenue": 5886000,
        "grossProfit": 113106000,
        "grossProfitRatio": 0.9505344897,
        "researchAndDevelopmentExpenses": 0,
        "generalAndAdministrativeExpenses": 10416000,
        "sellingAndMarketingExpenses": 0,
        "sellingGeneralAndAdministrativeExpenses": 10416000,
        "otherExpenses": 43257000,
        "operatingExpenses": 53673000,
        "costAndExpenses": 59559000,
        "interestIncome": 162000,
        "interestExpense": 21139000,
        "depreciationAndAmortization": 41784000,
        "ebitda": 101361000,
        "ebitdaratio": 0.8518303752,
        "operatingIncome": 59577000,
        "operatingIncomeRatio": 0.500680718,
        "totalOtherIncomeExpensesNet": -19053000,
        "incomeBeforeTax": 41853000,
        "incomeBeforeTaxRatio": 0.351729528,
        "incomeTaxExpense": 479000,
        "netIncome": 39304000,
        "netIncomeRatio": 0.3303079199,
        "eps": 0.21,
        "epsdiluted": 0.21,
        "weightedAverageShsOut": 186130000,
        "weightedAverageShsOutDil": 196176000,
        "link": "https://www.sec.gov/Archives/edgar/data/1424182/000095017023017821/0000950170-23-017821-index.htm",
        "finalLink": "https://www.sec.gov/Archives/edgar/data/1424182/000095017023017821/bnl-20230331.htm"
    },
    {
        "date": "2022-12-31",
        "symbol": "BNL",
        "reportedCurrency": "USD",
        "cik": "0001424182",
        "fillingDate": "2023-02-23",
        "acceptedDate": "2023-02-23 16:15:20",
        "calendarYear": "2022",
        "period": "Q4",
        "revenue": 112135000,
        "costOfRevenue": 6397000,
        "grossProfit": 105738000,
        "grossProfitRatio": 0.942952691,
        "researchAndDevelopmentExpenses": 0,
        "generalAndAdministrativeExpenses": 9317000,
        "sellingAndMarketingExpenses": 0,
        "sellingGeneralAndAdministrativeExpenses": 9317000,
        "otherExpenses": 45606000,
        "operatingExpenses": 54923000,
        "costAndExpenses": 61320000,
        "interestIncome": 40000,
        "interestExpense": 23773000,
        "depreciationAndAmortization": 45606000,
        "ebitda": 95710000,
        "ebitdaratio": 0.8535247693,
        "operatingIncome": 50104000,
        "operatingIncomeRatio": 0.4468185669,
        "totalOtherIncomeExpensesNet": -13936000,
        "incomeBeforeTax": 36879000,
        "incomeBeforeTaxRatio": 0.3288803674,
        "incomeTaxExpense": 106000,
        "netIncome": 34732000,
        "netIncomeRatio": 0.309733803,
        "eps": 0.2,
        "epsdiluted": 0.2,
        "weightedAverageShsOut": 173680000,
        "weightedAverageShsOutDil": 183592000,
        "link": "https://www.sec.gov/Archives/edgar/data/1424182/000095017023004115/0000950170-23-004115-index.htm",
        "finalLink": "https://www.sec.gov/Archives/edgar/data/1424182/000095017023004115/bnl-20221231.htm"
    },
    {
        "date": "2022-09-30",
        "symbol": "BNL",
        "reportedCurrency": "USD",
        "cik": "0001424182",
        "fillingDate": "2022-11-03",
        "acceptedDate": "2022-11-03 16:09:05",
        "calendarYear": "2022",
        "period": "Q3",
        "revenue": 103524000,
        "costOfRevenue": 5636000,
        "grossProfit": 97888000,
        "grossProfitRatio": 0.9455585178,
        "researchAndDevelopmentExpenses": 0,
        "generalAndAdministrativeExpenses": 9942000,
        "sellingAndMarketingExpenses": 0,
        "sellingGeneralAndAdministrativeExpenses": 9942000,
        "otherExpenses": 43555000,
        "operatingExpenses": 53497000,
        "costAndExpenses": 59133000,
        "interestIncome": 4000,
        "interestExpense": 20095000,
        "depreciationAndAmortization": 39400000,
        "ebitda": 88730000,
        "ebitdaratio": 0.8570959391,
        "operatingIncome": 49330000,
        "operatingIncomeRatio": 0.4765078629,
        "totalOtherIncomeExpensesNet": -19481000,
        "incomeBeforeTax": 29065000,
        "incomeBeforeTaxRatio": 0.2807561532,
        "incomeTaxExpense": 356000,
        "netIncome": 27001000,
        "netIncomeRatio": 0.2608187473,
        "eps": 0.15,
        "epsdiluted": 0.15,
        "weightedAverageShsOut": 182971000,
        "weightedAverageShsOutDil": 182971000,
        "link": "https://www.sec.gov/Archives/edgar/data/1424182/000095017022021856/0000950170-22-021856-index.htm",
        "finalLink": "https://www.sec.gov/Archives/edgar/data/1424182/000095017022021856/bnl-20220930.htm"
    },
    {
        "date": "2022-06-30",
        "symbol": "BNL",
        "reportedCurrency": "USD",
        "cik": "0001424182",
        "fillingDate": "2022-08-04",
        "acceptedDate": "2022-08-04 16:03:31",
        "calendarYear": "2022",
        "period": "Q2",
        "revenue": 98013000,
        "costOfRevenue": 4696000,
        "grossProfit": 93317000,
        "grossProfitRatio": 0.9520879883,
        "researchAndDevelopmentExpenses": 0,
        "generalAndAdministrativeExpenses": 9288000,
        "sellingAndMarketingExpenses": 0,
        "sellingGeneralAndAdministrativeExpenses": 9288000,
        "otherExpenses": 36891000,
        "operatingExpenses": 46179000,
        "costAndExpenses": 50875000,
        "interestIncome": 0,
        "interestExpense": 17888000,
        "depreciationAndAmortization": 35511000,
        "ebitda": 122856000,
        "ebitdaratio": 1.2534663769,
        "operatingIncome": 50937000,
        "operatingIncomeRatio": 0.5196963668,
        "totalOtherIncomeExpensesNet": -12565000,
        "incomeBeforeTax": 35953000,
        "incomeBeforeTaxRatio": 0.3668186873,
        "incomeTaxExpense": 401000,
        "netIncome": 33411000,
        "netIncomeRatio": 0.3408833522,
        "eps": 0.19,
        "epsdiluted": 0.19,
        "weightedAverageShsOut": 180256000,
        "weightedAverageShsOutDil": 180256000,
        "link": "https://www.sec.gov/Archives/edgar/data/1424182/000095017022014729/0000950170-22-014729-index.htm",
        "finalLink": "https://www.sec.gov/Archives/edgar/data/1424182/000095017022014729/bnl-20220630.htm"
    },
    {
        "date": "2022-03-31",
        "symbol": "BNL",
        "reportedCurrency": "USD",
        "cik": "0001424182",
        "fillingDate": "2022-05-04",
        "acceptedDate": "2022-05-04 19:38:25",
        "calendarYear": "2022",
        "period": "Q1",
        "revenue": 93841000,
        "costOfRevenue": 5044000,
        "grossProfit": 88797000,
        "grossProfitRatio": 0.9462495071,
        "researchAndDevelopmentExpenses": 0,
        "generalAndAdministrativeExpenses": 8828000,
        "sellingAndMarketingExpenses": 0,
        "sellingGeneralAndAdministrativeExpenses": 8828000,
        "otherExpenses": 34290000,
        "operatingExpenses": 43118000,
        "costAndExpenses": 48162000,
        "interestIncome": 0,
        "interestExpense": 16896000,
        "depreciationAndAmortization": 34290000,
        "ebitda": 78843000,
        "ebitdaratio": 0.8401764687,
        "operatingIncome": 44553000,
        "operatingIncomeRatio": 0.4747711555,
        "totalOtherIncomeExpensesNet": -16826000,
        "incomeBeforeTax": 28853000,
        "incomeBeforeTaxRatio": 0.3074668855,
        "incomeTaxExpense": 412000,
        "netIncome": 26661000,
        "netIncomeRatio": 0.2841082256,
        "eps": 0.15,
        "epsdiluted": 0.15,
        "weightedAverageShsOut": 174288000,
        "weightedAverageShsOutDil": 174288000,
        "link": "https://www.sec.gov/Archives/edgar/data/1424182/000095017022007492/0000950170-22-007492-index.htm",
        "finalLink": "https://www.sec.gov/Archives/edgar/data/1424182/000095017022007492/bnl-20220331.htm"
    },
    {
        "date": "2021-12-31",
        "symbol": "BNL",
        "reportedCurrency": "USD",
        "cik": "0001424182",
        "fillingDate": "2022-02-23",
        "acceptedDate": "2022-02-23 16:18:37",
        "calendarYear": "2021",
        "period": "Q4",
        "revenue": 92642000,
        "costOfRevenue": 4440000,
        "grossProfit": 88202000,
        "grossProfitRatio": 0.9520735735,
        "researchAndDevelopmentExpenses": 0,
        "generalAndAdministrativeExpenses": 8526000,
        "sellingAndMarketingExpenses": 0,
        "sellingGeneralAndAdministrativeExpenses": 8526000,
        "otherExpenses": -51000,
        "operatingExpenses": 42002000,
        "costAndExpenses": 46442000,
        "interestIncome": 6000,
        "interestExpense": 16997000,
        "depreciationAndAmortization": 33476000,
        "ebitda": 79676000,
        "ebitdaratio": 0.8600418817,
        "operatingIncome": 47745000,
        "operatingIncomeRatio": 0.515370998,
        "totalOtherIncomeExpensesNet": -13517000,
        "incomeBeforeTax": 32683000,
        "incomeBeforeTaxRatio": 0.3527881522,
        "incomeTaxExpense": 457000,
        "netIncome": 30193000,
        "netIncomeRatio": 0.3259104942,
        "eps": 0.19,
        "epsdiluted": 0.19,
        "weightedAverageShsOut": 161545000,
        "weightedAverageShsOutDil": 172094000,
        "link": "https://www.sec.gov/Archives/edgar/data/1424182/000119312522049969/0001193125-22-049969-index.htm",
        "finalLink": "https://www.sec.gov/Archives/edgar/data/1424182/000119312522049969/d248996d10k.htm"
    },
    {
        "date": "2021-09-30",
        "symbol": "BNL",
        "reportedCurrency": "USD",
        "cik": "0001424182",
        "fillingDate": "2021-11-02",
        "acceptedDate": "2021-11-02 16:09:05",
        "calendarYear": "2021",
        "period": "Q3",
        "revenue": 122777000,
        "costOfRevenue": 4842000,
        "grossProfit": 117935000,
        "grossProfitRatio": 0.9605626461,
        "researchAndDevelopmentExpenses": 0,
        "generalAndAdministrativeExpenses": 8552000,
        "sellingAndMarketingExpenses": 0,
        "sellingGeneralAndAdministrativeExpenses": 8552000,
        "otherExpenses": -25000,
        "operatingExpenses": 45234000,
        "costAndExpenses": 50076000,
        "interestIncome": 0,
        "interestExpense": 15611000,
        "depreciationAndAmortization": 36682000,
        "ebitda": 109383000,
        "ebitdaratio": 0.8909079062,
        "operatingIncome": 72701000,
        "operatingIncomeRatio": 0.5921385927,
        "totalOtherIncomeExpensesNet": -41706000,
        "incomeBeforeTax": 30995000,
        "incomeBeforeTaxRatio": 0.252449563,
        "incomeTaxExpense": 473000,
        "netIncome": 28603000,
        "netIncomeRatio": 0.2329670867,
        "eps": 0.18,
        "epsdiluted": 0.18,
        "weightedAverageShsOut": 159226000,
        "weightedAverageShsOutDil": 169587000,
        "link": "https://www.sec.gov/Archives/edgar/data/1424182/000095017021002653/0000950170-21-002653-index.htm",
        "finalLink": "https://www.sec.gov/Archives/edgar/data/1424182/000095017021002653/bnl-20210930.htm"
    },
    {
        "date": "2021-06-30",
        "symbol": "BNL",
        "reportedCurrency": "USD",
        "cik": "0001424182",
        "fillingDate": "2021-08-04",
        "acceptedDate": "2021-08-04 16:07:55",
        "calendarYear": "2021",
        "period": "Q2",
        "revenue": 84759000,
        "costOfRevenue": 4572000,
        "grossProfit": 80187000,
        "grossProfitRatio": 0.9460588256,
        "researchAndDevelopmentExpenses": 0,
        "generalAndAdministrativeExpenses": 8655000,
        "sellingAndMarketingExpenses": 0,
        "sellingGeneralAndAdministrativeExpenses": 8655000,
        "otherExpenses": 4000,
        "operatingExpenses": 39880000,
        "costAndExpenses": 44452000,
        "interestIncome": 6000,
        "interestExpense": 15430000,
        "depreciationAndAmortization": 31225000,
        "ebitda": 71532000,
        "ebitdaratio": 0.8439457757,
        "operatingIncome": 40307000,
        "operatingIncomeRatio": 0.4755483194,
        "totalOtherIncomeExpensesNet": -17186000,
        "incomeBeforeTax": 23121000,
        "incomeBeforeTaxRatio": 0.272785191,
        "incomeTaxExpense": 301000,
        "netIncome": 21117000,
        "netIncomeRatio": 0.2491416841,
        "eps": 0.14,
        "epsdiluted": 0.14,
        "weightedAverageShsOut": 146119000,
        "weightedAverageShsOutDil": 157430000,
        "link": "https://www.sec.gov/Archives/edgar/data/1424182/000095017021000787/0000950170-21-000787-index.htm",
        "finalLink": "https://www.sec.gov/Archives/edgar/data/1424182/000095017021000787/bnl-20210630.htm"
    },
    {
        "date": "2021-03-31",
        "symbol": "BNL",
        "reportedCurrency": "USD",
        "cik": "0001424182",
        "fillingDate": "2021-05-05",
        "acceptedDate": "2021-05-05 16:09:46",
        "calendarYear": "2021",
        "period": "Q1",
        "revenue": 82698000,
        "costOfRevenue": 4605000,
        "grossProfit": 78093000,
        "grossProfitRatio": 0.9443154611,
        "researchAndDevelopmentExpenses": 0,
        "generalAndAdministrativeExpenses": 10633000,
        "sellingAndMarketingExpenses": 0,
        "sellingGeneralAndAdministrativeExpenses": 10633000,
        "otherExpenses": 10000,
        "operatingExpenses": 41346000,
        "costAndExpenses": 45951000,
        "interestIncome": 5000,
        "interestExpense": 16108000,
        "depreciationAndAmortization": 30713000,
        "ebitda": 67460000,
        "ebitdaratio": 0.8157391956,
        "operatingIncome": 36747000,
        "operatingIncomeRatio": 0.4443517376,
        "totalOtherIncomeExpensesNet": -12374000,
        "incomeBeforeTax": 24373000,
        "incomeBeforeTaxRatio": 0.2947229679,
        "incomeTaxExpense": 413000,
        "netIncome": 22119000,
        "netIncomeRatio": 0.2674671697,
        "eps": 0.15,
        "epsdiluted": 0.15,
        "weightedAverageShsOut": 145338000,
        "weightedAverageShsOutDil": 156724000,
        "link": "https://www.sec.gov/Archives/edgar/data/1424182/000156459021024046/0001564590-21-024046-index.htm",
        "finalLink": "https://www.sec.gov/Archives/edgar/data/1424182/000156459021024046/ck1424182-10q_20210331.htm"
    },
    {
        "date": "2020-12-31",
        "symbol": "BNL",
        "reportedCurrency": "USD",
        "cik": "0001424182",
        "fillingDate": "2021-02-25",
        "acceptedDate": "2021-02-25 16:14:27",
        "calendarYear": "2020",
        "period": "Q4",
        "revenue": 82291000,
        "costOfRevenue": 4986000,
        "grossProfit": 77305000,
        "grossProfitRatio": 0.9394101421,
        "researchAndDevelopmentExpenses": 0,
        "generalAndAdministrativeExpenses": 9232000,
        "sellingAndMarketingExpenses": 0,
        "sellingGeneralAndAdministrativeExpenses": 9232000,
        "otherExpenses": 15000,
        "operatingExpenses": 39414000,
        "costAndExpenses": 44400000,
        "interestIncome": 4000,
        "interestExpense": 17123000,
        "depreciationAndAmortization": 29032000,
        "ebitda": 68073000,
        "ebitdaratio": 0.8272229041,
        "operatingIncome": 37891000,
        "operatingIncomeRatio": 0.4604513252,
        "totalOtherIncomeExpensesNet": -20413000,
        "incomeBeforeTax": 17478000,
        "incomeBeforeTaxRatio": 0.2123926067,
        "incomeTaxExpense": -141000,
        "netIncome": 16177000,
        "netIncomeRatio": 0.1965828584,
        "eps": 0.11,
        "epsdiluted": 0.11,
        "weightedAverageShsOut": 143916000,
        "weightedAverageShsOutDil": 155956000,
        "link": "https://www.sec.gov/Archives/edgar/data/1424182/000156459021008838/0001564590-21-008838-index.htm",
        "finalLink": "https://www.sec.gov/Archives/edgar/data/1424182/000156459021008838/ck1424182-10k_20201231.htm"
    },
    {
        "date": "2020-09-30",
        "symbol": "BNL",
        "reportedCurrency": "USD",
        "cik": "0001424182",
        "fillingDate": "2020-11-05",
        "acceptedDate": "2020-11-05 16:40:04",
        "calendarYear": "2020",
        "period": "Q3",
        "revenue": 80744000,
        "costOfRevenue": 4187000,
        "grossProfit": 76557000,
        "grossProfitRatio": 0.9481447538,
        "researchAndDevelopmentExpenses": 0,
        "generalAndAdministrativeExpenses": 7214000,
        "sellingAndMarketingExpenses": 0,
        "sellingGeneralAndAdministrativeExpenses": 7214000,
        "otherExpenses": 2000,
        "operatingExpenses": 38577000,
        "costAndExpenses": 42764000,
        "interestIncome": 0,
        "interestExpense": 18511000,
        "depreciationAndAmortization": 31516000,
        "ebitda": 69343000,
        "ebitdaratio": 0.8588006539,
        "operatingIncome": 37980000,
        "operatingIncomeRatio": 0.4703755078,
        "totalOtherIncomeExpensesNet": -28140000,
        "incomeBeforeTax": 9840000,
        "incomeBeforeTaxRatio": 0.1218666402,
        "incomeTaxExpense": 129000,
        "netIncome": 8704000,
        "netIncomeRatio": 0.1077974834,
        "eps": 0.08,
        "epsdiluted": 0.08,
        "weightedAverageShsOut": 111155000,
        "weightedAverageShsOutDil": 123381000,
        "link": "https://www.sec.gov/Archives/edgar/data/1424182/000156459020051393/0001564590-20-051393-index.htm",
        "finalLink": "https://www.sec.gov/Archives/edgar/data/1424182/000156459020051393/ck1424182-10q_20200930.htm"
    },
    {
        "date": "2020-06-30",
        "symbol": "BNL",
        "reportedCurrency": "USD",
        "cik": "0001424182",
        "fillingDate": "2020-08-04",
        "acceptedDate": "2020-08-04 14:44:13",
        "calendarYear": "2020",
        "period": "Q2",
        "revenue": 80371000,
        "costOfRevenue": 4190000,
        "grossProfit": 76181000,
        "grossProfitRatio": 0.9478667679,
        "researchAndDevelopmentExpenses": 0,
        "generalAndAdministrativeExpenses": 5700000,
        "sellingAndMarketingExpenses": 0,
        "sellingGeneralAndAdministrativeExpenses": 5700000,
        "otherExpenses": -2000,
        "operatingExpenses": 45621000,
        "costAndExpenses": 49811000,
        "interestIncome": 11000,
        "interestExpense": 19513000,
        "depreciationAndAmortization": 40939000,
        "ebitda": 71499000,
        "ebitdaratio": 0.8896119247,
        "operatingIncome": 30560000,
        "operatingIncomeRatio": 0.3802366525,
        "totalOtherIncomeExpensesNet": -13060000,
        "incomeBeforeTax": 17500000,
        "incomeBeforeTaxRatio": 0.2177402297,
        "incomeTaxExpense": 402000,
        "netIncome": 15353000,
        "netIncomeRatio": 0.1910266141,
        "eps": 0.11,
        "epsdiluted": 0.11,
        "weightedAverageShsOut": 142361611,
        "weightedAverageShsOutDil": 142361611,
        "link": "https://www.sec.gov/Archives/edgar/data/1424182/000156459020036023/0001564590-20-036023-index.htm",
        "finalLink": "https://www.sec.gov/Archives/edgar/data/1424182/000156459020036023/ck1424182-10q_20200630.htm"
    },
    {
        "date": "2020-03-31",
        "symbol": "BNL",
        "reportedCurrency": "USD",
        "cik": "0001424182",
        "fillingDate": "2020-05-07",
        "acceptedDate": "2020-05-07 16:46:11",
        "calendarYear": "2020",
        "period": "Q1",
        "revenue": 78231000,
        "costOfRevenue": 4115000,
        "grossProfit": 74116000,
        "grossProfitRatio": 0.9473993685,
        "researchAndDevelopmentExpenses": 0,
        "generalAndAdministrativeExpenses": 9578000,
        "sellingAndMarketingExpenses": 0,
        "sellingGeneralAndAdministrativeExpenses": 9578000,
        "otherExpenses": -22000,
        "operatingExpenses": 40797000,
        "costAndExpenses": 44912000,
        "interestIncome": 9000,
        "interestExpense": 20991000,
        "depreciationAndAmortization": 30081000,
        "ebitda": 64538000,
        "ebitdaratio": 0.8249670847,
        "operatingIncome": 33319000,
        "operatingIncomeRatio": 0.4259053316,
        "totalOtherIncomeExpensesNet": -20922000,
        "incomeBeforeTax": 12397000,
        "incomeBeforeTaxRatio": 0.1584665925,
        "incomeTaxExpense": 549000,
        "netIncome": 10816000,
        "netIncomeRatio": 0.1382572126,
        "eps": 0.0768,
        "epsdiluted": 0.0706,
        "weightedAverageShsOut": 140892000,
        "weightedAverageShsOutDil": 153116000,
        "link": "https://www.sec.gov/Archives/edgar/data/1424182/000156459020022961/0001564590-20-022961-index.htm",
        "finalLink": "https://www.sec.gov/Archives/edgar/data/1424182/000156459020022961/ck1424182-10q_20200331.htm"
    },
    {
        "date": "2019-12-31",
        "symbol": "BNL",
        "reportedCurrency": "USD",
        "cik": "0001424182",
        "fillingDate": "2020-02-27",
        "acceptedDate": "2020-02-27 09:28:44",
        "calendarYear": "2019",
        "period": "Q4",
        "revenue": 84931000,
        "costOfRevenue": 4493000,
        "grossProfit": 80438000,
        "grossProfitRatio": 0.9470982327,
        "researchAndDevelopmentExpenses": 0,
        "generalAndAdministrativeExpenses": 9802000,
        "sellingAndMarketingExpenses": 0,
        "sellingGeneralAndAdministrativeExpenses": 9802000,
        "otherExpenses": -2469000,
        "operatingExpenses": 39478000,
        "costAndExpenses": 43971000,
        "interestIncome": 3000,
        "interestExpense": 21509000,
        "depreciationAndAmortization": 29747000,
        "ebitda": 71789000,
        "ebitdaratio": 0.845262625,
        "operatingIncome": 40960000,
        "operatingIncomeRatio": 0.4822738458,
        "totalOtherIncomeExpensesNet": -10833000,
        "incomeBeforeTax": 30127000,
        "incomeBeforeTaxRatio": 0.3547232459,
        "incomeTaxExpense": 0,
        "netIncome": 25934000,
        "netIncomeRatio": 0.3053537578,
        "eps": 0.18,
        "epsdiluted": 0.17,
        "weightedAverageShsOut": 140892000,
        "weightedAverageShsOutDil": 153116000,
        "link": "https://www.sec.gov/Archives/edgar/data/1424182/000156459020007050/0001564590-20-007050-index.htm",
        "finalLink": "https://www.sec.gov/Archives/edgar/data/1424182/000156459020007050/ck1424182-10k_20191231.htm"
    },
    {
        "date": "2019-09-30",
        "symbol": "BNL",
        "reportedCurrency": "USD",
        "cik": "0001424182",
        "fillingDate": "2019-11-12",
        "acceptedDate": "2019-11-12 08:16:41",
        "calendarYear": "2019",
        "period": "Q3",
        "revenue": 76401000,
        "costOfRevenue": 3855000,
        "grossProfit": 72546000,
        "grossProfitRatio": 0.9495425453,
        "researchAndDevelopmentExpenses": 0,
        "generalAndAdministrativeExpenses": 9023000,
        "sellingAndMarketingExpenses": 0,
        "sellingGeneralAndAdministrativeExpenses": 9023000,
        "otherExpenses": -923000,
        "operatingExpenses": 37820000,
        "costAndExpenses": 41675000,
        "interestIncome": 5000,
        "interestExpense": 18465000,
        "depreciationAndAmortization": 27519000,
        "ebitda": 72300000,
        "ebitdaratio": 0.9463226921,
        "operatingIncome": 34726000,
        "operatingIncomeRatio": 0.4545228466,
        "totalOtherIncomeExpensesNet": -9688000,
        "incomeBeforeTax": 25038000,
        "incomeBeforeTaxRatio": 0.3277182236,
        "incomeTaxExpense": 0,
        "netIncome": 23388000,
        "netIncomeRatio": 0.3061216476,
        "eps": 0.17,
        "epsdiluted": 0.15,
        "weightedAverageShsOut": 140892000,
        "weightedAverageShsOutDil": 153116000,
        "link": "https://www.sec.gov/Archives/edgar/data/1424182/000156459019042607/0001564590-19-042607-index.htm",
        "finalLink": "https://www.sec.gov/Archives/edgar/data/1424182/000156459019042607/ck1424182-10q_20190930.htm"
    },
    {
        "date": "2019-06-30",
        "symbol": "BNL",
        "reportedCurrency": "USD",
        "cik": "0001424182",
        "fillingDate": "2019-08-07",
        "acceptedDate": "2019-08-07 14:41:10",
        "calendarYear": "2019",
        "period": "Q2",
        "revenue": 69053000,
        "costOfRevenue": 3252000,
        "grossProfit": 65801000,
        "grossProfitRatio": 0.9529057391,
        "researchAndDevelopmentExpenses": 0,
        "generalAndAdministrativeExpenses": 8914000,
        "sellingAndMarketingExpenses": 0,
        "sellingGeneralAndAdministrativeExpenses": 8914000,
        "otherExpenses": 1591000,
        "operatingExpenses": 34506000,
        "costAndExpenses": 37758000,
        "interestIncome": 0,
        "interestExpense": 16732000,
        "depreciationAndAmortization": 24570000,
        "ebitda": 59666000,
        "ebitdaratio": 0.8640609387,
        "operatingIncome": 31295000,
        "operatingIncomeRatio": 0.4532026125,
        "totalOtherIncomeExpensesNet": -14225000,
        "incomeBeforeTax": 17342000,
        "incomeBeforeTaxRatio": 0.2511404284,
        "incomeTaxExpense": 18657000,
        "netIncome": 16134000,
        "netIncomeRatio": 0.2336466193,
        "eps": 0.11,
        "epsdiluted": 0.11,
        "weightedAverageShsOut": 140892000,
        "weightedAverageShsOutDil": 153116000,
        "link": "https://www.sec.gov/Archives/edgar/data/1424182/000156459019029913/0001564590-19-029913-index.htm",
        "finalLink": "https://www.sec.gov/Archives/edgar/data/1424182/000156459019029913/ck1424182-10q_20190630.htm"
    },
    {
        "date": "2019-03-31",
        "symbol": "BNL",
        "reportedCurrency": "USD",
        "cik": "0001424182",
        "fillingDate": "2019-05-07",
        "acceptedDate": "2019-05-07 12:04:21",
        "calendarYear": "2019",
        "period": "Q1",
        "revenue": 68430000,
        "costOfRevenue": 4390000,
        "grossProfit": 64040000,
        "grossProfitRatio": 0.9358468508,
        "researchAndDevelopmentExpenses": 0,
        "generalAndAdministrativeExpenses": 8108000,
        "sellingAndMarketingExpenses": 0,
        "sellingGeneralAndAdministrativeExpenses": 8108000,
        "otherExpenses": 2270000,
        "operatingExpenses": 32861000,
        "costAndExpenses": 37251000,
        "interestIncome": 1000,
        "interestExpense": 15828000,
        "depreciationAndAmortization": 23572000,
        "ebitda": 55194000,
        "ebitdaratio": 0.8065760631,
        "operatingIncome": 31179000,
        "operatingIncomeRatio": 0.4556334941,
        "totalOtherIncomeExpensesNet": -16157000,
        "incomeBeforeTax": 15022000,
        "incomeBeforeTaxRatio": 0.2195236008,
        "incomeTaxExpense": 0,
        "netIncome": 13938000,
        "netIncomeRatio": 0.2036825954,
        "eps": 0.0989,
        "epsdiluted": 0.091,
        "weightedAverageShsOut": 140892000,
        "weightedAverageShsOutDil": 153116000,
        "link": "https://www.sec.gov/Archives/edgar/data/1424182/000156459019016315/0001564590-19-016315-index.htm",
        "finalLink": "https://www.sec.gov/Archives/edgar/data/1424182/000156459019016315/ck0001424182-10q_20190331.htm"
    },
    {
        "date": "2018-12-31",
        "symbol": "BNL",
        "reportedCurrency": "USD",
        "cik": "0001424182",
        "fillingDate": "2019-03-14",
        "acceptedDate": "2019-03-14 08:52:32",
        "calendarYear": "2018",
        "period": "Q4",
        "revenue": 63094000,
        "costOfRevenue": 3231000,
        "grossProfit": 59863000,
        "grossProfitRatio": 0.9487906933,
        "researchAndDevelopmentExpenses": 0,
        "generalAndAdministrativeExpenses": 8502000,
        "sellingAndMarketingExpenses": 0,
        "sellingGeneralAndAdministrativeExpenses": 8502000,
        "otherExpenses": 5059000,
        "operatingExpenses": 31239000,
        "costAndExpenses": 34470000,
        "interestIncome": 1000,
        "interestExpense": 14740000,
        "depreciationAndAmortization": 22175000,
        "ebitda": 51315000,
        "ebitdaratio": 0.8133102989,
        "operatingIncome": 28624000,
        "operatingIncomeRatio": 0.4536722985,
        "totalOtherIncomeExpensesNet": -13963000,
        "incomeBeforeTax": 14661000,
        "incomeBeforeTaxRatio": 0.2323675785,
        "incomeTaxExpense": 0,
        "netIncome": 13562000,
        "netIncomeRatio": 0.2149491235,
        "eps": 0.096,
        "epsdiluted": 0.089,
        "weightedAverageShsOut": 140892000,
        "weightedAverageShsOutDil": 153116000,
        "link": "https://www.sec.gov/Archives/edgar/data/1424182/000156459019007675/0001564590-19-007675-index.htm",
        "finalLink": "https://www.sec.gov/Archives/edgar/data/1424182/000156459019007675/ck0001424182-10k_20181231.htm"
    },
    {
        "date": "2018-09-30",
        "symbol": "BNL",
        "reportedCurrency": "USD",
        "cik": "0001424182",
        "fillingDate": "2018-11-05",
        "acceptedDate": "2018-11-05 10:43:58",
        "calendarYear": "2018",
        "period": "Q3",
        "revenue": 61764000,
        "costOfRevenue": 2777000,
        "grossProfit": 58987000,
        "grossProfitRatio": 0.9550385338,
        "researchAndDevelopmentExpenses": 0,
        "generalAndAdministrativeExpenses": 8007000,
        "sellingAndMarketingExpenses": 0,
        "sellingGeneralAndAdministrativeExpenses": 8007000,
        "otherExpenses": 865000,
        "operatingExpenses": 29934000,
        "costAndExpenses": 32711000,
        "interestIncome": 16000,
        "interestExpense": 14484000,
        "depreciationAndAmortization": 21614000,
        "ebitda": 59417000,
        "ebitdaratio": 0.9620005181,
        "operatingIncome": 26992000,
        "operatingIncomeRatio": 0.4370183278,
        "totalOtherIncomeExpensesNet": -27916000,
        "incomeBeforeTax": 23064000,
        "incomeBeforeTaxRatio": 0.3734214105,
        "incomeTaxExpense": 16536000,
        "netIncome": 21267000,
        "netIncomeRatio": 0.3443267923,
        "eps": 0.15,
        "epsdiluted": 0.14,
        "weightedAverageShsOut": 140892000,
        "weightedAverageShsOutDil": 153116000,
        "link": "https://www.sec.gov/Archives/edgar/data/1424182/000156459018026666/0001564590-18-026666-index.htm",
        "finalLink": "https://www.sec.gov/Archives/edgar/data/1424182/000156459018026666/ck0001424182-10q_20180930.htm"
    },
    {
        "date": "2018-06-30",
        "symbol": "BNL",
        "reportedCurrency": "USD",
        "cik": "0001424182",
        "fillingDate": "2018-08-10",
        "acceptedDate": "2018-08-10 09:48:06",
        "calendarYear": "2018",
        "period": "Q2",
        "revenue": 57032000,
        "costOfRevenue": 2530000,
        "grossProfit": 54502000,
        "grossProfitRatio": 0.9556389395,
        "researchAndDevelopmentExpenses": 0,
        "generalAndAdministrativeExpenses": 7364000,
        "sellingAndMarketingExpenses": 0,
        "sellingGeneralAndAdministrativeExpenses": 7364000,
        "otherExpenses": 1030000,
        "operatingExpenses": 28106000,
        "costAndExpenses": 30636000,
        "interestIncome": 52000,
        "interestExpense": 12454000,
        "depreciationAndAmortization": 20521000,
        "ebitda": 46917000,
        "ebitdaratio": 0.8226434283,
        "operatingIncome": 26396000,
        "operatingIncomeRatio": 0.4628278861,
        "totalOtherIncomeExpensesNet": -8010000,
        "incomeBeforeTax": 18386000,
        "incomeBeforeTaxRatio": 0.322380418,
        "incomeTaxExpense": 0,
        "netIncome": 16974000,
        "netIncomeRatio": 0.2976223874,
        "eps": 0.12,
        "epsdiluted": 0.11,
        "weightedAverageShsOut": 140892000,
        "weightedAverageShsOutDil": 153116000,
        "link": "https://www.sec.gov/Archives/edgar/data/1424182/000156459018021208/0001564590-18-021208-index.htm",
        "finalLink": "https://www.sec.gov/Archives/edgar/data/1424182/000156459018021208/ck0001424182-10q_20180630.htm"
    },
    {
        "date": "2018-03-31",
        "symbol": "BNL",
        "reportedCurrency": "USD",
        "cik": "0001424182",
        "fillingDate": "2018-05-08",
        "acceptedDate": "2018-05-08 12:07:19",
        "calendarYear": "2018",
        "period": "Q1",
        "revenue": 55589000,
        "costOfRevenue": 2619000,
        "grossProfit": 52970000,
        "grossProfitRatio": 0.9528863624,
        "researchAndDevelopmentExpenses": 0,
        "generalAndAdministrativeExpenses": 6990000,
        "sellingAndMarketingExpenses": 0,
        "sellingGeneralAndAdministrativeExpenses": 6990000,
        "otherExpenses": 0,
        "operatingExpenses": 26435000,
        "costAndExpenses": 29054000,
        "interestIncome": 110000,
        "interestExpense": 11177000,
        "depreciationAndAmortization": 19380000,
        "ebitda": 45915000,
        "ebitdaratio": 0.8259727644,
        "operatingIncome": 26535000,
        "operatingIncomeRatio": 0.4773426397,
        "totalOtherIncomeExpensesNet": -7540000,
        "incomeBeforeTax": 18995000,
        "incomeBeforeTaxRatio": 0.341704294,
        "incomeTaxExpense": 0,
        "netIncome": 17573000,
        "netIncomeRatio": 0.3161236935,
        "eps": 0.12,
        "epsdiluted": 0.12,
        "weightedAverageShsOut": 140892000,
        "weightedAverageShsOutDil": 153116000,
        "link": "https://www.sec.gov/Archives/edgar/data/1424182/000156459018011584/0001564590-18-011584-index.htm",
        "finalLink": "https://www.sec.gov/Archives/edgar/data/1424182/000156459018011584/ck0001424182-10q_20180331.htm"
    },
    {
        "date": "2017-12-31",
        "symbol": "BNL",
        "reportedCurrency": "USD",
        "cik": "0001424182",
        "fillingDate": "2018-03-15",
        "acceptedDate": "2018-03-15 12:42:46",
        "calendarYear": "2017",
        "period": "Q4",
        "revenue": 49473000,
        "costOfRevenue": 1795000,
        "grossProfit": 47678000,
        "grossProfitRatio": 0.9637175833,
        "researchAndDevelopmentExpenses": 0,
        "generalAndAdministrativeExpenses": 7083000,
        "sellingAndMarketingExpenses": 0,
        "sellingGeneralAndAdministrativeExpenses": 7083000,
        "otherExpenses": 1782000,
        "operatingExpenses": 24490000,
        "costAndExpenses": 26285000,
        "interestIncome": 113000,
        "interestExpense": 9569000,
        "depreciationAndAmortization": 17303000,
        "ebitda": 41115000,
        "ebitdaratio": 0.8310593657,
        "operatingIncome": 23188000,
        "operatingIncomeRatio": 0.468700099,
        "totalOtherIncomeExpensesNet": -6362000,
        "incomeBeforeTax": 16826000,
        "incomeBeforeTaxRatio": 0.3401047036,
        "incomeTaxExpense": 0,
        "netIncome": 15530000,
        "netIncomeRatio": 0.3139085966,
        "eps": 0.11,
        "epsdiluted": 0.1,
        "weightedAverageShsOut": 140892000,
        "weightedAverageShsOutDil": 153116000,
        "link": "https://www.sec.gov/Archives/edgar/data/1424182/000156459018005758/0001564590-18-005758-index.htm",
        "finalLink": "https://www.sec.gov/Archives/edgar/data/1424182/000156459018005758/ck0001424182-10k_20171231.htm"
    },
    {
        "date": "2017-09-30",
        "symbol": "BNL",
        "reportedCurrency": "USD",
        "cik": "0001424182",
        "fillingDate": "2017-11-13",
        "acceptedDate": "2017-11-13 11:47:31",
        "calendarYear": "2017",
        "period": "Q3",
        "revenue": 46235000,
        "costOfRevenue": 2009000,
        "grossProfit": 44226000,
        "grossProfitRatio": 0.9565480696,
        "researchAndDevelopmentExpenses": 0,
        "generalAndAdministrativeExpenses": 6266000,
        "sellingAndMarketingExpenses": 0,
        "sellingGeneralAndAdministrativeExpenses": 6266000,
        "otherExpenses": 822000,
        "operatingExpenses": 22210000,
        "costAndExpenses": 24219000,
        "interestIncome": 127000,
        "interestExpense": 9380000,
        "depreciationAndAmortization": 15742000,
        "ebitda": 37758000,
        "ebitdaratio": 0.81665405,
        "operatingIncome": 19408000,
        "operatingIncomeRatio": 0.4197685736,
        "totalOtherIncomeExpensesNet": -6418000,
        "incomeBeforeTax": 12990000,
        "incomeBeforeTaxRatio": 0.2809559857,
        "incomeTaxExpense": 0,
        "netIncome": 11948000,
        "netIncomeRatio": 0.2584189467,
        "eps": 0.0848,
        "epsdiluted": 0.0848,
        "weightedAverageShsOut": 140892000,
        "weightedAverageShsOutDil": 153116000,
        "link": "https://www.sec.gov/Archives/edgar/data/1424182/000156459017023460/0001564590-17-023460-index.htm",
        "finalLink": "https://www.sec.gov/Archives/edgar/data/1424182/000156459017023460/ck0001424182-10q_20170930.htm"
    },
    {
        "date": "2017-06-30",
        "symbol": "BNL",
        "reportedCurrency": "USD",
        "cik": "0001424182",
        "fillingDate": "2017-08-10",
        "acceptedDate": "2017-08-10 12:07:31",
        "calendarYear": "2017",
        "period": "Q2",
        "revenue": 43671000,
        "costOfRevenue": 1124000,
        "grossProfit": 42547000,
        "grossProfitRatio": 0.9742620961,
        "researchAndDevelopmentExpenses": 0,
        "generalAndAdministrativeExpenses": 6009000,
        "sellingAndMarketingExpenses": 0,
        "sellingGeneralAndAdministrativeExpenses": 6009000,
        "otherExpenses": 0,
        "operatingExpenses": 20902000,
        "costAndExpenses": 22026000,
        "interestIncome": 115000,
        "interestExpense": 7860000,
        "depreciationAndAmortization": 14920000,
        "ebitda": 36565000,
        "ebitdaratio": 0.837283323,
        "operatingIncome": 21645000,
        "operatingIncomeRatio": 0.4956378375,
        "totalOtherIncomeExpensesNet": -5653000,
        "incomeBeforeTax": 15992000,
        "incomeBeforeTaxRatio": 0.3661926679,
        "incomeTaxExpense": 0,
        "netIncome": 14727000,
        "netIncomeRatio": 0.3372260768,
        "eps": 0.1,
        "epsdiluted": 0.1,
        "weightedAverageShsOut": 140892000,
        "weightedAverageShsOutDil": 153116000,
        "link": "https://www.sec.gov/Archives/edgar/data/1424182/000156459017017165/0001564590-17-017165-index.htm",
        "finalLink": "https://www.sec.gov/Archives/edgar/data/1424182/000156459017017165/ck0001424182-10q_20170630.htm"
    },
    {
        "date": "2017-03-31",
        "symbol": "BNL",
        "reportedCurrency": "USD",
        "cik": "0001424182",
        "fillingDate": "2017-03-31",
        "acceptedDate": "2017-03-31 00:00:00",
        "calendarYear": "2017",
        "period": "Q1",
        "revenue": 42185000,
        "costOfRevenue": 1577000,
        "grossProfit": 40608000,
        "grossProfitRatio": 0.962617044,
        "researchAndDevelopmentExpenses": 0,
        "generalAndAdministrativeExpenses": 5324000,
        "sellingAndMarketingExpenses": 0,
        "sellingGeneralAndAdministrativeExpenses": 5324000,
        "otherExpenses": 0,
        "operatingExpenses": 19967000,
        "costAndExpenses": 21544000,
        "interestIncome": 112000,
        "interestExpense": 7942000,
        "depreciationAndAmortization": 14794000,
        "ebitda": 35435000,
        "ebitdaratio": 0.839990518,
        "operatingIncome": 20641000,
        "operatingIncomeRatio": 0.4892971435,
        "totalOtherIncomeExpensesNet": -6894000,
        "incomeBeforeTax": 13747000,
        "incomeBeforeTaxRatio": 0.3258741259,
        "incomeTaxExpense": 0,
        "netIncome": 12594000,
        "netIncomeRatio": 0.2985421358,
        "eps": 0.0894,
        "epsdiluted": 0.0894,
        "weightedAverageShsOut": 140892000,
        "weightedAverageShsOutDil": 153116000,
        "link": "",
        "finalLink": ""
    },
    {
        "date": "2016-12-31",
        "symbol": "BNL",
        "reportedCurrency": "USD",
        "cik": "0001424182",
        "fillingDate": "2016-12-31",
        "acceptedDate": "2016-12-30 19:00:00",
        "calendarYear": "2016",
        "period": "Q4",
        "revenue": 39449000,
        "costOfRevenue": 895000,
        "grossProfit": 38554000,
        "grossProfitRatio": 0.9773124794,
        "researchAndDevelopmentExpenses": 0,
        "generalAndAdministrativeExpenses": 5095000,
        "sellingAndMarketingExpenses": 0,
        "sellingGeneralAndAdministrativeExpenses": 5095000,
        "otherExpenses": 0,
        "operatingExpenses": 18408000,
        "costAndExpenses": 19303000,
        "interestIncome": 79000,
        "interestExpense": 5797000,
        "depreciationAndAmortization": 12939000,
        "ebitda": 33727000,
        "ebitdaratio": 0.8549519633,
        "operatingIncome": 20146000,
        "operatingIncomeRatio": 0.5106846815,
        "totalOtherIncomeExpensesNet": -6352000,
        "incomeBeforeTax": 13794000,
        "incomeBeforeTaxRatio": 0.3496666582,
        "incomeTaxExpense": 0,
        "netIncome": 12480000,
        "netIncomeRatio": 0.3163578291,
        "eps": 0.089,
        "epsdiluted": 0.082,
        "weightedAverageShsOut": 140892000,
        "weightedAverageShsOutDil": 153116000,
        "link": "",
        "finalLink": ""
    },
    {
        "date": "2016-09-30",
        "symbol": "BNL",
        "reportedCurrency": "USD",
        "cik": "0001424182",
        "fillingDate": "2016-09-30",
        "acceptedDate": "2016-09-29 20:00:00",
        "calendarYear": "2016",
        "period": "Q3",
        "revenue": 37010000,
        "costOfRevenue": 1184000,
        "grossProfit": 35826000,
        "grossProfitRatio": 0.9680086463,
        "researchAndDevelopmentExpenses": 0,
        "generalAndAdministrativeExpenses": 4397000,
        "sellingAndMarketingExpenses": 0,
        "sellingGeneralAndAdministrativeExpenses": 4397000,
        "otherExpenses": 0,
        "operatingExpenses": 16582000,
        "costAndExpenses": 17766000,
        "interestIncome": 4000,
        "interestExpense": 4576000,
        "depreciationAndAmortization": 12114000,
        "ebitda": 28991000,
        "ebitdaratio": 0.78332883,
        "operatingIncome": 16877000,
        "operatingIncomeRatio": 0.4560118887,
        "totalOtherIncomeExpensesNet": -1460000,
        "incomeBeforeTax": 15417000,
        "incomeBeforeTaxRatio": 0.4165630911,
        "incomeTaxExpense": 0,
        "netIncome": 13958000,
        "netIncomeRatio": 0.3771413132,
        "eps": 0.0991,
        "epsdiluted": 0.0991,
        "weightedAverageShsOut": 140892000,
        "weightedAverageShsOutDil": 153116000,
        "link": "",
        "finalLink": ""
    },
    {
        "date": "2016-06-30",
        "symbol": "BNL",
        "reportedCurrency": "USD",
        "cik": "0001424182",
        "fillingDate": "2016-06-30",
        "acceptedDate": "2016-06-29 20:00:00",
        "calendarYear": "2016",
        "period": "Q2",
        "revenue": 34823000,
        "costOfRevenue": 5001000,
        "grossProfit": 29822000,
        "grossProfitRatio": 0.8563880194,
        "researchAndDevelopmentExpenses": 0,
        "generalAndAdministrativeExpenses": 684000,
        "sellingAndMarketingExpenses": 0,
        "sellingGeneralAndAdministrativeExpenses": 684000,
        "otherExpenses": 0,
        "operatingExpenses": 15766000,
        "costAndExpenses": 20767000,
        "interestIncome": 8700000,
        "interestExpense": 0,
        "depreciationAndAmortization": 11102000,
        "ebitda": 28907000,
        "ebitdaratio": 0.8301122821,
        "operatingIncome": 17805000,
        "operatingIncomeRatio": 0.5113000029,
        "totalOtherIncomeExpensesNet": -8411000,
        "incomeBeforeTax": 5356000,
        "incomeBeforeTaxRatio": 0.1538063923,
        "incomeTaxExpense": 538000,
        "netIncome": 4818000,
        "netIncomeRatio": 0.1383568331,
        "eps": 0.0943,
        "epsdiluted": 0.0849,
        "weightedAverageShsOut": 51069513,
        "weightedAverageShsOutDil": 56772000,
        "link": null,
        "finalLink": null
    },
    {
        "date": "2016-03-31",
        "symbol": "BNL",
        "reportedCurrency": "USD",
        "cik": "0001424182",
        "fillingDate": "2016-03-31",
        "acceptedDate": "2016-03-30 20:00:00",
        "calendarYear": "2016",
        "period": "Q1",
        "revenue": 31587000,
        "costOfRevenue": 4092000,
        "grossProfit": 27495000,
        "grossProfitRatio": 0.8704530345,
        "researchAndDevelopmentExpenses": 0,
        "generalAndAdministrativeExpenses": 669000,
        "sellingAndMarketingExpenses": 0,
        "sellingGeneralAndAdministrativeExpenses": 669000,
        "otherExpenses": 0,
        "operatingExpenses": 11259000,
        "costAndExpenses": 15351000,
        "interestIncome": 10535000,
        "interestExpense": 0,
        "depreciationAndAmortization": 9784000,
        "ebitda": 26674000,
        "ebitdaratio": 0.844461329,
        "operatingIncome": 16890000,
        "operatingIncomeRatio": 0.534713648,
        "totalOtherIncomeExpensesNet": -9771000,
        "incomeBeforeTax": 5701000,
        "incomeBeforeTaxRatio": 0.1804856428,
        "incomeTaxExpense": 603000,
        "netIncome": 5098000,
        "netIncomeRatio": 0.1613955108,
        "eps": 0.11,
        "epsdiluted": 0.0966,
        "weightedAverageShsOut": 47208074,
        "weightedAverageShsOutDil": 52784000,
        "link": null,
        "finalLink": null
    }
]