[
    {
        "date": "2015-09-30",
        "symbol": "BRCM",
        "reportedCurrency": "USD",
        "cik": "0001054374",
        "fillingDate": "2015-10-26",
        "acceptedDate": "2015-10-26 16:17:21",
        "calendarYear": "2015",
        "period": "Q3",
        "revenue": 2187000000,
        "costOfRevenue": 1015000000,
        "grossProfit": 1172000000,
        "grossProfitRatio": 0.5358939186,
        "researchAndDevelopmentExpenses": 542000000,
        "generalAndAdministrativeExpenses": 177000000,
        "sellingAndMarketingExpenses": 17000000,
        "sellingGeneralAndAdministrativeExpenses": 194000000,
        "otherExpenses": 0,
        "operatingExpenses": 736000000,
        "costAndExpenses": 1751000000,
        "interestIncome": 0,
        "interestExpense": 1000000,
        "depreciationAndAmortization": 72000000,
        "ebitda": 514000000,
        "ebitdaratio": 0.2350251486,
        "operatingIncome": 442000000,
        "operatingIncomeRatio": 0.2021033379,
        "totalOtherIncomeExpensesNet": -1000000,
        "incomeBeforeTax": 441000000,
        "incomeBeforeTaxRatio": 0.2016460905,
        "incomeTaxExpense": 12000000,
        "netIncome": 429000000,
        "netIncomeRatio": 0.1961591221,
        "eps": 0.71,
        "epsdiluted": 0.7,
        "weightedAverageShsOut": 603000000,
        "weightedAverageShsOutDil": 616000000,
        "link": "https://www.sec.gov/Archives/edgar/data/1054374/000105437415000124/0001054374-15-000124-index.html",
        "finalLink": "https://www.sec.gov/Archives/edgar/data/1054374/000105437415000124/a20150930-10q.htm"
    },
    {
        "date": "2015-06-30",
        "symbol": "BRCM",
        "reportedCurrency": "USD",
        "cik": "0001054374",
        "fillingDate": "2015-07-30",
        "acceptedDate": "2015-07-30 16:31:34",
        "calendarYear": "2015",
        "period": "Q2",
        "revenue": 2096000000,
        "costOfRevenue": 939000000,
        "grossProfit": 1157000000,
        "grossProfitRatio": 0.5520038168,
        "researchAndDevelopmentExpenses": 538000000,
        "generalAndAdministrativeExpenses": 188000000,
        "sellingAndMarketingExpenses": 29000000,
        "sellingGeneralAndAdministrativeExpenses": 217000000,
        "otherExpenses": 0,
        "operatingExpenses": 755000000,
        "costAndExpenses": 1694000000,
        "interestIncome": 0,
        "interestExpense": 3000000,
        "depreciationAndAmortization": 76000000,
        "ebitda": 473000000,
        "ebitdaratio": 0.2256679389,
        "operatingIncome": 397000000,
        "operatingIncomeRatio": 0.1894083969,
        "totalOtherIncomeExpensesNet": -3000000,
        "incomeBeforeTax": 394000000,
        "incomeBeforeTaxRatio": 0.1879770992,
        "incomeTaxExpense": 8000000,
        "netIncome": 386000000,
        "netIncomeRatio": 0.1841603053,
        "eps": 0.64,
        "epsdiluted": 0.63,
        "weightedAverageShsOut": 601000000,
        "weightedAverageShsOutDil": 614000000,
        "link": "https://www.sec.gov/Archives/edgar/data/1054374/000105437415000104/0001054374-15-000104-index.html",
        "finalLink": "https://www.sec.gov/Archives/edgar/data/1054374/000105437415000104/a20150630-10q.htm"
    },
    {
        "date": "2015-03-31",
        "symbol": "BRCM",
        "reportedCurrency": "USD",
        "cik": "0001054374",
        "fillingDate": "2015-04-21",
        "acceptedDate": "2015-04-21 17:00:32",
        "calendarYear": "2015",
        "period": "Q1",
        "revenue": 2058000000,
        "costOfRevenue": 972000000,
        "grossProfit": 1086000000,
        "grossProfitRatio": 0.527696793,
        "researchAndDevelopmentExpenses": 539000000,
        "generalAndAdministrativeExpenses": 177000000,
        "sellingAndMarketingExpenses": 147000000,
        "sellingGeneralAndAdministrativeExpenses": 324000000,
        "otherExpenses": 0,
        "operatingExpenses": 863000000,
        "costAndExpenses": 1835000000,
        "interestIncome": 0,
        "interestExpense": 5000000,
        "depreciationAndAmortization": 76000000,
        "ebitda": 299000000,
        "ebitdaratio": 0.1452866861,
        "operatingIncome": 223000000,
        "operatingIncomeRatio": 0.1083576288,
        "totalOtherIncomeExpensesNet": -5000000,
        "incomeBeforeTax": 218000000,
        "incomeBeforeTaxRatio": 0.1059280855,
        "incomeTaxExpense": 9000000,
        "netIncome": 209000000,
        "netIncomeRatio": 0.1015549077,
        "eps": 0.35,
        "epsdiluted": 0.34,
        "weightedAverageShsOut": 600000000,
        "weightedAverageShsOutDil": 613000000,
        "link": "https://www.sec.gov/Archives/edgar/data/1054374/000105437415000062/0001054374-15-000062-index.html",
        "finalLink": "https://www.sec.gov/Archives/edgar/data/1054374/000105437415000062/a20150331-10q.htm"
    },
    {
        "date": "2014-12-31",
        "symbol": "BRCM",
        "reportedCurrency": "USD",
        "cik": "0001054374",
        "fillingDate": "2015-01-29",
        "acceptedDate": "2015-01-29 17:02:54",
        "calendarYear": "2014",
        "period": "Q4",
        "revenue": 2143000000,
        "costOfRevenue": 1012000000,
        "grossProfit": 1131000000,
        "grossProfitRatio": 0.5277648157,
        "researchAndDevelopmentExpenses": 530000000,
        "generalAndAdministrativeExpenses": 173000000,
        "sellingAndMarketingExpenses": 181000000,
        "sellingGeneralAndAdministrativeExpenses": 354000000,
        "otherExpenses": 0,
        "operatingExpenses": 884000000,
        "costAndExpenses": 1744000000,
        "interestIncome": 0,
        "interestExpense": 9000000,
        "depreciationAndAmortization": 82000000,
        "ebitda": 486000000,
        "ebitdaratio": 0.226784881,
        "operatingIncome": 404000000,
        "operatingIncomeRatio": 0.1885207653,
        "totalOtherIncomeExpensesNet": -9000000,
        "incomeBeforeTax": 395000000,
        "incomeBeforeTaxRatio": 0.1843210453,
        "incomeTaxExpense": 5000000,
        "netIncome": 390000000,
        "netIncomeRatio": 0.1819878675,
        "eps": 0.66,
        "epsdiluted": 0.65,
        "weightedAverageShsOut": 590000000,
        "weightedAverageShsOutDil": 601000000,
        "link": "https://www.sec.gov/Archives/edgar/data/1054374/000105437415000012/0001054374-15-000012-index.htm",
        "finalLink": "https://www.sec.gov/Archives/edgar/data/1054374/000105437415000012/a20141231-10k.htm"
    },
    {
        "date": "2014-09-30",
        "symbol": "BRCM",
        "reportedCurrency": "USD",
        "cik": "0001054374",
        "fillingDate": "2014-10-21",
        "acceptedDate": "2014-10-21 17:20:12",
        "calendarYear": "2014",
        "period": "Q3",
        "revenue": 2260000000,
        "costOfRevenue": 1077000000,
        "grossProfit": 1183000000,
        "grossProfitRatio": 0.5234513274,
        "researchAndDevelopmentExpenses": 573000000,
        "generalAndAdministrativeExpenses": 176000000,
        "sellingAndMarketingExpenses": 115000000,
        "sellingGeneralAndAdministrativeExpenses": 291000000,
        "otherExpenses": 0,
        "operatingExpenses": 864000000,
        "costAndExpenses": 2149000000,
        "interestIncome": 0,
        "interestExpense": 17000000,
        "depreciationAndAmortization": 96000000,
        "ebitda": 216000000,
        "ebitdaratio": 0.0955752212,
        "operatingIncome": 120000000,
        "operatingIncomeRatio": 0.0530973451,
        "totalOtherIncomeExpensesNet": -17000000,
        "incomeBeforeTax": 103000000,
        "incomeBeforeTaxRatio": 0.0455752212,
        "incomeTaxExpense": 5000000,
        "netIncome": 98000000,
        "netIncomeRatio": 0.0433628319,
        "eps": 0.17,
        "epsdiluted": 0.16,
        "weightedAverageShsOut": 587000000,
        "weightedAverageShsOutDil": 598000000,
        "link": "https://www.sec.gov/Archives/edgar/data/1054374/000105437414000153/0001054374-14-000153-index.html",
        "finalLink": "https://www.sec.gov/Archives/edgar/data/1054374/000105437414000153/a20140930-10q.htm"
    },
    {
        "date": "2014-06-30",
        "symbol": "BRCM",
        "reportedCurrency": "USD",
        "cik": "0001054374",
        "fillingDate": "2014-07-22",
        "acceptedDate": "2014-07-22 17:02:44",
        "calendarYear": "2014",
        "period": "Q2",
        "revenue": 2041000000,
        "costOfRevenue": 1005000000,
        "grossProfit": 1036000000,
        "grossProfitRatio": 0.5075943165,
        "researchAndDevelopmentExpenses": 634000000,
        "generalAndAdministrativeExpenses": 182000000,
        "sellingAndMarketingExpenses": 242000000,
        "sellingGeneralAndAdministrativeExpenses": 424000000,
        "otherExpenses": 0,
        "operatingExpenses": 1058000000,
        "costAndExpenses": 2027000000,
        "interestIncome": 0,
        "interestExpense": 5000000,
        "depreciationAndAmortization": 103000000,
        "ebitda": 109000000,
        "ebitdaratio": 0.0534051935,
        "operatingIncome": 6000000,
        "operatingIncomeRatio": 0.0029397354,
        "totalOtherIncomeExpensesNet": -5000000,
        "incomeBeforeTax": 1000000,
        "incomeBeforeTaxRatio": 0.0004899559,
        "incomeTaxExpense": 2000000,
        "netIncome": -1000000,
        "netIncomeRatio": -0.0004899559,
        "eps": -0.0017,
        "epsdiluted": -0.0017,
        "weightedAverageShsOut": 585000000,
        "weightedAverageShsOutDil": 593000000,
        "link": "https://www.sec.gov/Archives/edgar/data/1054374/000105437414000106/0001054374-14-000106-index.html",
        "finalLink": "https://www.sec.gov/Archives/edgar/data/1054374/000105437414000106/a20140630-10q.htm"
    },
    {
        "date": "2014-03-31",
        "symbol": "BRCM",
        "reportedCurrency": "USD",
        "cik": "0001054374",
        "fillingDate": "2014-04-24",
        "acceptedDate": "2014-04-24 17:15:26",
        "calendarYear": "2014",
        "period": "Q1",
        "revenue": 1984000000,
        "costOfRevenue": 1004000000,
        "grossProfit": 980000000,
        "grossProfitRatio": 0.4939516129,
        "researchAndDevelopmentExpenses": 636000000,
        "generalAndAdministrativeExpenses": 185000000,
        "sellingAndMarketingExpenses": 9000000,
        "sellingGeneralAndAdministrativeExpenses": 194000000,
        "otherExpenses": 0,
        "operatingExpenses": 830000000,
        "costAndExpenses": 1814000000,
        "interestIncome": 0,
        "interestExpense": 5000000,
        "depreciationAndAmortization": 111000000,
        "ebitda": 284000000,
        "ebitdaratio": 0.1431451613,
        "operatingIncome": 173000000,
        "operatingIncomeRatio": 0.0871975806,
        "totalOtherIncomeExpensesNet": -5000000,
        "incomeBeforeTax": 168000000,
        "incomeBeforeTaxRatio": 0.0846774194,
        "incomeTaxExpense": 3000000,
        "netIncome": 165000000,
        "netIncomeRatio": 0.0831653226,
        "eps": 0.28,
        "epsdiluted": 0.28,
        "weightedAverageShsOut": 584000000,
        "weightedAverageShsOutDil": 590000000,
        "link": "https://www.sec.gov/Archives/edgar/data/1054374/000105437414000055/0001054374-14-000055-index.html",
        "finalLink": "https://www.sec.gov/Archives/edgar/data/1054374/000105437414000055/a20140331-10q.htm"
    },
    {
        "date": "2013-12-31",
        "symbol": "BRCM",
        "reportedCurrency": "USD",
        "cik": "0001054374",
        "fillingDate": "2014-01-30",
        "acceptedDate": "2014-01-30 17:11:32",
        "calendarYear": "2013",
        "period": "Q4",
        "revenue": 2064000000,
        "costOfRevenue": 1026000000,
        "grossProfit": 1038000000,
        "grossProfitRatio": 0.5029069767,
        "researchAndDevelopmentExpenses": 643000000,
        "generalAndAdministrativeExpenses": 172000000,
        "sellingAndMarketingExpenses": 131000000,
        "sellingGeneralAndAdministrativeExpenses": 303000000,
        "otherExpenses": 0,
        "operatingExpenses": 946000000,
        "costAndExpenses": 1878000000,
        "interestIncome": 0,
        "interestExpense": 6000000,
        "depreciationAndAmortization": 107000000,
        "ebitda": 294000000,
        "ebitdaratio": 0.1424418605,
        "operatingIncome": 187000000,
        "operatingIncomeRatio": 0.0906007752,
        "totalOtherIncomeExpensesNet": -6000000,
        "incomeBeforeTax": 181000000,
        "incomeBeforeTaxRatio": 0.0876937984,
        "incomeTaxExpense": 13000000,
        "netIncome": 168000000,
        "netIncomeRatio": 0.0813953488,
        "eps": 0.29,
        "epsdiluted": 0.29,
        "weightedAverageShsOut": 574000000,
        "weightedAverageShsOutDil": 584000000,
        "link": "https://www.sec.gov/Archives/edgar/data/1054374/000105437414000012/0001054374-14-000012-index.htm",
        "finalLink": "https://www.sec.gov/Archives/edgar/data/1054374/000105437414000012/brcm-20131231x10k.htm"
    },
    {
        "date": "2013-09-30",
        "symbol": "BRCM",
        "reportedCurrency": "USD",
        "cik": "0001054374",
        "fillingDate": "2013-10-22",
        "acceptedDate": "2013-10-22 17:15:56",
        "calendarYear": "2013",
        "period": "Q3",
        "revenue": 2146000000,
        "costOfRevenue": 1044000000,
        "grossProfit": 1102000000,
        "grossProfitRatio": 0.5135135135,
        "researchAndDevelopmentExpenses": 609000000,
        "generalAndAdministrativeExpenses": 181000000,
        "sellingAndMarketingExpenses": 168000000,
        "sellingGeneralAndAdministrativeExpenses": 349000000,
        "otherExpenses": 0,
        "operatingExpenses": 958000000,
        "costAndExpenses": 1810000000,
        "interestIncome": 0,
        "interestExpense": 7000000,
        "depreciationAndAmortization": 100000000,
        "ebitda": 432000000,
        "ebitdaratio": 0.201304753,
        "operatingIncome": 332000000,
        "operatingIncomeRatio": 0.1547064306,
        "totalOtherIncomeExpensesNet": -7000000,
        "incomeBeforeTax": 325000000,
        "incomeBeforeTaxRatio": 0.151444548,
        "incomeTaxExpense": 9000000,
        "netIncome": 316000000,
        "netIncomeRatio": 0.147250699,
        "eps": 0.55,
        "epsdiluted": 0.54,
        "weightedAverageShsOut": 573000000,
        "weightedAverageShsOutDil": 585000000,
        "link": "https://www.sec.gov/Archives/edgar/data/1054374/000105437413000149/0001054374-13-000149-index.html",
        "finalLink": "https://www.sec.gov/Archives/edgar/data/1054374/000105437413000149/brcm-20130930x10q.htm"
    },
    {
        "date": "2013-06-30",
        "symbol": "BRCM",
        "reportedCurrency": "USD",
        "cik": "0001054374",
        "fillingDate": "2013-07-23",
        "acceptedDate": "2013-07-23 17:16:15",
        "calendarYear": "2013",
        "period": "Q2",
        "revenue": 2090000000,
        "costOfRevenue": 1030000000,
        "grossProfit": 1060000000,
        "grossProfitRatio": 0.5071770335,
        "researchAndDevelopmentExpenses": 619000000,
        "generalAndAdministrativeExpenses": 174000000,
        "sellingAndMarketingExpenses": 3000000,
        "sellingGeneralAndAdministrativeExpenses": 177000000,
        "otherExpenses": 0,
        "operatingExpenses": 796000000,
        "costAndExpenses": 2338000000,
        "interestIncome": 0,
        "interestExpense": 17000000,
        "depreciationAndAmortization": 97000000,
        "ebitda": -139000000,
        "ebitdaratio": -0.066507177,
        "operatingIncome": -236000000,
        "operatingIncomeRatio": -0.1129186603,
        "totalOtherIncomeExpensesNet": -18000000,
        "incomeBeforeTax": -254000000,
        "incomeBeforeTaxRatio": -0.1215311005,
        "incomeTaxExpense": -2000000,
        "netIncome": -252000000,
        "netIncomeRatio": -0.1205741627,
        "eps": -0.44,
        "epsdiluted": -0.44,
        "weightedAverageShsOut": 574000000,
        "weightedAverageShsOutDil": 574000000,
        "link": "https://www.sec.gov/Archives/edgar/data/1054374/000105437413000123/0001054374-13-000123-index.html",
        "finalLink": "https://www.sec.gov/Archives/edgar/data/1054374/000105437413000123/brcm-20130630x10q.htm"
    },
    {
        "date": "2013-03-31",
        "symbol": "BRCM",
        "reportedCurrency": "USD",
        "cik": "0001054374",
        "fillingDate": "2013-04-24",
        "acceptedDate": "2013-04-23 17:46:41",
        "calendarYear": "2013",
        "period": "Q1",
        "revenue": 2005000000,
        "costOfRevenue": 988000000,
        "grossProfit": 1017000000,
        "grossProfitRatio": 0.5072319202,
        "researchAndDevelopmentExpenses": 615000000,
        "generalAndAdministrativeExpenses": 179000000,
        "sellingAndMarketingExpenses": 273000000,
        "sellingGeneralAndAdministrativeExpenses": 452000000,
        "otherExpenses": 0,
        "operatingExpenses": 1067000000,
        "costAndExpenses": 1807000000,
        "interestIncome": 0,
        "interestExpense": 0,
        "depreciationAndAmortization": 97000000,
        "ebitda": 290000000,
        "ebitdaratio": 0.144638404,
        "operatingIncome": 193000000,
        "operatingIncomeRatio": 0.0962593516,
        "totalOtherIncomeExpensesNet": 0,
        "incomeBeforeTax": 193000000,
        "incomeBeforeTaxRatio": 0.0962593516,
        "incomeTaxExpense": 2000000,
        "netIncome": 191000000,
        "netIncomeRatio": 0.0952618454,
        "eps": 0.34,
        "epsdiluted": 0.33,
        "weightedAverageShsOut": 570000000,
        "weightedAverageShsOutDil": 585000000,
        "link": "https://www.sec.gov/Archives/edgar/data/1054374/000105437413000072/0001054374-13-000072-index.html",
        "finalLink": "https://www.sec.gov/Archives/edgar/data/1054374/000105437413000072/brcm-20130331x10q.htm"
    },
    {
        "date": "2012-12-31",
        "symbol": "BRCM",
        "reportedCurrency": "USD",
        "cik": "0001054374",
        "fillingDate": "2013-01-30",
        "acceptedDate": "2013-01-30 16:26:20",
        "calendarYear": "2012",
        "period": "Q4",
        "revenue": 2080000000,
        "costOfRevenue": 1025000000,
        "grossProfit": 1055000000,
        "grossProfitRatio": 0.5072115385,
        "researchAndDevelopmentExpenses": 590000000,
        "generalAndAdministrativeExpenses": 172000000,
        "sellingAndMarketingExpenses": 134000000,
        "sellingGeneralAndAdministrativeExpenses": 306000000,
        "otherExpenses": 0,
        "operatingExpenses": 896000000,
        "costAndExpenses": 1817000000,
        "interestIncome": 0,
        "interestExpense": 0,
        "depreciationAndAmortization": 120000000,
        "ebitda": 370000000,
        "ebitdaratio": 0.1778846154,
        "operatingIncome": 250000000,
        "operatingIncomeRatio": 0.1201923077,
        "totalOtherIncomeExpensesNet": 0,
        "incomeBeforeTax": 250000000,
        "incomeBeforeTaxRatio": 0.1201923077,
        "incomeTaxExpense": -1000000,
        "netIncome": 251000000,
        "netIncomeRatio": 0.1206730769,
        "eps": 0.45,
        "epsdiluted": 0.44,
        "weightedAverageShsOut": 558000000,
        "weightedAverageShsOutDil": 576000000,
        "link": "https://www.sec.gov/Archives/edgar/data/1054374/000105437413000018/0001054374-13-000018-index.html",
        "finalLink": "https://www.sec.gov/Archives/edgar/data/1054374/000105437413000018/brcm-20121231x10k.htm"
    },
    {
        "date": "2012-09-30",
        "symbol": "BRCM",
        "reportedCurrency": "USD",
        "cik": "0001054374",
        "fillingDate": "2012-10-23",
        "acceptedDate": "2012-10-23 16:59:18",
        "calendarYear": "2012",
        "period": "Q3",
        "revenue": 5926000000,
        "costOfRevenue": 3002000000,
        "grossProfit": 2924000000,
        "grossProfitRatio": 0.4934188323,
        "researchAndDevelopmentExpenses": 1728000000,
        "generalAndAdministrativeExpenses": 524000000,
        "sellingAndMarketingExpenses": 471000000,
        "sellingGeneralAndAdministrativeExpenses": 995000000,
        "otherExpenses": 0,
        "operatingExpenses": 2723000000,
        "costAndExpenses": 5513000000,
        "interestIncome": 0,
        "interestExpense": 53000000,
        "depreciationAndAmortization": 325000000,
        "ebitda": 784000000,
        "ebitdaratio": 0.1322983463,
        "operatingIncome": 459000000,
        "operatingIncomeRatio": 0.0774552818,
        "totalOtherIncomeExpensesNet": -53000000,
        "incomeBeforeTax": 406000000,
        "incomeBeforeTaxRatio": 0.0685116436,
        "incomeTaxExpense": -9000000,
        "netIncome": 415000000,
        "netIncomeRatio": 0.0700303746,
        "eps": 0.75,
        "epsdiluted": 0.72,
        "weightedAverageShsOut": 555000000,
        "weightedAverageShsOutDil": 574000000,
        "link": "https://www.sec.gov/Archives/edgar/data/1054374/000105437412000021/0001054374-12-000021-index.htm",
        "finalLink": "https://www.sec.gov/Archives/edgar/data/1054374/000105437412000021/brcm-2012930x10q.htm"
    },
    {
        "date": "2012-06-30",
        "symbol": "BRCM",
        "reportedCurrency": "USD",
        "cik": "0001054374",
        "fillingDate": "2012-07-24",
        "acceptedDate": "2012-07-24 16:48:17",
        "calendarYear": "2012",
        "period": "Q2",
        "revenue": 1971000000,
        "costOfRevenue": 1021000000,
        "grossProfit": 950000000,
        "grossProfitRatio": 0.4819888382,
        "researchAndDevelopmentExpenses": 582000000,
        "generalAndAdministrativeExpenses": 171000000,
        "sellingAndMarketingExpenses": 1066000000,
        "sellingGeneralAndAdministrativeExpenses": 1237000000,
        "otherExpenses": 0,
        "operatingExpenses": 1819000000,
        "costAndExpenses": 2840000000,
        "interestIncome": 0,
        "interestExpense": 0,
        "depreciationAndAmortization": 29000000,
        "ebitda": 181000000,
        "ebitdaratio": 0.0918315576,
        "operatingIncome": 152000000,
        "operatingIncomeRatio": 0.0771182141,
        "totalOtherIncomeExpensesNet": 0,
        "incomeBeforeTax": 152000000,
        "incomeBeforeTaxRatio": 0.0771182141,
        "incomeTaxExpense": -8000000,
        "netIncome": 160000000,
        "netIncomeRatio": 0.0811770675,
        "eps": 0.29,
        "epsdiluted": 0.28,
        "weightedAverageShsOut": 555000000,
        "weightedAverageShsOutDil": 574000000,
        "link": "https://www.sec.gov/Archives/edgar/data/1054374/000119312512312411/0001193125-12-312411-index.html",
        "finalLink": "https://www.sec.gov/Archives/edgar/data/1054374/000119312512312411/d358498d10q.htm"
    },
    {
        "date": "2012-03-31",
        "symbol": "BRCM",
        "reportedCurrency": "USD",
        "cik": "0001054374",
        "fillingDate": "2012-05-01",
        "acceptedDate": "2012-05-01 16:52:20",
        "calendarYear": "2012",
        "period": "Q1",
        "revenue": 1827000000,
        "costOfRevenue": 918000000,
        "grossProfit": 909000000,
        "grossProfitRatio": 0.4975369458,
        "researchAndDevelopmentExpenses": 546000000,
        "generalAndAdministrativeExpenses": 179000000,
        "sellingAndMarketingExpenses": 1052000000,
        "sellingGeneralAndAdministrativeExpenses": 1231000000,
        "otherExpenses": 0,
        "operatingExpenses": 1777000000,
        "costAndExpenses": 2695000000,
        "interestIncome": 0,
        "interestExpense": 0,
        "depreciationAndAmortization": 28000000,
        "ebitda": 71000000,
        "ebitdaratio": 0.0388615216,
        "operatingIncome": 43000000,
        "operatingIncomeRatio": 0.0235358511,
        "totalOtherIncomeExpensesNet": 0,
        "incomeBeforeTax": 43000000,
        "incomeBeforeTaxRatio": 0.0235358511,
        "incomeTaxExpense": -45000000,
        "netIncome": 88000000,
        "netIncomeRatio": 0.048166393,
        "eps": 0.16,
        "epsdiluted": 0.15,
        "weightedAverageShsOut": 555000000,
        "weightedAverageShsOutDil": 574000000,
        "link": "https://www.sec.gov/Archives/edgar/data/1054374/000119312512201117/0001193125-12-201117-index.htm",
        "finalLink": "https://www.sec.gov/Archives/edgar/data/1054374/000119312512201117/d307502d10q.htm"
    },
    {
        "date": "2011-12-31",
        "symbol": "BRCM",
        "reportedCurrency": "USD",
        "cik": "0001054374",
        "fillingDate": "2012-02-01",
        "acceptedDate": "2012-02-01 06:30:36",
        "calendarYear": "2011",
        "period": "Q4",
        "revenue": 1820000000,
        "costOfRevenue": 894000000,
        "grossProfit": 926000000,
        "grossProfitRatio": 0.5087912088,
        "researchAndDevelopmentExpenses": 479000000,
        "generalAndAdministrativeExpenses": 157000000,
        "sellingAndMarketingExpenses": 905000000,
        "sellingGeneralAndAdministrativeExpenses": 1062000000,
        "otherExpenses": 0,
        "operatingExpenses": 1541000000,
        "costAndExpenses": 2435000000,
        "interestIncome": 0,
        "interestExpense": 0,
        "depreciationAndAmortization": 29000000,
        "ebitda": 305000000,
        "ebitdaratio": 0.1675824176,
        "operatingIncome": 276000000,
        "operatingIncomeRatio": 0.1516483516,
        "totalOtherIncomeExpensesNet": 0,
        "incomeBeforeTax": 276000000,
        "incomeBeforeTaxRatio": 0.1516483516,
        "incomeTaxExpense": 22000000,
        "netIncome": 254000000,
        "netIncomeRatio": 0.1395604396,
        "eps": 0.46,
        "epsdiluted": 0.44,
        "weightedAverageShsOut": 555000000,
        "weightedAverageShsOutDil": 574000000,
        "link": "https://www.sec.gov/Archives/edgar/data/1054374/000119312512033198/0001193125-12-033198-index.html",
        "finalLink": "https://www.sec.gov/Archives/edgar/data/1054374/000119312512033198/d257599d10k.htm"
    },
    {
        "date": "2011-09-30",
        "symbol": "BRCM",
        "reportedCurrency": "USD",
        "cik": "0001054374",
        "fillingDate": "2011-10-25",
        "acceptedDate": "2011-10-25 16:45:55",
        "calendarYear": "2011",
        "period": "Q3",
        "revenue": 1957000000,
        "costOfRevenue": 960000000,
        "grossProfit": 997000000,
        "grossProfitRatio": 0.5094532448,
        "researchAndDevelopmentExpenses": 502000000,
        "generalAndAdministrativeExpenses": 164000000,
        "sellingAndMarketingExpenses": 1021000000,
        "sellingGeneralAndAdministrativeExpenses": 1185000000,
        "otherExpenses": 0,
        "operatingExpenses": 1687000000,
        "costAndExpenses": 2647000000,
        "interestIncome": 0,
        "interestExpense": 0,
        "depreciationAndAmortization": 28000000,
        "ebitda": 304000000,
        "ebitdaratio": 0.1553398058,
        "operatingIncome": 276000000,
        "operatingIncomeRatio": 0.1410321921,
        "totalOtherIncomeExpensesNet": 0,
        "incomeBeforeTax": 276000000,
        "incomeBeforeTaxRatio": 0.1410321921,
        "incomeTaxExpense": 6000000,
        "netIncome": 270000000,
        "netIncomeRatio": 0.1379662749,
        "eps": 0.49,
        "epsdiluted": 0.47,
        "weightedAverageShsOut": 555000000,
        "weightedAverageShsOutDil": 574000000,
        "link": "https://www.sec.gov/Archives/edgar/data/1054374/000095012311091780/0000950123-11-091780-index.html",
        "finalLink": "https://www.sec.gov/Archives/edgar/data/1054374/000095012311091780/a60014e10vq.htm"
    },
    {
        "date": "2011-06-30",
        "symbol": "BRCM",
        "reportedCurrency": "USD",
        "cik": "0001054374",
        "fillingDate": "2011-07-25",
        "acceptedDate": "2011-07-25 16:38:27",
        "calendarYear": "2011",
        "period": "Q2",
        "revenue": 1796000000,
        "costOfRevenue": 877000000,
        "grossProfit": 919000000,
        "grossProfitRatio": 0.5116926503,
        "researchAndDevelopmentExpenses": 504000000,
        "generalAndAdministrativeExpenses": 182000000,
        "sellingAndMarketingExpenses": 939000000,
        "sellingGeneralAndAdministrativeExpenses": 1121000000,
        "otherExpenses": 0,
        "operatingExpenses": 1625000000,
        "costAndExpenses": 2502000000,
        "interestIncome": 0,
        "interestExpense": 0,
        "depreciationAndAmortization": 28000000,
        "ebitda": 200000000,
        "ebitdaratio": 0.1113585746,
        "operatingIncome": 172000000,
        "operatingIncomeRatio": 0.0957683742,
        "totalOtherIncomeExpensesNet": 0,
        "incomeBeforeTax": 172000000,
        "incomeBeforeTaxRatio": 0.0957683742,
        "incomeTaxExpense": -3000000,
        "netIncome": 175000000,
        "netIncomeRatio": 0.0974387528,
        "eps": 0.32,
        "epsdiluted": 0.3,
        "weightedAverageShsOut": 555000000,
        "weightedAverageShsOutDil": 574000000,
        "link": "https://www.sec.gov/Archives/edgar/data/1054374/000095012311067892/0000950123-11-067892-index.html",
        "finalLink": "https://www.sec.gov/Archives/edgar/data/1054374/000095012311067892/a59540e10vq.htm"
    },
    {
        "date": "2011-03-31",
        "symbol": "BRCM",
        "reportedCurrency": "USD",
        "cik": "0001054374",
        "fillingDate": "2011-04-26",
        "acceptedDate": "2011-04-26 16:56:00",
        "calendarYear": "2011",
        "period": "Q1",
        "revenue": 1816000000,
        "costOfRevenue": 895000000,
        "grossProfit": 921000000,
        "grossProfitRatio": 0.5071585903,
        "researchAndDevelopmentExpenses": 498000000,
        "generalAndAdministrativeExpenses": 179000000,
        "sellingAndMarketingExpenses": 906000000,
        "sellingGeneralAndAdministrativeExpenses": 1085000000,
        "otherExpenses": 0,
        "operatingExpenses": 1583000000,
        "costAndExpenses": 2478000000,
        "interestIncome": 0,
        "interestExpense": 0,
        "depreciationAndAmortization": 23000000,
        "ebitda": 255000000,
        "ebitdaratio": 0.1404185022,
        "operatingIncome": 232000000,
        "operatingIncomeRatio": 0.127753304,
        "totalOtherIncomeExpensesNet": 0,
        "incomeBeforeTax": 232000000,
        "incomeBeforeTaxRatio": 0.127753304,
        "incomeTaxExpense": 4000000,
        "netIncome": 228000000,
        "netIncomeRatio": 0.1255506608,
        "eps": 0.41,
        "epsdiluted": 0.4,
        "weightedAverageShsOut": 555000000,
        "weightedAverageShsOutDil": 574000000,
        "link": "https://www.sec.gov/Archives/edgar/data/1054374/000095012311039337/0000950123-11-039337-index.html",
        "finalLink": "https://www.sec.gov/Archives/edgar/data/1054374/000095012311039337/a58877e10vq.htm"
    },
    {
        "date": "2010-12-31",
        "symbol": "BRCM",
        "reportedCurrency": "USD",
        "cik": "0001054374",
        "fillingDate": "2011-02-02",
        "acceptedDate": "2011-02-02 15:22:23",
        "calendarYear": "2010",
        "period": "Q4",
        "revenue": 1945555000,
        "costOfRevenue": 955711000,
        "grossProfit": 989844000,
        "grossProfitRatio": 0.5087720471,
        "researchAndDevelopmentExpenses": 472260000,
        "generalAndAdministrativeExpenses": 168728000,
        "sellingAndMarketingExpenses": 1036458000,
        "sellingGeneralAndAdministrativeExpenses": 1205186000,
        "otherExpenses": 0,
        "operatingExpenses": 1677446000,
        "costAndExpenses": 2633157000,
        "interestIncome": 0,
        "interestExpense": 0,
        "depreciationAndAmortization": 20762000,
        "ebitda": 292610000,
        "ebitdaratio": 0.1503992434,
        "operatingIncome": 271848000,
        "operatingIncomeRatio": 0.1397277384,
        "totalOtherIncomeExpensesNet": 0,
        "incomeBeforeTax": 271848000,
        "incomeBeforeTaxRatio": 0.1397277384,
        "incomeTaxExpense": 5659000,
        "netIncome": 266189000,
        "netIncomeRatio": 0.1368190568,
        "eps": 0.48,
        "epsdiluted": 0.46,
        "weightedAverageShsOut": 555000000,
        "weightedAverageShsOutDil": 574000000,
        "link": "https://www.sec.gov/Archives/edgar/data/1054374/000095012311008273/0000950123-11-008273-index.htm",
        "finalLink": "https://www.sec.gov/Archives/edgar/data/1054374/000095012311008273/a57872e10vk.htm"
    },
    {
        "date": "2010-09-30",
        "symbol": "BRCM",
        "reportedCurrency": "USD",
        "cik": "0001054374",
        "fillingDate": "2010-10-26",
        "acceptedDate": "2010-10-26 16:22:10",
        "calendarYear": "2010",
        "period": "Q3",
        "revenue": 1806017000,
        "costOfRevenue": 871951000,
        "grossProfit": 934066000,
        "grossProfitRatio": 0.517196682,
        "researchAndDevelopmentExpenses": 447577000,
        "generalAndAdministrativeExpenses": 145849000,
        "sellingAndMarketingExpenses": 878141000,
        "sellingGeneralAndAdministrativeExpenses": 1023990000,
        "otherExpenses": 0,
        "operatingExpenses": 1471567000,
        "costAndExpenses": 2343518000,
        "interestIncome": 0,
        "interestExpense": 0,
        "depreciationAndAmortization": 19716000,
        "ebitda": 356233000,
        "ebitdaratio": 0.1972478664,
        "operatingIncome": 336517000,
        "operatingIncomeRatio": 0.1863310257,
        "totalOtherIncomeExpensesNet": 0,
        "incomeBeforeTax": 336517000,
        "incomeBeforeTaxRatio": 0.1863310257,
        "incomeTaxExpense": 9388000,
        "netIncome": 327129000,
        "netIncomeRatio": 0.1811328465,
        "eps": 0.59,
        "epsdiluted": 0.57,
        "weightedAverageShsOut": 555000000,
        "weightedAverageShsOutDil": 574000000,
        "link": "https://www.sec.gov/Archives/edgar/data/1054374/000095012310096130/0000950123-10-096130-index.htm",
        "finalLink": "https://www.sec.gov/Archives/edgar/data/1054374/000095012310096130/a57143e10vq.htm"
    },
    {
        "date": "2010-06-30",
        "symbol": "BRCM",
        "reportedCurrency": "USD",
        "cik": "0001054374",
        "fillingDate": "2010-07-27",
        "acceptedDate": "2010-07-27 17:06:24",
        "calendarYear": "2010",
        "period": "Q2",
        "revenue": 1604448000,
        "costOfRevenue": 761229000,
        "grossProfit": 843219000,
        "grossProfitRatio": 0.5255508437,
        "researchAndDevelopmentExpenses": 421642000,
        "generalAndAdministrativeExpenses": 143087000,
        "sellingAndMarketingExpenses": 767750000,
        "sellingGeneralAndAdministrativeExpenses": 910837000,
        "otherExpenses": 0,
        "operatingExpenses": 1332479000,
        "costAndExpenses": 2093708000,
        "interestIncome": 0,
        "interestExpense": 0,
        "depreciationAndAmortization": 18281000,
        "ebitda": 294732000,
        "ebitdaratio": 0.1836968228,
        "operatingIncome": 276451000,
        "operatingIncomeRatio": 0.172302873,
        "totalOtherIncomeExpensesNet": 0,
        "incomeBeforeTax": 276451000,
        "incomeBeforeTaxRatio": 0.172302873,
        "incomeTaxExpense": -1867000,
        "netIncome": 278318000,
        "netIncomeRatio": 0.1734665131,
        "eps": 0.5,
        "epsdiluted": 0.48,
        "weightedAverageShsOut": 555000000,
        "weightedAverageShsOutDil": 574000000,
        "link": "https://www.sec.gov/Archives/edgar/data/1054374/000095012310068586/0000950123-10-068586-index.html",
        "finalLink": "https://www.sec.gov/Archives/edgar/data/1054374/000095012310068586/a55958e10vq.htm"
    },
    {
        "date": "2010-03-31",
        "symbol": "BRCM",
        "reportedCurrency": "USD",
        "cik": "0001054374",
        "fillingDate": "2010-04-27",
        "acceptedDate": "2010-04-27 17:17:45",
        "calendarYear": "2010",
        "period": "Q1",
        "revenue": 1462299000,
        "costOfRevenue": 695322000,
        "grossProfit": 766977000,
        "grossProfitRatio": 0.5245008032,
        "researchAndDevelopmentExpenses": 420844000,
        "generalAndAdministrativeExpenses": 132908000,
        "sellingAndMarketingExpenses": 701215000,
        "sellingGeneralAndAdministrativeExpenses": 834123000,
        "otherExpenses": 0,
        "operatingExpenses": 1254967000,
        "costAndExpenses": 1950289000,
        "interestIncome": 0,
        "interestExpense": 0,
        "depreciationAndAmortization": 19973000,
        "ebitda": 232477000,
        "ebitdaratio": 0.1589804821,
        "operatingIncome": 212504000,
        "operatingIncomeRatio": 0.1453218528,
        "totalOtherIncomeExpensesNet": 0,
        "incomeBeforeTax": 212504000,
        "incomeBeforeTaxRatio": 0.1453218528,
        "incomeTaxExpense": 2340000,
        "netIncome": 210164000,
        "netIncomeRatio": 0.1437216329,
        "eps": 0.38,
        "epsdiluted": 0.37,
        "weightedAverageShsOut": 555000000,
        "weightedAverageShsOutDil": 574000000,
        "link": "https://www.sec.gov/Archives/edgar/data/1054374/000095012310038903/0000950123-10-038903-index.html",
        "finalLink": "https://www.sec.gov/Archives/edgar/data/1054374/000095012310038903/a55373e10vq.htm"
    },
    {
        "date": "2009-12-31",
        "symbol": "BRCM",
        "reportedCurrency": "USD",
        "cik": "0001054374",
        "fillingDate": "2010-02-03",
        "acceptedDate": "2010-02-03 17:02:31",
        "calendarYear": "2009",
        "period": "Q4",
        "revenue": 1342746000,
        "costOfRevenue": 630259000,
        "grossProfit": 712487000,
        "grossProfitRatio": 0.5306193427,
        "researchAndDevelopmentExpenses": 396254000,
        "generalAndAdministrativeExpenses": 84424000,
        "sellingAndMarketingExpenses": 803245000,
        "sellingGeneralAndAdministrativeExpenses": 887669000,
        "otherExpenses": 0,
        "operatingExpenses": 1283923000,
        "costAndExpenses": 1914182000,
        "interestIncome": 0,
        "interestExpense": 0,
        "depreciationAndAmortization": 27121000,
        "ebitda": 88214000,
        "ebitdaratio": 0.065696714,
        "operatingIncome": 61093000,
        "operatingIncomeRatio": 0.045498553,
        "totalOtherIncomeExpensesNet": 0,
        "incomeBeforeTax": 61093000,
        "incomeBeforeTaxRatio": 0.045498553,
        "incomeTaxExpense": 1889000,
        "netIncome": 59204000,
        "netIncomeRatio": 0.0440917344,
        "eps": 0.11,
        "epsdiluted": 0.1,
        "weightedAverageShsOut": 555000000,
        "weightedAverageShsOutDil": 574000000,
        "link": "https://www.sec.gov/Archives/edgar/data/1054374/000095012310008370/0000950123-10-008370-index.html",
        "finalLink": "https://www.sec.gov/Archives/edgar/data/1054374/000095012310008370/a53724e10vk.htm"
    },
    {
        "date": "2009-09-30",
        "symbol": "BRCM",
        "reportedCurrency": "USD",
        "cik": "0001054374",
        "fillingDate": "2009-10-22",
        "acceptedDate": "2009-10-22 16:22:49",
        "calendarYear": "2009",
        "period": "Q3",
        "revenue": 1254197000,
        "costOfRevenue": 615349000,
        "grossProfit": 638848000,
        "grossProfitRatio": 0.5093681455,
        "researchAndDevelopmentExpenses": 391170000,
        "generalAndAdministrativeExpenses": 142480000,
        "sellingAndMarketingExpenses": 631914000,
        "sellingGeneralAndAdministrativeExpenses": 774394000,
        "otherExpenses": 0,
        "operatingExpenses": 1165564000,
        "costAndExpenses": 1780913000,
        "interestIncome": 0,
        "interestExpense": 0,
        "depreciationAndAmortization": 11273000,
        "ebitda": 102706000,
        "ebitdaratio": 0.0818898467,
        "operatingIncome": 91433000,
        "operatingIncomeRatio": 0.0729016255,
        "totalOtherIncomeExpensesNet": 0,
        "incomeBeforeTax": 91433000,
        "incomeBeforeTaxRatio": 0.0729016255,
        "incomeTaxExpense": 6837000,
        "netIncome": 84596000,
        "netIncomeRatio": 0.0674503288,
        "eps": 0.17,
        "epsdiluted": 0.17,
        "weightedAverageShsOut": 493599000,
        "weightedAverageShsOutDil": 493599000,
        "link": "https://www.sec.gov/Archives/edgar/data/1054374/000095012309052329/0000950123-09-052329-index.html",
        "finalLink": "https://www.sec.gov/Archives/edgar/data/1054374/000095012309052329/a53204e10vq.htm"
    },
    {
        "date": "2009-06-30",
        "symbol": "BRCM",
        "reportedCurrency": "USD",
        "cik": "0001054374",
        "fillingDate": "2009-07-24",
        "acceptedDate": "2009-07-23 19:01:42",
        "calendarYear": "2009",
        "period": "Q2",
        "revenue": 1039944000,
        "costOfRevenue": 518674000,
        "grossProfit": 521270000,
        "grossProfitRatio": 0.5012481441,
        "researchAndDevelopmentExpenses": 374770000,
        "generalAndAdministrativeExpenses": 127410000,
        "sellingAndMarketingExpenses": 984812000,
        "sellingGeneralAndAdministrativeExpenses": 1112222000,
        "otherExpenses": 0,
        "operatingExpenses": 1486992000,
        "costAndExpenses": 1040715000,
        "interestIncome": 0,
        "interestExpense": 0,
        "depreciationAndAmortization": 14292000,
        "ebitda": 30946000,
        "ebitdaratio": 0.0297573716,
        "operatingIncome": 16654000,
        "operatingIncomeRatio": 0.0160143238,
        "totalOtherIncomeExpensesNet": 0,
        "incomeBeforeTax": 16654000,
        "incomeBeforeTaxRatio": 0.0160143238,
        "incomeTaxExpense": 3253000,
        "netIncome": 13401000,
        "netIncomeRatio": 0.0128862708,
        "eps": 0.0272,
        "epsdiluted": 0.0272,
        "weightedAverageShsOut": 492652000,
        "weightedAverageShsOutDil": 492652000,
        "link": "https://www.sec.gov/Archives/edgar/data/1054374/000095012309024912/0000950123-09-024912-index.html",
        "finalLink": "https://www.sec.gov/Archives/edgar/data/1054374/000095012309024912/a51999e10vq.htm"
    },
    {
        "date": "2009-03-31",
        "symbol": "BRCM",
        "reportedCurrency": "USD",
        "cik": "0001054374",
        "fillingDate": "2009-04-21",
        "acceptedDate": "2009-04-21 16:27:25",
        "calendarYear": "2009",
        "period": "Q1",
        "revenue": 853436000,
        "costOfRevenue": 446277000,
        "grossProfit": 407159000,
        "grossProfitRatio": 0.4770820542,
        "researchAndDevelopmentExpenses": 372724000,
        "generalAndAdministrativeExpenses": 125048000,
        "sellingAndMarketingExpenses": 0,
        "sellingGeneralAndAdministrativeExpenses": 125048000,
        "otherExpenses": 0,
        "operatingExpenses": 497772000,
        "costAndExpenses": 944049000,
        "interestIncome": 0,
        "interestExpense": 0,
        "depreciationAndAmortization": 21749000,
        "ebitda": -75240000,
        "ebitdaratio": -0.0881612681,
        "operatingIncome": -96989000,
        "operatingIncomeRatio": -0.1136453114,
        "totalOtherIncomeExpensesNet": 0,
        "incomeBeforeTax": -96989000,
        "incomeBeforeTaxRatio": -0.1136453114,
        "incomeTaxExpense": -5049000,
        "netIncome": -91940000,
        "netIncomeRatio": -0.1077292263,
        "eps": -0.19,
        "epsdiluted": -0.19,
        "weightedAverageShsOut": 490195000,
        "weightedAverageShsOutDil": 490195000,
        "link": "https://www.sec.gov/Archives/edgar/data/1054374/000089256909000455/0000892569-09-000455-index.html",
        "finalLink": "https://www.sec.gov/Archives/edgar/data/1054374/000089256909000455/a52229e10vq.htm"
    },
    {
        "date": "2008-12-31",
        "symbol": "BRCM",
        "reportedCurrency": "USD",
        "cik": "0001054374",
        "fillingDate": "2009-02-04",
        "acceptedDate": "2009-02-03 19:56:17",
        "calendarYear": "2008",
        "period": "Q4",
        "revenue": 1126509000,
        "costOfRevenue": 557797000,
        "grossProfit": 568712000,
        "grossProfitRatio": 0.5048446129,
        "researchAndDevelopmentExpenses": 382666000,
        "generalAndAdministrativeExpenses": 147213000,
        "sellingAndMarketingExpenses": 0,
        "sellingGeneralAndAdministrativeExpenses": 147213000,
        "otherExpenses": 0,
        "operatingExpenses": 529879000,
        "costAndExpenses": 1087676000,
        "interestIncome": 0,
        "interestExpense": 0,
        "depreciationAndAmortization": 23307000,
        "ebitda": -133456000,
        "ebitdaratio": -0.1184686496,
        "operatingIncome": -156763000,
        "operatingIncomeRatio": -0.1391582313,
        "totalOtherIncomeExpensesNet": 0,
        "incomeBeforeTax": -156763000,
        "incomeBeforeTaxRatio": -0.1391582313,
        "incomeTaxExpense": 2452000,
        "netIncome": -159215000,
        "netIncomeRatio": -0.1413348673,
        "eps": -0.31,
        "epsdiluted": -0.31,
        "weightedAverageShsOut": 511414285,
        "weightedAverageShsOutDil": 511414285,
        "link": "https://www.sec.gov/Archives/edgar/data/1054374/000095013409001749/0000950134-09-001749-index.html",
        "finalLink": "https://www.sec.gov/Archives/edgar/data/1054374/000095013409001749/a50623e10vk.htm"
    },
    {
        "date": "2008-09-30",
        "symbol": "BRCM",
        "reportedCurrency": "USD",
        "cik": "0001054374",
        "fillingDate": "2008-10-22",
        "acceptedDate": "2008-10-22 06:03:26",
        "calendarYear": "2008",
        "period": "Q3",
        "revenue": 1298475000,
        "costOfRevenue": 619459000,
        "grossProfit": 679016000,
        "grossProfitRatio": 0.5229334412,
        "researchAndDevelopmentExpenses": 379279000,
        "generalAndAdministrativeExpenses": 141941000,
        "sellingAndMarketingExpenses": 0,
        "sellingGeneralAndAdministrativeExpenses": 141941000,
        "otherExpenses": 0,
        "operatingExpenses": 521220000,
        "costAndExpenses": 1140679000,
        "interestIncome": 0,
        "interestExpense": 0,
        "depreciationAndAmortization": 19565000,
        "ebitda": 185659000,
        "ebitdaratio": 0.1429823447,
        "operatingIncome": 166094000,
        "operatingIncomeRatio": 0.1279146691,
        "totalOtherIncomeExpensesNet": 0,
        "incomeBeforeTax": 166094000,
        "incomeBeforeTaxRatio": 0.1279146691,
        "incomeTaxExpense": 1188000,
        "netIncome": 164906000,
        "netIncomeRatio": 0.1269997497,
        "eps": 0.32,
        "epsdiluted": 0.32,
        "weightedAverageShsOut": 517418000,
        "weightedAverageShsOutDil": 517418000,
        "link": "https://www.sec.gov/Archives/edgar/data/1054374/000095013408018252/0000950134-08-018252-index.html",
        "finalLink": "https://www.sec.gov/Archives/edgar/data/1054374/000095013408018252/a50153e10vq.htm"
    },
    {
        "date": "2008-06-30",
        "symbol": "BRCM",
        "reportedCurrency": "USD",
        "cik": "0001054374",
        "fillingDate": "2008-07-23",
        "acceptedDate": "2008-07-23 06:01:27",
        "calendarYear": "2008",
        "period": "Q2",
        "revenue": 1200931000,
        "costOfRevenue": 554596000,
        "grossProfit": 646335000,
        "grossProfitRatio": 0.5381949504,
        "researchAndDevelopmentExpenses": 380035000,
        "generalAndAdministrativeExpenses": 142017000,
        "sellingAndMarketingExpenses": 0,
        "sellingGeneralAndAdministrativeExpenses": 142017000,
        "otherExpenses": 0,
        "operatingExpenses": 522052000,
        "costAndExpenses": 1076648000,
        "interestIncome": 0,
        "interestExpense": 0,
        "depreciationAndAmortization": 18115000,
        "ebitda": 153551000,
        "ebitdaratio": 0.1278599686,
        "operatingIncome": 135436000,
        "operatingIncomeRatio": 0.1127758381,
        "totalOtherIncomeExpensesNet": 0,
        "incomeBeforeTax": 135436000,
        "incomeBeforeTaxRatio": 0.1127758381,
        "incomeTaxExpense": 647000,
        "netIncome": 134789000,
        "netIncomeRatio": 0.1122370894,
        "eps": 0.26,
        "epsdiluted": 0.26,
        "weightedAverageShsOut": 521606000,
        "weightedAverageShsOutDil": 521606000,
        "link": "https://www.sec.gov/Archives/edgar/data/1054374/000095013408013120/0000950134-08-013120-index.html",
        "finalLink": "https://www.sec.gov/Archives/edgar/data/1054374/000095013408013120/a42310e10vq.htm"
    },
    {
        "date": "2008-03-31",
        "symbol": "BRCM",
        "reportedCurrency": "USD",
        "cik": "0001054374",
        "fillingDate": "2008-04-24",
        "acceptedDate": "2008-04-24 06:02:28",
        "calendarYear": "2008",
        "period": "Q1",
        "revenue": 1032210000,
        "costOfRevenue": 481163000,
        "grossProfit": 551047000,
        "grossProfitRatio": 0.5338516387,
        "researchAndDevelopmentExpenses": 355688000,
        "generalAndAdministrativeExpenses": 111946000,
        "sellingAndMarketingExpenses": 0,
        "sellingGeneralAndAdministrativeExpenses": 111946000,
        "otherExpenses": 0,
        "operatingExpenses": 467634000,
        "costAndExpenses": 948797000,
        "interestIncome": 0,
        "interestExpense": 0,
        "depreciationAndAmortization": 17249000,
        "ebitda": 94797000,
        "ebitdaratio": 0.09183887,
        "operatingIncome": 77548000,
        "operatingIncomeRatio": 0.0751281232,
        "totalOtherIncomeExpensesNet": 0,
        "incomeBeforeTax": 77548000,
        "incomeBeforeTaxRatio": 0.0751281232,
        "incomeTaxExpense": 3234000,
        "netIncome": 74314000,
        "netIncomeRatio": 0.0719950398,
        "eps": 0.14,
        "epsdiluted": 0.14,
        "weightedAverageShsOut": 530338000,
        "weightedAverageShsOutDil": 530338000,
        "link": "https://www.sec.gov/Archives/edgar/data/1054374/000095013408007222/0000950134-08-007222-index.html",
        "finalLink": "https://www.sec.gov/Archives/edgar/data/1054374/000095013408007222/a40066e10vq.htm"
    },
    {
        "date": "2007-12-31",
        "symbol": "BRCM",
        "reportedCurrency": "USD",
        "cik": "0001054374",
        "fillingDate": "2008-01-28",
        "acceptedDate": "2008-01-28 17:27:23",
        "calendarYear": "2007",
        "period": "Q4",
        "revenue": 1027035000,
        "costOfRevenue": 488222000,
        "grossProfit": 538813000,
        "grossProfitRatio": 0.5246296377,
        "researchAndDevelopmentExpenses": 363285000,
        "generalAndAdministrativeExpenses": 119324000,
        "sellingAndMarketingExpenses": 0,
        "sellingGeneralAndAdministrativeExpenses": 119324000,
        "otherExpenses": 0,
        "operatingExpenses": 482609000,
        "costAndExpenses": 970831000,
        "interestIncome": 0,
        "interestExpense": 0,
        "depreciationAndAmortization": 16782000,
        "ebitda": 108365000,
        "ebitdaratio": 0.1055124704,
        "operatingIncome": 91583000,
        "operatingIncomeRatio": 0.0891722288,
        "totalOtherIncomeExpensesNet": 0,
        "incomeBeforeTax": 91583000,
        "incomeBeforeTaxRatio": 0.0891722288,
        "incomeTaxExpense": 1248000,
        "netIncome": 90335000,
        "netIncomeRatio": 0.0879570803,
        "eps": 0.17,
        "epsdiluted": 0.17,
        "weightedAverageShsOut": 547030769,
        "weightedAverageShsOutDil": 547030769,
        "link": "https://www.sec.gov/Archives/edgar/data/1054374/000089256908000087/0000892569-08-000087-index.htm",
        "finalLink": "https://www.sec.gov/Archives/edgar/data/1054374/000089256908000087/a37170e10vk.htm"
    },
    {
        "date": "2007-09-30",
        "symbol": "BRCM",
        "reportedCurrency": "USD",
        "cik": "0001054374",
        "fillingDate": "2007-10-24",
        "acceptedDate": "2007-10-24 17:27:51",
        "calendarYear": "2007",
        "period": "Q3",
        "revenue": 949959000,
        "costOfRevenue": 465970000,
        "grossProfit": 483989000,
        "grossProfitRatio": 0.5094840935,
        "researchAndDevelopmentExpenses": 352283000,
        "generalAndAdministrativeExpenses": 124907000,
        "sellingAndMarketingExpenses": 0,
        "sellingGeneralAndAdministrativeExpenses": 124907000,
        "otherExpenses": 0,
        "operatingExpenses": 477190000,
        "costAndExpenses": 943160000,
        "interestIncome": 0,
        "interestExpense": 0,
        "depreciationAndAmortization": 15712000,
        "ebitda": 47000000,
        "ebitdaratio": 0.0494758195,
        "operatingIncome": 31288000,
        "operatingIncomeRatio": 0.0329361583,
        "totalOtherIncomeExpensesNet": 0,
        "incomeBeforeTax": 31288000,
        "incomeBeforeTaxRatio": 0.0329361583,
        "incomeTaxExpense": 3528000,
        "netIncome": 27760000,
        "netIncomeRatio": 0.0292223138,
        "eps": 0.0511,
        "epsdiluted": 0.0511,
        "weightedAverageShsOut": 542881000,
        "weightedAverageShsOutDil": 542881000,
        "link": "https://www.sec.gov/Archives/edgar/data/1054374/000089256907001318/0000892569-07-001318-index.html",
        "finalLink": "https://www.sec.gov/Archives/edgar/data/1054374/000089256907001318/a34712e10vq.htm"
    },
    {
        "date": "2007-06-30",
        "symbol": "BRCM",
        "reportedCurrency": "USD",
        "cik": "0001054374",
        "fillingDate": "2007-07-20",
        "acceptedDate": "2007-07-20 17:17:14",
        "calendarYear": "2007",
        "period": "Q2",
        "revenue": 897920000,
        "costOfRevenue": 437037000,
        "grossProfit": 460883000,
        "grossProfitRatio": 0.5132784658,
        "researchAndDevelopmentExpenses": 332130000,
        "generalAndAdministrativeExpenses": 119859000,
        "sellingAndMarketingExpenses": 0,
        "sellingGeneralAndAdministrativeExpenses": 119859000,
        "otherExpenses": 0,
        "operatingExpenses": 451989000,
        "costAndExpenses": 889026000,
        "interestIncome": 0,
        "interestExpense": 0,
        "depreciationAndAmortization": 15725000,
        "ebitda": 47765000,
        "ebitdaratio": 0.0531951622,
        "operatingIncome": 32040000,
        "operatingIncomeRatio": 0.0356824661,
        "totalOtherIncomeExpensesNet": 0,
        "incomeBeforeTax": 32040000,
        "incomeBeforeTaxRatio": 0.0356824661,
        "incomeTaxExpense": -2216000,
        "netIncome": 34256000,
        "netIncomeRatio": 0.038150392,
        "eps": 0.0629,
        "epsdiluted": 0.0629,
        "weightedAverageShsOut": 544356000,
        "weightedAverageShsOutDil": 544356000,
        "link": "https://www.sec.gov/Archives/edgar/data/1054374/000089256907000946/0000892569-07-000946-index.html",
        "finalLink": "https://www.sec.gov/Archives/edgar/data/1054374/000089256907000946/a32032e10vq.htm"
    },
    {
        "date": "2007-03-31",
        "symbol": "BRCM",
        "reportedCurrency": "USD",
        "cik": "0001054374",
        "fillingDate": "2007-05-01",
        "acceptedDate": "2007-05-01 08:04:02",
        "calendarYear": "2007",
        "period": "Q1",
        "revenue": 901481000,
        "costOfRevenue": 440949000,
        "grossProfit": 460532000,
        "grossProfitRatio": 0.5108615711,
        "researchAndDevelopmentExpenses": 300810000,
        "generalAndAdministrativeExpenses": 128647000,
        "sellingAndMarketingExpenses": 0,
        "sellingGeneralAndAdministrativeExpenses": 128647000,
        "otherExpenses": 0,
        "operatingExpenses": 429457000,
        "costAndExpenses": 870406000,
        "interestIncome": 0,
        "interestExpense": 0,
        "depreciationAndAmortization": 13299000,
        "ebitda": 77844000,
        "ebitdaratio": 0.0863512376,
        "operatingIncome": 64545000,
        "operatingIncomeRatio": 0.0715988468,
        "totalOtherIncomeExpensesNet": 0,
        "incomeBeforeTax": 64545000,
        "incomeBeforeTaxRatio": 0.0715988468,
        "incomeTaxExpense": 3554000,
        "netIncome": 60991000,
        "netIncomeRatio": 0.0676564453,
        "eps": 0.11,
        "epsdiluted": 0.11,
        "weightedAverageShsOut": 547860000,
        "weightedAverageShsOutDil": 547860000,
        "link": "https://www.sec.gov/Archives/edgar/data/1054374/000089256907000550/0000892569-07-000550-index.html",
        "finalLink": "https://www.sec.gov/Archives/edgar/data/1054374/000089256907000550/a29440e10vq.htm"
    },
    {
        "date": "2003-12-31",
        "symbol": "BRCM",
        "reportedCurrency": "USD",
        "cik": "0001054374",
        "fillingDate": "2004-03-15",
        "acceptedDate": "2004-03-15 16:47:20",
        "calendarYear": "2003",
        "period": "Q4",
        "revenue": 479119000,
        "costOfRevenue": 243195000,
        "grossProfit": 235924000,
        "grossProfitRatio": 0.4924121147,
        "researchAndDevelopmentExpenses": 114235000,
        "generalAndAdministrativeExpenses": 51330000,
        "sellingAndMarketingExpenses": 0,
        "sellingGeneralAndAdministrativeExpenses": 51330000,
        "otherExpenses": 0,
        "operatingExpenses": 165565000,
        "costAndExpenses": 408760000,
        "interestIncome": 0,
        "interestExpense": 0,
        "depreciationAndAmortization": 18108000,
        "ebitda": 26660000,
        "ebitdaratio": 0.0556437962,
        "operatingIncome": 8552000,
        "operatingIncomeRatio": 0.0178494278,
        "totalOtherIncomeExpensesNet": 0,
        "incomeBeforeTax": 8552000,
        "incomeBeforeTaxRatio": 0.0178494278,
        "incomeTaxExpense": 2471000,
        "netIncome": 6081000,
        "netIncomeRatio": 0.0126920452,
        "eps": 0.0208,
        "epsdiluted": 0.0208,
        "weightedAverageShsOut": 291752279,
        "weightedAverageShsOutDil": 291752279,
        "link": "https://www.sec.gov/Archives/edgar/data/1054374/000089256904000339/0000892569-04-000339-index.html",
        "finalLink": "https://www.sec.gov/Archives/edgar/data/1054374/000089256904000339/a96011e10vk.htm"
    },
    {
        "date": "2003-09-30",
        "symbol": "BRCM",
        "reportedCurrency": "USD",
        "cik": "0001054374",
        "fillingDate": "2003-11-07",
        "acceptedDate": "2003-11-07 17:10:23",
        "calendarYear": "2003",
        "period": "Q3",
        "revenue": 425633000,
        "costOfRevenue": 217708000,
        "grossProfit": 207925000,
        "grossProfitRatio": 0.488507705,
        "researchAndDevelopmentExpenses": 110282000,
        "generalAndAdministrativeExpenses": 50076000,
        "sellingAndMarketingExpenses": 0,
        "sellingGeneralAndAdministrativeExpenses": 50076000,
        "otherExpenses": 0,
        "operatingExpenses": 160358000,
        "costAndExpenses": 378066000,
        "interestIncome": 0,
        "interestExpense": 0,
        "depreciationAndAmortization": 17954000,
        "ebitda": 18319000,
        "ebitdaratio": 0.043039426,
        "operatingIncome": 365000,
        "operatingIncomeRatio": 0.0008575463,
        "totalOtherIncomeExpensesNet": 0,
        "incomeBeforeTax": 365000,
        "incomeBeforeTaxRatio": 0.0008575463,
        "incomeTaxExpense": 6663000,
        "netIncome": -6298000,
        "netIncomeRatio": -0.014796785,
        "eps": -0.0219,
        "epsdiluted": -0.0219,
        "weightedAverageShsOut": 287791000,
        "weightedAverageShsOutDil": 287791000,
        "link": "https://www.sec.gov/Archives/edgar/data/1054374/000089256903002518/0000892569-03-002518-index.html",
        "finalLink": "https://www.sec.gov/Archives/edgar/data/1054374/000089256903002518/a94297e10vq.htm"
    },
    {
        "date": "2003-06-30",
        "symbol": "BRCM",
        "reportedCurrency": "USD",
        "cik": "0001054374",
        "fillingDate": "2003-08-11",
        "acceptedDate": "2003-08-11 17:29:58",
        "calendarYear": "2003",
        "period": "Q2",
        "revenue": 377879000,
        "costOfRevenue": 206853000,
        "grossProfit": 171026000,
        "grossProfitRatio": 0.4525946136,
        "researchAndDevelopmentExpenses": 106378000,
        "generalAndAdministrativeExpenses": 47373000,
        "sellingAndMarketingExpenses": 0,
        "sellingGeneralAndAdministrativeExpenses": 47373000,
        "otherExpenses": 0,
        "operatingExpenses": 153751000,
        "costAndExpenses": 360604000,
        "interestIncome": 0,
        "interestExpense": 0,
        "depreciationAndAmortization": 16883000,
        "ebitda": -868181000,
        "ebitdaratio": -2.2975105788,
        "operatingIncome": -885064000,
        "operatingIncomeRatio": -2.3421889017,
        "totalOtherIncomeExpensesNet": 0,
        "incomeBeforeTax": -885064000,
        "incomeBeforeTaxRatio": -2.3421889017,
        "incomeTaxExpense": 6678000,
        "netIncome": -891742000,
        "netIncomeRatio": -2.3598612254,
        "eps": -3.15,
        "epsdiluted": -3.15,
        "weightedAverageShsOut": 283031000,
        "weightedAverageShsOutDil": 283031000,
        "link": "https://www.sec.gov/Archives/edgar/data/1054374/000089256903001907/0000892569-03-001907-index.html",
        "finalLink": "https://www.sec.gov/Archives/edgar/data/1054374/000089256903001907/a91717e10vq.htm"
    },
    {
        "date": "2003-03-31",
        "symbol": "BRCM",
        "reportedCurrency": "USD",
        "cik": "0001054374",
        "fillingDate": "2003-05-15",
        "acceptedDate": "2003-05-15 16:48:34",
        "calendarYear": "2003",
        "period": "Q1",
        "revenue": 327464000,
        "costOfRevenue": 172020000,
        "grossProfit": 155444000,
        "grossProfitRatio": 0.4746903476,
        "researchAndDevelopmentExpenses": 103123000,
        "generalAndAdministrativeExpenses": 41359000,
        "sellingAndMarketingExpenses": 0,
        "sellingGeneralAndAdministrativeExpenses": 41359000,
        "otherExpenses": 0,
        "operatingExpenses": 144482000,
        "costAndExpenses": 316502000,
        "interestIncome": 0,
        "interestExpense": 0,
        "depreciationAndAmortization": 17292000,
        "ebitda": -41299000,
        "ebitdaratio": -0.1261176801,
        "operatingIncome": -58591000,
        "operatingIncomeRatio": -0.1789234847,
        "totalOtherIncomeExpensesNet": 0,
        "incomeBeforeTax": -58591000,
        "incomeBeforeTaxRatio": -0.1789234847,
        "incomeTaxExpense": 9315000,
        "netIncome": -67906000,
        "netIncomeRatio": -0.2073693597,
        "eps": -0.25,
        "epsdiluted": -0.25,
        "weightedAverageShsOut": 276317000,
        "weightedAverageShsOutDil": 276317000,
        "link": "https://www.sec.gov/Archives/edgar/data/1054374/000089256903001354/0000892569-03-001354-index.html",
        "finalLink": "https://www.sec.gov/Archives/edgar/data/1054374/000089256903001354/a90156e10vq.htm"
    },
    {
        "date": "2002-12-31",
        "symbol": "BRCM",
        "reportedCurrency": "USD",
        "cik": "0001054374",
        "fillingDate": "2003-03-31",
        "acceptedDate": "2003-03-31 16:30:27",
        "calendarYear": "2002",
        "period": "Q4",
        "revenue": 295945000,
        "costOfRevenue": 165071000,
        "grossProfit": 130874000,
        "grossProfitRatio": 0.4422240619,
        "researchAndDevelopmentExpenses": 117045000,
        "generalAndAdministrativeExpenses": 41827000,
        "sellingAndMarketingExpenses": 0,
        "sellingGeneralAndAdministrativeExpenses": 41827000,
        "otherExpenses": 0,
        "operatingExpenses": 158872000,
        "costAndExpenses": 323943000,
        "interestIncome": 0,
        "interestExpense": 0,
        "depreciationAndAmortization": 17083000,
        "ebitda": -1460092000,
        "ebitdaratio": -4.9336599706,
        "operatingIncome": -1477175000,
        "operatingIncomeRatio": -4.9913835341,
        "totalOtherIncomeExpensesNet": 0,
        "incomeBeforeTax": -1477175000,
        "incomeBeforeTaxRatio": -4.9913835341,
        "incomeTaxExpense": 280656000,
        "netIncome": -1757831000,
        "netIncomeRatio": -5.9397219078,
        "eps": -6.56,
        "epsdiluted": -6.56,
        "weightedAverageShsOut": 267853413,
        "weightedAverageShsOutDil": 267853413,
        "link": "https://www.sec.gov/Archives/edgar/data/1054374/000089256903000851/0000892569-03-000851-index.html",
        "finalLink": "https://www.sec.gov/Archives/edgar/data/1054374/000089256903000851/a87034e10vk.htm"
    },
    {
        "date": "2002-09-30",
        "symbol": "BRCM",
        "reportedCurrency": "USD",
        "cik": "0001054374",
        "fillingDate": "2002-11-14",
        "acceptedDate": "2002-11-14 16:41:52",
        "calendarYear": "2002",
        "period": "Q3",
        "revenue": 290000000,
        "costOfRevenue": 161627000,
        "grossProfit": 128373000,
        "grossProfitRatio": 0.4426655172,
        "researchAndDevelopmentExpenses": 118338000,
        "generalAndAdministrativeExpenses": 42359000,
        "sellingAndMarketingExpenses": 0,
        "sellingGeneralAndAdministrativeExpenses": 42359000,
        "otherExpenses": 0,
        "operatingExpenses": 160697000,
        "costAndExpenses": 322324000,
        "interestIncome": 0,
        "interestExpense": 0,
        "depreciationAndAmortization": 17791000,
        "ebitda": -159420000,
        "ebitdaratio": -0.5497241379,
        "operatingIncome": -177211000,
        "operatingIncomeRatio": -0.6110724138,
        "totalOtherIncomeExpensesNet": 0,
        "incomeBeforeTax": -177211000,
        "incomeBeforeTaxRatio": -0.6110724138,
        "incomeTaxExpense": 6049000,
        "netIncome": -183260000,
        "netIncomeRatio": -0.6319310345,
        "eps": -0.69,
        "epsdiluted": -0.69,
        "weightedAverageShsOut": 265820000,
        "weightedAverageShsOutDil": 265820000,
        "link": "https://www.sec.gov/Archives/edgar/data/1054374/000089256902002319/0000892569-02-002319-index.html",
        "finalLink": "https://www.sec.gov/Archives/edgar/data/1054374/000089256902002319/a86011e10vq.htm"
    },
    {
        "date": "2002-06-30",
        "symbol": "BRCM",
        "reportedCurrency": "USD",
        "cik": "0001054374",
        "fillingDate": "2002-08-14",
        "acceptedDate": "2002-08-14 17:56:57",
        "calendarYear": "2002",
        "period": "Q2",
        "revenue": 497003000,
        "costOfRevenue": 277699000,
        "grossProfit": 219304000,
        "grossProfitRatio": 0.4412528697,
        "researchAndDevelopmentExpenses": 226421000,
        "generalAndAdministrativeExpenses": 81081000,
        "sellingAndMarketingExpenses": 0,
        "sellingGeneralAndAdministrativeExpenses": 81081000,
        "otherExpenses": 0,
        "operatingExpenses": 307502000,
        "costAndExpenses": 585201000,
        "interestIncome": 0,
        "interestExpense": 0,
        "depreciationAndAmortization": -23177000,
        "ebitda": -307773000,
        "ebitdaratio": -0.6192578314,
        "operatingIncome": -284596000,
        "operatingIncomeRatio": -0.5726243101,
        "totalOtherIncomeExpensesNet": 0,
        "incomeBeforeTax": -284596000,
        "incomeBeforeTaxRatio": -0.5726243101,
        "incomeTaxExpense": 10889000,
        "netIncome": -295485000,
        "netIncomeRatio": -0.5945336346,
        "eps": -1.12,
        "epsdiluted": -1.12,
        "weightedAverageShsOut": 263678000,
        "weightedAverageShsOutDil": 263678000,
        "link": "https://www.sec.gov/Archives/edgar/data/1054374/000089256902001800/0000892569-02-001800-index.html",
        "finalLink": "https://www.sec.gov/Archives/edgar/data/1054374/000089256902001800/a83699e10vq.htm"
    }
]