[
    {
        "date": "2025-08-30",
        "symbol": "BSET",
        "reportedCurrency": "USD",
        "cik": "0000010329",
        "fillingDate": "2025-10-08",
        "acceptedDate": "2025-10-08 16:06:22",
        "calendarYear": "2025",
        "period": "Q3",
        "revenue": 80103000,
        "costOfRevenue": 35109000,
        "grossProfit": 44994000,
        "grossProfitRatio": 0.5617018089,
        "researchAndDevelopmentExpenses": 0,
        "generalAndAdministrativeExpenses": 0,
        "sellingAndMarketingExpenses": 0,
        "sellingGeneralAndAdministrativeExpenses": 44401000,
        "otherExpenses": 0,
        "operatingExpenses": 44401000,
        "costAndExpenses": 79510000,
        "interestIncome": 472000,
        "interestExpense": 0,
        "depreciationAndAmortization": 2148000,
        "ebitda": 3243000,
        "ebitdaratio": 0.0404853751,
        "operatingIncome": 593000,
        "operatingIncomeRatio": 0.0074029687,
        "totalOtherIncomeExpensesNet": 502000,
        "incomeBeforeTax": 1095000,
        "incomeBeforeTaxRatio": 0.0136699,
        "incomeTaxExpense": 294000,
        "netIncome": 801000,
        "netIncomeRatio": 0.0099996255,
        "eps": 0.0926,
        "epsdiluted": 0.0923,
        "weightedAverageShsOut": 8678770,
        "weightedAverageShsOutDil": 8706435,
        "link": "https://www.sec.gov/Archives/edgar/data/10329/000143774925030703/0001437749-25-030703-index.htm",
        "finalLink": "https://www.sec.gov/Archives/edgar/data/10329/000143774925030703/bset20250830_10q.htm"
    },
    {
        "date": "2025-05-31",
        "symbol": "BSET",
        "reportedCurrency": "USD",
        "cik": "0000010329",
        "fillingDate": "2025-07-10",
        "acceptedDate": "2025-07-10 08:39:22",
        "calendarYear": "2025",
        "period": "Q2",
        "revenue": 84348000,
        "costOfRevenue": 37439000,
        "grossProfit": 46909000,
        "grossProfitRatio": 0.5561364822,
        "researchAndDevelopmentExpenses": 0,
        "generalAndAdministrativeExpenses": 0,
        "sellingAndMarketingExpenses": 0,
        "sellingGeneralAndAdministrativeExpenses": 44412000,
        "otherExpenses": 0,
        "operatingExpenses": 44412000,
        "costAndExpenses": 81851000,
        "interestIncome": 521000,
        "interestExpense": 0,
        "depreciationAndAmortization": 2232000,
        "ebitda": 4828000,
        "ebitdaratio": 0.0572390572,
        "operatingIncome": 2497000,
        "operatingIncomeRatio": 0.0296035472,
        "totalOtherIncomeExpensesNet": 99000,
        "incomeBeforeTax": 2596000,
        "incomeBeforeTaxRatio": 0.0307772561,
        "incomeTaxExpense": 678000,
        "netIncome": 1918000,
        "netIncomeRatio": 0.0227391284,
        "eps": 0.22,
        "epsdiluted": 0.22,
        "weightedAverageShsOut": 8678770,
        "weightedAverageShsOutDil": 8706435,
        "link": "https://www.sec.gov/Archives/edgar/data/10329/000143774925022483/0001437749-25-022483-index.htm",
        "finalLink": "https://www.sec.gov/Archives/edgar/data/10329/000143774925022483/bset20250531_10q.htm"
    },
    {
        "date": "2025-03-01",
        "symbol": "BSET",
        "reportedCurrency": "USD",
        "cik": "0000010329",
        "fillingDate": "2025-04-03",
        "acceptedDate": "2025-04-03 06:04:40",
        "calendarYear": "2025",
        "period": "Q1",
        "revenue": 82162000,
        "costOfRevenue": 35332000,
        "grossProfit": 46830000,
        "grossProfitRatio": 0.5699715197,
        "researchAndDevelopmentExpenses": 0,
        "generalAndAdministrativeExpenses": 0,
        "sellingAndMarketingExpenses": 0,
        "sellingGeneralAndAdministrativeExpenses": 44375000,
        "otherExpenses": 0,
        "operatingExpenses": 44375000,
        "costAndExpenses": 79707000,
        "interestIncome": 559000,
        "interestExpense": 0,
        "depreciationAndAmortization": 2246000,
        "ebitda": 4701000,
        "ebitdaratio": 0.0572162313,
        "operatingIncome": 2455000,
        "operatingIncomeRatio": 0.0298799932,
        "totalOtherIncomeExpensesNet": 100000,
        "incomeBeforeTax": 2555000,
        "incomeBeforeTaxRatio": 0.0310971008,
        "incomeTaxExpense": 701000,
        "netIncome": 1854000,
        "netIncomeRatio": 0.0225651761,
        "eps": 0.21,
        "epsdiluted": 0.21,
        "weightedAverageShsOut": 8678770,
        "weightedAverageShsOutDil": 8706435,
        "link": "https://www.sec.gov/Archives/edgar/data/10329/000143774925010822/0001437749-25-010822-index.htm",
        "finalLink": "https://www.sec.gov/Archives/edgar/data/10329/000143774925010822/bset20250301_10q.htm"
    },
    {
        "date": "2024-11-30",
        "symbol": "BSET",
        "reportedCurrency": "USD",
        "cik": "0000010329",
        "fillingDate": "2025-02-10",
        "acceptedDate": "2025-02-10 09:09:49",
        "calendarYear": "2024",
        "period": "Q4",
        "revenue": 84340000,
        "costOfRevenue": 36645000,
        "grossProfit": 47695000,
        "grossProfitRatio": 0.5655086554,
        "researchAndDevelopmentExpenses": 0,
        "generalAndAdministrativeExpenses": 32238000,
        "sellingAndMarketingExpenses": 13256000,
        "sellingGeneralAndAdministrativeExpenses": 45494000,
        "otherExpenses": 1294000,
        "operatingExpenses": 46788000,
        "costAndExpenses": 83433000,
        "interestIncome": 598000,
        "interestExpense": 30000,
        "depreciationAndAmortization": 2305000,
        "ebitda": -1614000,
        "ebitdaratio": -0.0191368271,
        "operatingIncome": 907000,
        "operatingIncomeRatio": 0.0107540906,
        "totalOtherIncomeExpensesNet": 313000,
        "incomeBeforeTax": 1220000,
        "incomeBeforeTaxRatio": 0.0144652597,
        "incomeTaxExpense": -1984000,
        "netIncome": 3204000,
        "netIncomeRatio": 0.0379890918,
        "eps": 1.47,
        "epsdiluted": 1.47,
        "weightedAverageShsOut": 8762815,
        "weightedAverageShsOutDil": 8762815,
        "link": "https://www.sec.gov/Archives/edgar/data/10329/000143774925003216/0001437749-25-003216-index.htm",
        "finalLink": "https://www.sec.gov/Archives/edgar/data/10329/000143774925003216/bset20241130_10k.htm"
    },
    {
        "date": "2024-08-31",
        "symbol": "BSET",
        "reportedCurrency": "USD",
        "cik": "0000010329",
        "fillingDate": "2024-10-10",
        "acceptedDate": "2024-10-10 08:57:47",
        "calendarYear": "2024",
        "period": "Q3",
        "revenue": 75619000,
        "costOfRevenue": 35526000,
        "grossProfit": 40093000,
        "grossProfitRatio": 0.5301974372,
        "researchAndDevelopmentExpenses": 0,
        "generalAndAdministrativeExpenses": 0,
        "sellingAndMarketingExpenses": 0,
        "sellingGeneralAndAdministrativeExpenses": 45210000,
        "otherExpenses": 1240000,
        "operatingExpenses": 46450000,
        "costAndExpenses": 81976000,
        "interestIncome": 692000,
        "interestExpense": 0,
        "depreciationAndAmortization": 2322000,
        "ebitda": -3452000,
        "ebitdaratio": -0.0456499028,
        "operatingIncome": -6357000,
        "operatingIncomeRatio": -0.0840661738,
        "totalOtherIncomeExpensesNet": 583000,
        "incomeBeforeTax": -5774000,
        "incomeBeforeTaxRatio": -0.0763564713,
        "incomeTaxExpense": -1269000,
        "netIncome": -4505000,
        "netIncomeRatio": -0.0595749745,
        "eps": -0.52,
        "epsdiluted": -0.52,
        "weightedAverageShsOut": 8762815,
        "weightedAverageShsOutDil": 8762815,
        "link": "https://www.sec.gov/Archives/edgar/data/10329/000143774924031014/0001437749-24-031014-index.htm",
        "finalLink": "https://www.sec.gov/Archives/edgar/data/10329/000143774924031014/bset20240831d_10q.htm"
    },
    {
        "date": "2024-06-01",
        "symbol": "BSET",
        "reportedCurrency": "USD",
        "cik": "0000010329",
        "fillingDate": "2024-07-11",
        "acceptedDate": "2024-07-11 08:04:12",
        "calendarYear": "2024",
        "period": "Q2",
        "revenue": 83410000,
        "costOfRevenue": 39650000,
        "grossProfit": 43760000,
        "grossProfitRatio": 0.5246373337,
        "researchAndDevelopmentExpenses": 0,
        "generalAndAdministrativeExpenses": 0,
        "sellingAndMarketingExpenses": 0,
        "sellingGeneralAndAdministrativeExpenses": 46707000,
        "otherExpenses": 5515000,
        "operatingExpenses": 52222000,
        "costAndExpenses": 91872000,
        "interestIncome": 627000,
        "interestExpense": 0,
        "depreciationAndAmortization": 2627000,
        "ebitda": -5484000,
        "ebitdaratio": -0.0657475123,
        "operatingIncome": -8462000,
        "operatingIncomeRatio": -0.1014506654,
        "totalOtherIncomeExpensesNet": 351000,
        "incomeBeforeTax": -8111000,
        "incomeBeforeTaxRatio": -0.0972425369,
        "incomeTaxExpense": -910000,
        "netIncome": -7201000,
        "netIncomeRatio": -0.086332574,
        "eps": -0.82,
        "epsdiluted": -0.82,
        "weightedAverageShsOut": 8762815,
        "weightedAverageShsOutDil": 8762815,
        "link": "https://www.sec.gov/Archives/edgar/data/10329/000143774924022523/0001437749-24-022523-index.htm",
        "finalLink": "https://www.sec.gov/Archives/edgar/data/10329/000143774924022523/bset20240525_10q.htm"
    },
    {
        "date": "2024-03-02",
        "symbol": "BSET",
        "reportedCurrency": "USD",
        "cik": "0000010329",
        "fillingDate": "2024-04-03",
        "acceptedDate": "2024-04-03 09:41:25",
        "calendarYear": "2024",
        "period": "Q1",
        "revenue": 86554000,
        "costOfRevenue": 38687000,
        "grossProfit": 47867000,
        "grossProfitRatio": 0.5530304781,
        "researchAndDevelopmentExpenses": 0,
        "generalAndAdministrativeExpenses": 0,
        "sellingAndMarketingExpenses": 0,
        "sellingGeneralAndAdministrativeExpenses": 50224000,
        "otherExpenses": 0,
        "operatingExpenses": 50224000,
        "costAndExpenses": 88911000,
        "interestIncome": 756000,
        "interestExpense": 0,
        "depreciationAndAmortization": 2664000,
        "ebitda": 307000,
        "ebitdaratio": 0.0035469187,
        "operatingIncome": -2357000,
        "operatingIncomeRatio": -0.0272315549,
        "totalOtherIncomeExpensesNet": 652000,
        "incomeBeforeTax": -1705000,
        "incomeBeforeTaxRatio": -0.0196986852,
        "incomeTaxExpense": -512000,
        "netIncome": -1193000,
        "netIncomeRatio": -0.0137833029,
        "eps": -0.14,
        "epsdiluted": -0.14,
        "weightedAverageShsOut": 8740637,
        "weightedAverageShsOutDil": 8740637,
        "link": "https://www.sec.gov/Archives/edgar/data/10329/000143774924010760/0001437749-24-010760-index.htm",
        "finalLink": "https://www.sec.gov/Archives/edgar/data/10329/000143774924010760/bset20240224_10q.htm"
    },
    {
        "date": "2023-11-25",
        "symbol": "BSET",
        "reportedCurrency": "USD",
        "cik": "0000010329",
        "fillingDate": "2024-01-25",
        "acceptedDate": "2024-01-25 16:58:47",
        "calendarYear": "2023",
        "period": "Q4",
        "revenue": 94702000,
        "costOfRevenue": 43288000,
        "grossProfit": 51414000,
        "grossProfitRatio": 0.542903001,
        "researchAndDevelopmentExpenses": 0,
        "generalAndAdministrativeExpenses": 31412000,
        "sellingAndMarketingExpenses": 19106000,
        "sellingGeneralAndAdministrativeExpenses": 50518000,
        "otherExpenses": 1509000,
        "operatingExpenses": 52027000,
        "costAndExpenses": 99215000,
        "interestIncome": 884000,
        "interestExpense": 21000,
        "depreciationAndAmortization": 2639000,
        "ebitda": -1491000,
        "ebitdaratio": -0.0157441237,
        "operatingIncome": -117000,
        "operatingIncomeRatio": -0.0012354544,
        "totalOtherIncomeExpensesNet": -4012000,
        "incomeBeforeTax": -4129000,
        "incomeBeforeTaxRatio": -0.043599924,
        "incomeTaxExpense": -28000,
        "netIncome": -4101000,
        "netIncomeRatio": -0.0433042597,
        "eps": -0.47,
        "epsdiluted": -0.47,
        "weightedAverageShsOut": 8768221,
        "weightedAverageShsOutDil": 8768221,
        "link": "https://www.sec.gov/Archives/edgar/data/10329/000143774924002203/0001437749-24-002203-index.htm",
        "finalLink": "https://www.sec.gov/Archives/edgar/data/10329/000143774924002203/bset20231125_10k.htm"
    },
    {
        "date": "2023-08-26",
        "symbol": "BSET",
        "reportedCurrency": "USD",
        "cik": "0000010329",
        "fillingDate": "2023-09-28",
        "acceptedDate": "2023-09-28 09:24:34",
        "calendarYear": "2023",
        "period": "Q3",
        "revenue": 87217000,
        "costOfRevenue": 42173000,
        "grossProfit": 45044000,
        "grossProfitRatio": 0.5164589472,
        "researchAndDevelopmentExpenses": 0,
        "generalAndAdministrativeExpenses": 0,
        "sellingAndMarketingExpenses": 0,
        "sellingGeneralAndAdministrativeExpenses": 48848000,
        "otherExpenses": 0,
        "operatingExpenses": 48848000,
        "costAndExpenses": 91021000,
        "interestIncome": 923000,
        "interestExpense": 0,
        "depreciationAndAmortization": 2593000,
        "ebitda": -597000,
        "ebitdaratio": -0.0068449958,
        "operatingIncome": -3804000,
        "operatingIncomeRatio": -0.0436153502,
        "totalOtherIncomeExpensesNet": 614000,
        "incomeBeforeTax": -3190000,
        "incomeBeforeTaxRatio": -0.0365754383,
        "incomeTaxExpense": -599000,
        "netIncome": -2591000,
        "netIncomeRatio": -0.0297075112,
        "eps": -0.3,
        "epsdiluted": -0.3,
        "weightedAverageShsOut": 8736096,
        "weightedAverageShsOutDil": 8736096,
        "link": "https://www.sec.gov/Archives/edgar/data/10329/000143774923026976/0001437749-23-026976-index.htm",
        "finalLink": "https://www.sec.gov/Archives/edgar/data/10329/000143774923026976/bset20230826_10q.htm"
    },
    {
        "date": "2023-05-27",
        "symbol": "BSET",
        "reportedCurrency": "USD",
        "cik": "0000010329",
        "fillingDate": "2023-06-29",
        "acceptedDate": "2023-06-29 09:12:34",
        "calendarYear": "2023",
        "period": "Q2",
        "revenue": 100519000,
        "costOfRevenue": 47686000,
        "grossProfit": 52833000,
        "grossProfitRatio": 0.525602125,
        "researchAndDevelopmentExpenses": 0,
        "generalAndAdministrativeExpenses": 0,
        "sellingAndMarketingExpenses": 0,
        "sellingGeneralAndAdministrativeExpenses": 51366000,
        "otherExpenses": -1013000,
        "operatingExpenses": 50353000,
        "costAndExpenses": 98039000,
        "interestIncome": 569000,
        "interestExpense": 0,
        "depreciationAndAmortization": 2569000,
        "ebitda": 5113000,
        "ebitdaratio": 0.0508660054,
        "operatingIncome": 2480000,
        "operatingIncomeRatio": 0.0246719526,
        "totalOtherIncomeExpensesNet": 64000,
        "incomeBeforeTax": 2544000,
        "incomeBeforeTaxRatio": 0.0253086481,
        "incomeTaxExpense": 468000,
        "netIncome": 2076000,
        "netIncomeRatio": 0.0206528119,
        "eps": 0.24,
        "epsdiluted": 0.24,
        "weightedAverageShsOut": 8810178,
        "weightedAverageShsOutDil": 8822031,
        "link": "https://www.sec.gov/Archives/edgar/data/10329/000143774923018839/0001437749-23-018839-index.htm",
        "finalLink": "https://www.sec.gov/Archives/edgar/data/10329/000143774923018839/bset20230527_10q.htm"
    },
    {
        "date": "2023-02-25",
        "symbol": "BSET",
        "reportedCurrency": "USD",
        "cik": "0000010329",
        "fillingDate": "2023-03-30",
        "acceptedDate": "2023-03-30 09:16:54",
        "calendarYear": "2023",
        "period": "Q1",
        "revenue": 107698000,
        "costOfRevenue": 50501000,
        "grossProfit": 57197000,
        "grossProfitRatio": 0.5310869283,
        "researchAndDevelopmentExpenses": 0,
        "generalAndAdministrativeExpenses": 0,
        "sellingAndMarketingExpenses": 0,
        "sellingGeneralAndAdministrativeExpenses": 54495000,
        "otherExpenses": 0,
        "operatingExpenses": 54495000,
        "costAndExpenses": 104996000,
        "interestIncome": 152000,
        "interestExpense": 0,
        "depreciationAndAmortization": 2340000,
        "ebitda": 5042000,
        "ebitdaratio": 0.0468160969,
        "operatingIncome": 2702000,
        "operatingIncomeRatio": 0.0250886739,
        "totalOtherIncomeExpensesNet": -415000,
        "incomeBeforeTax": 2287000,
        "incomeBeforeTaxRatio": 0.0212353061,
        "incomeTaxExpense": 842000,
        "netIncome": 1445000,
        "netIncomeRatio": 0.013417148,
        "eps": 0.16,
        "epsdiluted": 0.16,
        "weightedAverageShsOut": 8867881,
        "weightedAverageShsOutDil": 8897003,
        "link": "https://www.sec.gov/Archives/edgar/data/10329/000143774923008529/0001437749-23-008529-index.htm",
        "finalLink": "https://www.sec.gov/Archives/edgar/data/10329/000143774923008529/bset20230225_10q.htm"
    },
    {
        "date": "2022-11-26",
        "symbol": "BSET",
        "reportedCurrency": "USD",
        "cik": "0000010329",
        "fillingDate": "2023-01-24",
        "acceptedDate": "2023-01-24 09:18:17",
        "calendarYear": "2022",
        "period": "Q4",
        "revenue": 121019000,
        "costOfRevenue": 56783000,
        "grossProfit": 64236000,
        "grossProfitRatio": 0.5307926854,
        "researchAndDevelopmentExpenses": 0,
        "generalAndAdministrativeExpenses": 40957000,
        "sellingAndMarketingExpenses": 16698000,
        "sellingGeneralAndAdministrativeExpenses": 57533000,
        "otherExpenses": 0,
        "operatingExpenses": 57533000,
        "costAndExpenses": 114316000,
        "interestIncome": 302000,
        "interestExpense": 38000,
        "depreciationAndAmortization": 2577000,
        "ebitda": 13110000,
        "ebitdaratio": 0.1083300969,
        "operatingIncome": 6703000,
        "operatingIncomeRatio": 0.0553879969,
        "totalOtherIncomeExpensesNet": 1047000,
        "incomeBeforeTax": 7750000,
        "incomeBeforeTaxRatio": 0.064039531,
        "incomeTaxExpense": 2197000,
        "netIncome": 5026000,
        "netIncomeRatio": 0.0415306687,
        "eps": 0.55,
        "epsdiluted": 0.55,
        "weightedAverageShsOut": 9138182,
        "weightedAverageShsOutDil": 9138182,
        "link": "https://www.sec.gov/Archives/edgar/data/10329/000143774923001642/0001437749-23-001642-index.htm",
        "finalLink": "https://www.sec.gov/Archives/edgar/data/10329/000143774923001642/bset20230109_10k.htm"
    },
    {
        "date": "2022-08-27",
        "symbol": "BSET",
        "reportedCurrency": "USD",
        "cik": "0000010329",
        "fillingDate": "2022-09-29",
        "acceptedDate": "2022-09-29 09:33:15",
        "calendarYear": "2022",
        "period": "Q3",
        "revenue": 118012000,
        "costOfRevenue": 57240000,
        "grossProfit": 60772000,
        "grossProfitRatio": 0.5149645799,
        "researchAndDevelopmentExpenses": 0,
        "generalAndAdministrativeExpenses": 0,
        "sellingAndMarketingExpenses": 0,
        "sellingGeneralAndAdministrativeExpenses": 54695000,
        "otherExpenses": -4595000,
        "operatingExpenses": 50100000,
        "costAndExpenses": 107340000,
        "interestIncome": 120000,
        "interestExpense": 0,
        "depreciationAndAmortization": 2667000,
        "ebitda": 12745000,
        "ebitdaratio": 0.1079974918,
        "operatingIncome": 10672000,
        "operatingIncomeRatio": 0.0904314815,
        "totalOtherIncomeExpensesNet": -594000,
        "incomeBeforeTax": 10078000,
        "incomeBeforeTaxRatio": 0.0853980951,
        "incomeTaxExpense": 2305000,
        "netIncome": 7628000,
        "netIncomeRatio": 0.0646374945,
        "eps": 0.82,
        "epsdiluted": 0.82,
        "weightedAverageShsOut": 9238185,
        "weightedAverageShsOutDil": 9267112,
        "link": "https://www.sec.gov/Archives/edgar/data/10329/000143774922023207/0001437749-22-023207-index.htm",
        "finalLink": "https://www.sec.gov/Archives/edgar/data/10329/000143774922023207/bset20220827_10q.htm"
    },
    {
        "date": "2022-05-28",
        "symbol": "BSET",
        "reportedCurrency": "USD",
        "cik": "0000010329",
        "fillingDate": "2022-06-30",
        "acceptedDate": "2022-06-30 09:07:02",
        "calendarYear": "2022",
        "period": "Q2",
        "revenue": 128706000,
        "costOfRevenue": 62767000,
        "grossProfit": 65939000,
        "grossProfitRatio": 0.5123226578,
        "researchAndDevelopmentExpenses": 0,
        "generalAndAdministrativeExpenses": 0,
        "sellingAndMarketingExpenses": 0,
        "sellingGeneralAndAdministrativeExpenses": 54927000,
        "otherExpenses": 0,
        "operatingExpenses": 54927000,
        "costAndExpenses": 117694000,
        "interestIncome": 0,
        "interestExpense": 0,
        "depreciationAndAmortization": 2410000,
        "ebitda": 13422000,
        "ebitdaratio": 0.1042841826,
        "operatingIncome": 11012000,
        "operatingIncomeRatio": 0.0855593368,
        "totalOtherIncomeExpensesNet": -627000,
        "incomeBeforeTax": 10385000,
        "incomeBeforeTaxRatio": 0.080687769,
        "incomeTaxExpense": 2642000,
        "netIncome": 47118000,
        "netIncomeRatio": 0.366090159,
        "eps": 4.95,
        "epsdiluted": 4.94,
        "weightedAverageShsOut": 9521085,
        "weightedAverageShsOutDil": 9534023,
        "link": "https://www.sec.gov/Archives/edgar/data/10329/000143774922016232/0001437749-22-016232-index.htm",
        "finalLink": "https://www.sec.gov/Archives/edgar/data/10329/000143774922016232/bset20220528b_10q.htm"
    },
    {
        "date": "2022-02-26",
        "symbol": "BSET",
        "reportedCurrency": "USD",
        "cik": "0000010329",
        "fillingDate": "2022-03-31",
        "acceptedDate": "2022-03-31 11:21:07",
        "calendarYear": "2022",
        "period": "Q1",
        "revenue": 117864000,
        "costOfRevenue": 60471000,
        "grossProfit": 57393000,
        "grossProfitRatio": 0.4869425779,
        "researchAndDevelopmentExpenses": 0,
        "generalAndAdministrativeExpenses": 0,
        "sellingAndMarketingExpenses": 0,
        "sellingGeneralAndAdministrativeExpenses": 50915000,
        "otherExpenses": 0,
        "operatingExpenses": 50915000,
        "costAndExpenses": 111386000,
        "interestIncome": 0,
        "interestExpense": 0,
        "depreciationAndAmortization": 3655000,
        "ebitda": 10133000,
        "ebitdaratio": 0.0859719677,
        "operatingIncome": 6478000,
        "operatingIncomeRatio": 0.0549616507,
        "totalOtherIncomeExpensesNet": -629000,
        "incomeBeforeTax": 5849000,
        "incomeBeforeTaxRatio": 0.0496249915,
        "incomeTaxExpense": 1558000,
        "netIncome": 5573000,
        "netIncomeRatio": 0.0472833096,
        "eps": 0.57,
        "epsdiluted": 0.57,
        "weightedAverageShsOut": 9750432,
        "weightedAverageShsOutDil": 9758977,
        "link": "https://www.sec.gov/Archives/edgar/data/10329/000143774922007786/0001437749-22-007786-index.htm",
        "finalLink": "https://www.sec.gov/Archives/edgar/data/10329/000143774922007786/bset20220226_10q.htm"
    },
    {
        "date": "2021-11-27",
        "symbol": "BSET",
        "reportedCurrency": "USD",
        "cik": "0000010329",
        "fillingDate": "2022-01-31",
        "acceptedDate": "2022-01-31 11:37:37",
        "calendarYear": "2021",
        "period": "Q4",
        "revenue": 114364000,
        "costOfRevenue": 56373000,
        "grossProfit": 57991000,
        "grossProfitRatio": 0.5070739044,
        "researchAndDevelopmentExpenses": 0,
        "generalAndAdministrativeExpenses": 36266000,
        "sellingAndMarketingExpenses": 15228000,
        "sellingGeneralAndAdministrativeExpenses": 51494000,
        "otherExpenses": -137000,
        "operatingExpenses": 51357000,
        "costAndExpenses": 107760000,
        "interestIncome": 48000,
        "interestExpense": 33000,
        "depreciationAndAmortization": 4139000,
        "ebitda": 10133000,
        "ebitdaratio": 0.0886030569,
        "operatingIncome": 6604000,
        "operatingIncomeRatio": 0.0577454444,
        "totalOtherIncomeExpensesNet": -642000,
        "incomeBeforeTax": 5962000,
        "incomeBeforeTaxRatio": 0.0521317897,
        "incomeTaxExpense": 1257000,
        "netIncome": 5041000,
        "netIncomeRatio": 0.0440785562,
        "eps": 0.52,
        "epsdiluted": 0.52,
        "weightedAverageShsOut": 9694231,
        "weightedAverageShsOutDil": 9694231,
        "link": "https://www.sec.gov/Archives/edgar/data/10329/000143774922001938/0001437749-22-001938-index.htm",
        "finalLink": "https://www.sec.gov/Archives/edgar/data/10329/000143774922001938/bset20211127_10k.htm"
    },
    {
        "date": "2021-08-28",
        "symbol": "BSET",
        "reportedCurrency": "USD",
        "cik": "0000010329",
        "fillingDate": "2021-09-30",
        "acceptedDate": "2021-09-30 10:21:03",
        "calendarYear": "2021",
        "period": "Q3",
        "revenue": 104870000,
        "costOfRevenue": 52263000,
        "grossProfit": 52607000,
        "grossProfitRatio": 0.5016401259,
        "researchAndDevelopmentExpenses": 0,
        "generalAndAdministrativeExpenses": 51164000,
        "sellingAndMarketingExpenses": 0,
        "sellingGeneralAndAdministrativeExpenses": 47631000,
        "otherExpenses": 0,
        "operatingExpenses": 47631000,
        "costAndExpenses": 99894000,
        "interestIncome": 0,
        "interestExpense": 347000,
        "depreciationAndAmortization": 3565000,
        "ebitda": 8273000,
        "ebitdaratio": 0.0788881472,
        "operatingIncome": 4976000,
        "operatingIncomeRatio": 0.0474492228,
        "totalOtherIncomeExpensesNet": -268000,
        "incomeBeforeTax": 4708000,
        "incomeBeforeTaxRatio": 0.0448936779,
        "incomeTaxExpense": 1267000,
        "netIncome": 3016000,
        "netIncomeRatio": 0.0287594164,
        "eps": 0.31,
        "epsdiluted": 0.31,
        "weightedAverageShsOut": 9779928,
        "weightedAverageShsOutDil": 9785343,
        "link": "https://www.sec.gov/Archives/edgar/data/10329/000143774921022879/0001437749-21-022879-index.htm",
        "finalLink": "https://www.sec.gov/Archives/edgar/data/10329/000143774921022879/bset20210828_10q.htm"
    },
    {
        "date": "2021-05-29",
        "symbol": "BSET",
        "reportedCurrency": "USD",
        "cik": "0000010329",
        "fillingDate": "2021-07-01",
        "acceptedDate": "2021-07-01 13:12:56",
        "calendarYear": "2021",
        "period": "Q2",
        "revenue": 109997000,
        "costOfRevenue": 52911000,
        "grossProfit": 57086000,
        "grossProfitRatio": 0.5189777903,
        "researchAndDevelopmentExpenses": 0,
        "generalAndAdministrativeExpenses": 50001000,
        "sellingAndMarketingExpenses": 0,
        "sellingGeneralAndAdministrativeExpenses": 50001000,
        "otherExpenses": 0,
        "operatingExpenses": 50001000,
        "costAndExpenses": 102912000,
        "interestIncome": 0,
        "interestExpense": 0,
        "depreciationAndAmortization": 3562000,
        "ebitda": 10388000,
        "ebitdaratio": 0.0944389392,
        "operatingIncome": 7085000,
        "operatingIncomeRatio": 0.0644108476,
        "totalOtherIncomeExpensesNet": -259000,
        "incomeBeforeTax": 6826000,
        "incomeBeforeTaxRatio": 0.0620562379,
        "incomeTaxExpense": 1749000,
        "netIncome": 5974000,
        "netIncomeRatio": 0.0543105721,
        "eps": 0.6,
        "epsdiluted": 0.6,
        "weightedAverageShsOut": 9894627,
        "weightedAverageShsOutDil": 9900103,
        "link": "https://www.sec.gov/Archives/edgar/data/10329/000143774921016166/0001437749-21-016166-index.htm",
        "finalLink": "https://www.sec.gov/Archives/edgar/data/10329/000143774921016166/bset20210529_10q.htm"
    },
    {
        "date": "2021-02-27",
        "symbol": "BSET",
        "reportedCurrency": "USD",
        "cik": "0000010329",
        "fillingDate": "2021-04-01",
        "acceptedDate": "2021-04-01 09:29:14",
        "calendarYear": "2021",
        "period": "Q1",
        "revenue": 101655000,
        "costOfRevenue": 48252000,
        "grossProfit": 53403000,
        "grossProfitRatio": 0.5253356943,
        "researchAndDevelopmentExpenses": 0,
        "generalAndAdministrativeExpenses": 59400000,
        "sellingAndMarketingExpenses": -11558000,
        "sellingGeneralAndAdministrativeExpenses": 47842000,
        "otherExpenses": 0,
        "operatingExpenses": 47842000,
        "costAndExpenses": 96094000,
        "interestIncome": 0,
        "interestExpense": 337000,
        "depreciationAndAmortization": 3331000,
        "ebitda": 8593000,
        "ebitdaratio": 0.0845310118,
        "operatingIncome": 5561000,
        "operatingIncomeRatio": 0.0547046382,
        "totalOtherIncomeExpensesNet": -299000,
        "incomeBeforeTax": 5262000,
        "incomeBeforeTaxRatio": 0.0517633171,
        "incomeTaxExpense": 1564000,
        "netIncome": 4011000,
        "netIncomeRatio": 0.0394569869,
        "eps": 0.4,
        "epsdiluted": 0.4,
        "weightedAverageShsOut": 9919518,
        "weightedAverageShsOutDil": 9939805,
        "link": "https://www.sec.gov/Archives/edgar/data/10329/000143774921007948/0001437749-21-007948-index.htm",
        "finalLink": "https://www.sec.gov/Archives/edgar/data/10329/000143774921007948/bset20210227_10q.htm"
    },
    {
        "date": "2020-11-28",
        "symbol": "BSET",
        "reportedCurrency": "USD",
        "cik": "0000010329",
        "fillingDate": "2021-01-21",
        "acceptedDate": "2021-01-21 09:40:01",
        "calendarYear": "2020",
        "period": "Q4",
        "revenue": 118383000,
        "costOfRevenue": 50427000,
        "grossProfit": 67956000,
        "grossProfitRatio": 0.5740351233,
        "researchAndDevelopmentExpenses": 0,
        "generalAndAdministrativeExpenses": 57907000,
        "sellingAndMarketingExpenses": 0,
        "sellingGeneralAndAdministrativeExpenses": 57907000,
        "otherExpenses": 0,
        "operatingExpenses": 57907000,
        "costAndExpenses": 108334000,
        "interestIncome": 0,
        "interestExpense": 133000,
        "depreciationAndAmortization": 3231000,
        "ebitda": 13082000,
        "ebitdaratio": 0.1105057314,
        "operatingIncome": 10049000,
        "operatingIncomeRatio": 0.0848854988,
        "totalOtherIncomeExpensesNet": -133000,
        "incomeBeforeTax": 9916000,
        "incomeBeforeTaxRatio": 0.0837620266,
        "incomeTaxExpense": 3373000,
        "netIncome": 6543000,
        "netIncomeRatio": 0.05526976,
        "eps": 0.65,
        "epsdiluted": 0.65,
        "weightedAverageShsOut": 10066154,
        "weightedAverageShsOutDil": 10066154,
        "link": "https://www.sec.gov/Archives/edgar/data/10329/000143774921000971/0001437749-21-000971-index.htm",
        "finalLink": "https://www.sec.gov/Archives/edgar/data/10329/000143774921000971/bset20201128_10k.htm"
    },
    {
        "date": "2020-08-29",
        "symbol": "BSET",
        "reportedCurrency": "USD",
        "cik": "0000010329",
        "fillingDate": "2020-10-01",
        "acceptedDate": "2020-10-01 10:16:09",
        "calendarYear": "2020",
        "period": "Q3",
        "revenue": 91559000,
        "costOfRevenue": 38418000,
        "grossProfit": 53141000,
        "grossProfitRatio": 0.5804017082,
        "researchAndDevelopmentExpenses": 0,
        "generalAndAdministrativeExpenses": 50394000,
        "sellingAndMarketingExpenses": 0,
        "sellingGeneralAndAdministrativeExpenses": 50394000,
        "otherExpenses": 0,
        "operatingExpenses": 50394000,
        "costAndExpenses": 88812000,
        "interestIncome": 0,
        "interestExpense": 0,
        "depreciationAndAmortization": 3010000,
        "ebitda": 5757000,
        "ebitdaratio": 0.0628774888,
        "operatingIncome": 2747000,
        "operatingIncomeRatio": 0.030002512,
        "totalOtherIncomeExpensesNet": 697000,
        "incomeBeforeTax": 3444000,
        "incomeBeforeTaxRatio": 0.0376150897,
        "incomeTaxExpense": 1266000,
        "netIncome": 2178000,
        "netIncomeRatio": 0.02378794,
        "eps": 0.22,
        "epsdiluted": 0.22,
        "weightedAverageShsOut": 9955382,
        "weightedAverageShsOutDil": 9971645,
        "link": "https://www.sec.gov/Archives/edgar/data/10329/000143774920020562/0001437749-20-020562-index.htm",
        "finalLink": "https://www.sec.gov/Archives/edgar/data/10329/000143774920020562/bset20200829_10q.htm"
    },
    {
        "date": "2020-05-30",
        "symbol": "BSET",
        "reportedCurrency": "USD",
        "cik": "0000010329",
        "fillingDate": "2020-07-09",
        "acceptedDate": "2020-07-09 10:27:27",
        "calendarYear": "2020",
        "period": "Q2",
        "revenue": 63801000,
        "costOfRevenue": 42095000,
        "grossProfit": 21706000,
        "grossProfitRatio": 0.3402141032,
        "researchAndDevelopmentExpenses": 0,
        "generalAndAdministrativeExpenses": 50373000,
        "sellingAndMarketingExpenses": 0,
        "sellingGeneralAndAdministrativeExpenses": 50373000,
        "otherExpenses": 2562000,
        "operatingExpenses": 52935000,
        "costAndExpenses": 95030000,
        "interestIncome": 0,
        "interestExpense": 31175000,
        "depreciationAndAmortization": 3616000,
        "ebitda": -28378000,
        "ebitdaratio": -0.4447892666,
        "operatingIncome": -31229000,
        "operatingIncomeRatio": -0.4894750866,
        "totalOtherIncomeExpensesNet": -765000,
        "incomeBeforeTax": -31994000,
        "incomeBeforeTaxRatio": -0.5014654943,
        "incomeTaxExpense": -11642000,
        "netIncome": -20352000,
        "netIncomeRatio": -0.3189918653,
        "eps": -2.04,
        "epsdiluted": -2.04,
        "weightedAverageShsOut": 9956975,
        "weightedAverageShsOutDil": 9956975,
        "link": "https://www.sec.gov/Archives/edgar/data/10329/000143774920014919/0001437749-20-014919-index.htm",
        "finalLink": "https://www.sec.gov/Archives/edgar/data/10329/000143774920014919/bset20200530_10q.htm"
    },
    {
        "date": "2020-02-29",
        "symbol": "BSET",
        "reportedCurrency": "USD",
        "cik": "0000010329",
        "fillingDate": "2020-04-02",
        "acceptedDate": "2020-04-02 14:28:41",
        "calendarYear": "2020",
        "period": "Q1",
        "revenue": 112120000,
        "costOfRevenue": 45270000,
        "grossProfit": 66850000,
        "grossProfitRatio": 0.5962361755,
        "researchAndDevelopmentExpenses": 0,
        "generalAndAdministrativeExpenses": 64640000,
        "sellingAndMarketingExpenses": 0,
        "sellingGeneralAndAdministrativeExpenses": 64640000,
        "otherExpenses": 0,
        "operatingExpenses": 64640000,
        "costAndExpenses": 109910000,
        "interestIncome": 0,
        "interestExpense": 362000,
        "depreciationAndAmortization": 3623000,
        "ebitda": 5833000,
        "ebitdaratio": 0.0520246165,
        "operatingIncome": 2210000,
        "operatingIncomeRatio": 0.0197110239,
        "totalOtherIncomeExpensesNet": -362000,
        "incomeBeforeTax": 1848000,
        "incomeBeforeTaxRatio": 0.0164823403,
        "incomeTaxExpense": 638000,
        "netIncome": 1210000,
        "netIncomeRatio": 0.0107920086,
        "eps": 0.12,
        "epsdiluted": 0.12,
        "weightedAverageShsOut": 10027227,
        "weightedAverageShsOutDil": 10053196,
        "link": "https://www.sec.gov/Archives/edgar/data/10329/000143774920006897/0001437749-20-006897-index.htm",
        "finalLink": "https://www.sec.gov/Archives/edgar/data/10329/000143774920006897/bset20200229_10q.htm"
    },
    {
        "date": "2019-11-30",
        "symbol": "BSET",
        "reportedCurrency": "USD",
        "cik": "0000010329",
        "fillingDate": "2020-01-23",
        "acceptedDate": "2020-01-23 11:15:45",
        "calendarYear": "2019",
        "period": "Q4",
        "revenue": 113637000,
        "costOfRevenue": 45291000,
        "grossProfit": 68346000,
        "grossProfitRatio": 0.6014414319,
        "researchAndDevelopmentExpenses": 0,
        "generalAndAdministrativeExpenses": 46431000,
        "sellingAndMarketingExpenses": 20674000,
        "sellingGeneralAndAdministrativeExpenses": 67105000,
        "otherExpenses": 6886000,
        "operatingExpenses": 73991000,
        "costAndExpenses": 119282000,
        "interestIncome": 0,
        "interestExpense": -560000,
        "depreciationAndAmortization": 3408000,
        "ebitda": 1202000,
        "ebitdaratio": 0.0105775408,
        "operatingIncome": 5645000,
        "operatingIncomeRatio": 0.0496757218,
        "totalOtherIncomeExpensesNet": -579000,
        "incomeBeforeTax": -6224000,
        "incomeBeforeTaxRatio": -0.0547708933,
        "incomeTaxExpense": -1086000,
        "netIncome": -5138000,
        "netIncomeRatio": -0.0452141468,
        "eps": -0.51,
        "epsdiluted": -0.51,
        "weightedAverageShsOut": 9998735,
        "weightedAverageShsOutDil": 10074510,
        "link": "https://www.sec.gov/Archives/edgar/data/10329/000143774920001052/0001437749-20-001052-index.htm",
        "finalLink": "https://www.sec.gov/Archives/edgar/data/10329/000143774920001052/bset20191130_10k.htm"
    },
    {
        "date": "2019-08-31",
        "symbol": "BSET",
        "reportedCurrency": "USD",
        "cik": "0000010329",
        "fillingDate": "2019-10-03",
        "acceptedDate": "2019-10-03 09:31:24",
        "calendarYear": "2019",
        "period": "Q3",
        "revenue": 109419000,
        "costOfRevenue": 42246000,
        "grossProfit": 67173000,
        "grossProfitRatio": 0.6139061772,
        "researchAndDevelopmentExpenses": 0,
        "generalAndAdministrativeExpenses": 63519000,
        "sellingAndMarketingExpenses": 0,
        "sellingGeneralAndAdministrativeExpenses": 63519000,
        "otherExpenses": 254000,
        "operatingExpenses": 63773000,
        "costAndExpenses": 106019000,
        "interestIncome": 0,
        "interestExpense": 298000,
        "depreciationAndAmortization": 3357000,
        "ebitda": 6757000,
        "ebitdaratio": 0.0617534432,
        "operatingIncome": 3400000,
        "operatingIncomeRatio": 0.031073214,
        "totalOtherIncomeExpensesNet": -298000,
        "incomeBeforeTax": 3102000,
        "incomeBeforeTaxRatio": 0.0283497382,
        "incomeTaxExpense": 945000,
        "netIncome": 2157000,
        "netIncomeRatio": 0.0197132125,
        "eps": 0.21,
        "epsdiluted": 0.21,
        "weightedAverageShsOut": 10212259,
        "weightedAverageShsOutDil": 10240535,
        "link": "https://www.sec.gov/Archives/edgar/data/10329/000143774919019553/0001437749-19-019553-index.htm",
        "finalLink": "https://www.sec.gov/Archives/edgar/data/10329/000143774919019553/bset20190824_10q.htm"
    },
    {
        "date": "2019-06-01",
        "symbol": "BSET",
        "reportedCurrency": "USD",
        "cik": "0000010329",
        "fillingDate": "2019-07-02",
        "acceptedDate": "2019-07-02 09:20:22",
        "calendarYear": "2019",
        "period": "Q2",
        "revenue": 108190000,
        "costOfRevenue": 42530000,
        "grossProfit": 65660000,
        "grossProfitRatio": 0.6068952768,
        "researchAndDevelopmentExpenses": 0,
        "generalAndAdministrativeExpenses": 64590000,
        "sellingAndMarketingExpenses": 0,
        "sellingGeneralAndAdministrativeExpenses": 64590000,
        "otherExpenses": 369000,
        "operatingExpenses": 64959000,
        "costAndExpenses": 107489000,
        "interestIncome": 0,
        "interestExpense": 145000,
        "depreciationAndAmortization": 3365000,
        "ebitda": 4066000,
        "ebitdaratio": 0.0375820316,
        "operatingIncome": 701000,
        "operatingIncomeRatio": 0.0064793419,
        "totalOtherIncomeExpensesNet": -145000,
        "incomeBeforeTax": 556000,
        "incomeBeforeTaxRatio": 0.0051391071,
        "incomeTaxExpense": 111000,
        "netIncome": 445000,
        "netIncomeRatio": 0.0041131343,
        "eps": 0.0427,
        "epsdiluted": 0.0425,
        "weightedAverageShsOut": 10433492,
        "weightedAverageShsOutDil": 10459821,
        "link": "https://www.sec.gov/Archives/edgar/data/10329/000143774919013287/0001437749-19-013287-index.htm",
        "finalLink": "https://www.sec.gov/Archives/edgar/data/10329/000143774919013287/bset20190525_10q.htm"
    },
    {
        "date": "2019-03-02",
        "symbol": "BSET",
        "reportedCurrency": "USD",
        "cik": "0000010329",
        "fillingDate": "2019-04-04",
        "acceptedDate": "2019-04-04 11:12:59",
        "calendarYear": "2019",
        "period": "Q1",
        "revenue": 120841000,
        "costOfRevenue": 49177000,
        "grossProfit": 71664000,
        "grossProfitRatio": 0.5930437517,
        "researchAndDevelopmentExpenses": 0,
        "generalAndAdministrativeExpenses": 70221000,
        "sellingAndMarketingExpenses": 0,
        "sellingGeneralAndAdministrativeExpenses": 70221000,
        "otherExpenses": 494000,
        "operatingExpenses": 70715000,
        "costAndExpenses": 119892000,
        "interestIncome": 0,
        "interestExpense": 123000,
        "depreciationAndAmortization": 3370000,
        "ebitda": 4319000,
        "ebitdaratio": 0.0357411806,
        "operatingIncome": 949000,
        "operatingIncomeRatio": 0.0078532948,
        "totalOtherIncomeExpensesNet": -123000,
        "incomeBeforeTax": 826000,
        "incomeBeforeTaxRatio": 0.0068354284,
        "incomeTaxExpense": 218000,
        "netIncome": 608000,
        "netIncomeRatio": 0.0050314049,
        "eps": 0.0582,
        "epsdiluted": 0.058,
        "weightedAverageShsOut": 10454348,
        "weightedAverageShsOutDil": 10483241,
        "link": "https://www.sec.gov/Archives/edgar/data/10329/000143774919006582/0001437749-19-006582-index.htm",
        "finalLink": "https://www.sec.gov/Archives/edgar/data/10329/000143774919006582/bset20190223_10q.htm"
    },
    {
        "date": "2018-11-24",
        "symbol": "BSET",
        "reportedCurrency": "USD",
        "cik": "0000010329",
        "fillingDate": "2019-01-17",
        "acceptedDate": "2019-01-17 12:04:37",
        "calendarYear": "2018",
        "period": "Q4",
        "revenue": 116647000,
        "costOfRevenue": 45831000,
        "grossProfit": 70816000,
        "grossProfitRatio": 0.6070966249,
        "researchAndDevelopmentExpenses": 0,
        "generalAndAdministrativeExpenses": 47427000,
        "sellingAndMarketingExpenses": 20922000,
        "sellingGeneralAndAdministrativeExpenses": 68349000,
        "otherExpenses": 420000,
        "operatingExpenses": 68769000,
        "costAndExpenses": 114600000,
        "interestIncome": 0,
        "interestExpense": 0,
        "depreciationAndAmortization": 3283000,
        "ebitda": 4804000,
        "ebitdaratio": 0.0411840853,
        "operatingIncome": 2047000,
        "operatingIncomeRatio": 0.0175486725,
        "totalOtherIncomeExpensesNet": -526000,
        "incomeBeforeTax": 1521000,
        "incomeBeforeTaxRatio": 0.0130393409,
        "incomeTaxExpense": -376000,
        "netIncome": 1897000,
        "netIncomeRatio": 0.0162627414,
        "eps": 0.18,
        "epsdiluted": 0.18,
        "weightedAverageShsOut": 10538888,
        "weightedAverageShsOutDil": 10538889,
        "link": "https://www.sec.gov/Archives/edgar/data/10329/000143774919000960/0001437749-19-000960-index.htm",
        "finalLink": "https://www.sec.gov/Archives/edgar/data/10329/000143774919000960/bset20181124_10k.htm"
    },
    {
        "date": "2018-08-25",
        "symbol": "BSET",
        "reportedCurrency": "USD",
        "cik": "0000010329",
        "fillingDate": "2018-09-27",
        "acceptedDate": "2018-09-27 11:18:48",
        "calendarYear": "2018",
        "period": "Q3",
        "revenue": 112956000,
        "costOfRevenue": 44821000,
        "grossProfit": 68135000,
        "grossProfitRatio": 0.6031994759,
        "researchAndDevelopmentExpenses": 0,
        "generalAndAdministrativeExpenses": 63279000,
        "sellingAndMarketingExpenses": 0,
        "sellingGeneralAndAdministrativeExpenses": 63279000,
        "otherExpenses": 532000,
        "operatingExpenses": 63811000,
        "costAndExpenses": 108632000,
        "interestIncome": 0,
        "interestExpense": 492000,
        "depreciationAndAmortization": 3232000,
        "ebitda": 7556000,
        "ebitdaratio": 0.0668933036,
        "operatingIncome": 4324000,
        "operatingIncomeRatio": 0.0382803924,
        "totalOtherIncomeExpensesNet": -492000,
        "incomeBeforeTax": 3832000,
        "incomeBeforeTaxRatio": 0.033924714,
        "incomeTaxExpense": 887000,
        "netIncome": 2945000,
        "netIncomeRatio": 0.0260720989,
        "eps": 0.28,
        "epsdiluted": 0.28,
        "weightedAverageShsOut": 10666529,
        "weightedAverageShsOutDil": 10699717,
        "link": "https://www.sec.gov/Archives/edgar/data/10329/000143774918017528/0001437749-18-017528-index.htm",
        "finalLink": "https://www.sec.gov/Archives/edgar/data/10329/000143774918017528/bset20180825b_10q.htm"
    },
    {
        "date": "2018-05-26",
        "symbol": "BSET",
        "reportedCurrency": "USD",
        "cik": "0000010329",
        "fillingDate": "2018-06-28",
        "acceptedDate": "2018-06-28 09:42:49",
        "calendarYear": "2018",
        "period": "Q2",
        "revenue": 116980000,
        "costOfRevenue": 45660000,
        "grossProfit": 71320000,
        "grossProfitRatio": 0.6096768678,
        "researchAndDevelopmentExpenses": 0,
        "generalAndAdministrativeExpenses": 65456000,
        "sellingAndMarketingExpenses": 0,
        "sellingGeneralAndAdministrativeExpenses": 65456000,
        "otherExpenses": 201000,
        "operatingExpenses": 65657000,
        "costAndExpenses": 111317000,
        "interestIncome": 0,
        "interestExpense": 0,
        "depreciationAndAmortization": 3384000,
        "ebitda": 9047000,
        "ebitdaratio": 0.0773380065,
        "operatingIncome": 5663000,
        "operatingIncomeRatio": 0.0484099846,
        "totalOtherIncomeExpensesNet": -233000,
        "incomeBeforeTax": 5430000,
        "incomeBeforeTaxRatio": 0.0464181911,
        "incomeTaxExpense": 1141000,
        "netIncome": 4289000,
        "netIncomeRatio": 0.0366643871,
        "eps": 0.4,
        "epsdiluted": 0.4,
        "weightedAverageShsOut": 10701154,
        "weightedAverageShsOutDil": 10741336,
        "link": "https://www.sec.gov/Archives/edgar/data/10329/000143774918012552/0001437749-18-012552-index.htm",
        "finalLink": "https://www.sec.gov/Archives/edgar/data/10329/000143774918012552/bset20180526_10q.htm"
    },
    {
        "date": "2018-02-24",
        "symbol": "BSET",
        "reportedCurrency": "USD",
        "cik": "0000010329",
        "fillingDate": "2018-03-28",
        "acceptedDate": "2018-03-28 09:39:49",
        "calendarYear": "2018",
        "period": "Q1",
        "revenue": 110272000,
        "costOfRevenue": 43269000,
        "grossProfit": 67003000,
        "grossProfitRatio": 0.6076157139,
        "researchAndDevelopmentExpenses": 0,
        "generalAndAdministrativeExpenses": 64251000,
        "sellingAndMarketingExpenses": 0,
        "sellingGeneralAndAdministrativeExpenses": 64251000,
        "otherExpenses": 702000,
        "operatingExpenses": 64953000,
        "costAndExpenses": 108222000,
        "interestIncome": 0,
        "interestExpense": 627000,
        "depreciationAndAmortization": 3304000,
        "ebitda": 5354000,
        "ebitdaratio": 0.0485526698,
        "operatingIncome": 2050000,
        "operatingIncomeRatio": 0.0185903947,
        "totalOtherIncomeExpensesNet": -627000,
        "incomeBeforeTax": 1423000,
        "incomeBeforeTaxRatio": 0.0129044544,
        "incomeTaxExpense": 2336000,
        "netIncome": -913000,
        "netIncomeRatio": -0.008279527,
        "eps": -0.0854,
        "epsdiluted": -0.0854,
        "weightedAverageShsOut": 10686477,
        "weightedAverageShsOutDil": 10686477,
        "link": "https://www.sec.gov/Archives/edgar/data/10329/000143774918005630/0001437749-18-005630-index.htm",
        "finalLink": "https://www.sec.gov/Archives/edgar/data/10329/000143774918005630/bset20180224_10q.htm"
    },
    {
        "date": "2017-11-25",
        "symbol": "BSET",
        "reportedCurrency": "USD",
        "cik": "0000010329",
        "fillingDate": "2018-01-18",
        "acceptedDate": "2018-01-18 09:54:17",
        "calendarYear": "2017",
        "period": "Q4",
        "revenue": 118225000,
        "costOfRevenue": 45380000,
        "grossProfit": 72845000,
        "grossProfitRatio": 0.6161556354,
        "researchAndDevelopmentExpenses": 0,
        "generalAndAdministrativeExpenses": 46899999,
        "sellingAndMarketingExpenses": 18834000,
        "sellingGeneralAndAdministrativeExpenses": 65733999,
        "otherExpenses": -382999,
        "operatingExpenses": 65351000,
        "costAndExpenses": 110731000,
        "interestIncome": 0,
        "interestExpense": 0,
        "depreciationAndAmortization": 3252000,
        "ebitda": 11415000,
        "ebitdaratio": 0.0965531825,
        "operatingIncome": 7494000,
        "operatingIncomeRatio": 0.0633876084,
        "totalOtherIncomeExpensesNet": 669000,
        "incomeBeforeTax": 8163000,
        "incomeBeforeTaxRatio": 0.06904631,
        "incomeTaxExpense": 3189000,
        "netIncome": 4974000,
        "netIncomeRatio": 0.0420723197,
        "eps": 0.46,
        "epsdiluted": 0.46,
        "weightedAverageShsOut": 10813043,
        "weightedAverageShsOutDil": 10813043,
        "link": "https://www.sec.gov/Archives/edgar/data/10329/000143774918000767/0001437749-18-000767-index.htm",
        "finalLink": "https://www.sec.gov/Archives/edgar/data/10329/000143774918000767/bset20171125_10k.htm"
    },
    {
        "date": "2017-08-26",
        "symbol": "BSET",
        "reportedCurrency": "USD",
        "cik": "0000010329",
        "fillingDate": "2017-09-28",
        "acceptedDate": "2017-09-28 10:21:54",
        "calendarYear": "2017",
        "period": "Q3",
        "revenue": 114261000,
        "costOfRevenue": 45320000,
        "grossProfit": 68941000,
        "grossProfitRatio": 0.6033642275,
        "researchAndDevelopmentExpenses": 0,
        "generalAndAdministrativeExpenses": 61373000,
        "sellingAndMarketingExpenses": 0,
        "sellingGeneralAndAdministrativeExpenses": 61373000,
        "otherExpenses": 308000,
        "operatingExpenses": 61681000,
        "costAndExpenses": 107001000,
        "interestIncome": 0,
        "interestExpense": 0,
        "depreciationAndAmortization": 3354000,
        "ebitda": 10614000,
        "ebitdaratio": 0.092892588,
        "operatingIncome": 7260000,
        "operatingIncomeRatio": 0.0635387403,
        "totalOtherIncomeExpensesNet": -583000,
        "incomeBeforeTax": 6677000,
        "incomeBeforeTaxRatio": 0.0584363869,
        "incomeTaxExpense": 2098000,
        "netIncome": 4579000,
        "netIncomeRatio": 0.0400749162,
        "eps": 0.43,
        "epsdiluted": 0.43,
        "weightedAverageShsOut": 10648837,
        "weightedAverageShsOutDil": 10648837,
        "link": "https://www.sec.gov/Archives/edgar/data/10329/000143774917016429/0001437749-17-016429-index.htm",
        "finalLink": "https://www.sec.gov/Archives/edgar/data/10329/000143774917016429/bset20170826_10q.htm"
    },
    {
        "date": "2017-05-27",
        "symbol": "BSET",
        "reportedCurrency": "USD",
        "cik": "0000010329",
        "fillingDate": "2017-06-29",
        "acceptedDate": "2017-06-29 09:35:10",
        "calendarYear": "2017",
        "period": "Q2",
        "revenue": 114125000,
        "costOfRevenue": 44981000,
        "grossProfit": 69144000,
        "grossProfitRatio": 0.6058619934,
        "researchAndDevelopmentExpenses": 0,
        "generalAndAdministrativeExpenses": 61075000,
        "sellingAndMarketingExpenses": 0,
        "sellingGeneralAndAdministrativeExpenses": 61075000,
        "otherExpenses": 469000,
        "operatingExpenses": 61544000,
        "costAndExpenses": 106525000,
        "interestIncome": 0,
        "interestExpense": 0,
        "depreciationAndAmortization": 3355000,
        "ebitda": 10955000,
        "ebitdaratio": 0.0959912377,
        "operatingIncome": 7600000,
        "operatingIncomeRatio": 0.0665936473,
        "totalOtherIncomeExpensesNet": 1505000,
        "incomeBeforeTax": 9105000,
        "incomeBeforeTaxRatio": 0.0797809419,
        "incomeTaxExpense": 3263000,
        "netIncome": 5842000,
        "netIncomeRatio": 0.0511894852,
        "eps": 0.55,
        "epsdiluted": 0.54,
        "weightedAverageShsOut": 10648033,
        "weightedAverageShsOutDil": 10722326,
        "link": "https://www.sec.gov/Archives/edgar/data/10329/000143774917011975/0001437749-17-011975-index.htm",
        "finalLink": "https://www.sec.gov/Archives/edgar/data/10329/000143774917011975/bset20170527_10q.htm"
    },
    {
        "date": "2017-02-25",
        "symbol": "BSET",
        "reportedCurrency": "USD",
        "cik": "0000010329",
        "fillingDate": "2017-03-30",
        "acceptedDate": "2017-03-30 10:07:05",
        "calendarYear": "2017",
        "period": "Q1",
        "revenue": 105892000,
        "costOfRevenue": 41898000,
        "grossProfit": 63994000,
        "grossProfitRatio": 0.6043327164,
        "researchAndDevelopmentExpenses": 0,
        "generalAndAdministrativeExpenses": 58524000,
        "sellingAndMarketingExpenses": 0,
        "sellingGeneralAndAdministrativeExpenses": 58524000,
        "otherExpenses": 806000,
        "operatingExpenses": 59330000,
        "costAndExpenses": 101228000,
        "interestIncome": 0,
        "interestExpense": 733000,
        "depreciationAndAmortization": 3351000,
        "ebitda": 8015000,
        "ebitdaratio": 0.075690326,
        "operatingIncome": 4664000,
        "operatingIncomeRatio": 0.0440448759,
        "totalOtherIncomeExpensesNet": -733000,
        "incomeBeforeTax": 3931000,
        "incomeBeforeTaxRatio": 0.0371227288,
        "incomeTaxExpense": 1070000,
        "netIncome": 2861000,
        "netIncomeRatio": 0.0270180939,
        "eps": 0.27,
        "epsdiluted": 0.27,
        "weightedAverageShsOut": 10613639,
        "weightedAverageShsOutDil": 10719275,
        "link": "https://www.sec.gov/Archives/edgar/data/10329/000143774917005565/0001437749-17-005565-index.htm",
        "finalLink": "https://www.sec.gov/Archives/edgar/data/10329/000143774917005565/bset20170225_10q.htm"
    },
    {
        "date": "2016-11-26",
        "symbol": "BSET",
        "reportedCurrency": "USD",
        "cik": "0000010329",
        "fillingDate": "2017-01-19",
        "acceptedDate": "2017-01-19 10:00:26",
        "calendarYear": "2016",
        "period": "Q4",
        "revenue": 113786000,
        "costOfRevenue": 43023000,
        "grossProfit": 70763000,
        "grossProfitRatio": 0.621895488,
        "researchAndDevelopmentExpenses": 0,
        "generalAndAdministrativeExpenses": 45066000,
        "sellingAndMarketingExpenses": 16687999,
        "sellingGeneralAndAdministrativeExpenses": 61754000,
        "otherExpenses": 0,
        "operatingExpenses": 61754000,
        "costAndExpenses": 104777000,
        "interestIncome": 0,
        "interestExpense": -1352000,
        "depreciationAndAmortization": 3383000,
        "ebitda": 11880000,
        "ebitdaratio": 0.1044065175,
        "operatingIncome": 9009000,
        "operatingIncomeRatio": 0.0791749424,
        "totalOtherIncomeExpensesNet": -512000,
        "incomeBeforeTax": 8497000,
        "incomeBeforeTaxRatio": 0.0746752676,
        "incomeTaxExpense": 3452000,
        "netIncome": 5045000,
        "netIncomeRatio": 0.0443376162,
        "eps": 0.47,
        "epsdiluted": 0.47,
        "weightedAverageShsOut": 10734042,
        "weightedAverageShsOutDil": 10734043,
        "link": "https://www.sec.gov/Archives/edgar/data/10329/000143774917000837/0001437749-17-000837-index.htm",
        "finalLink": "https://www.sec.gov/Archives/edgar/data/10329/000143774917000837/bset20161126_10k.htm"
    },
    {
        "date": "2016-08-27",
        "symbol": "BSET",
        "reportedCurrency": "USD",
        "cik": "0000010329",
        "fillingDate": "2016-09-29",
        "acceptedDate": "2016-09-29 09:54:53",
        "calendarYear": "2016",
        "period": "Q3",
        "revenue": 104712000,
        "costOfRevenue": 40091000,
        "grossProfit": 64621000,
        "grossProfitRatio": 0.6171307969,
        "researchAndDevelopmentExpenses": 0,
        "generalAndAdministrativeExpenses": 56800000,
        "sellingAndMarketingExpenses": 0,
        "sellingGeneralAndAdministrativeExpenses": 56800000,
        "otherExpenses": 281000,
        "operatingExpenses": 57081000,
        "costAndExpenses": 97172000,
        "interestIncome": 0,
        "interestExpense": 647000,
        "depreciationAndAmortization": 3255000,
        "ebitda": 10795000,
        "ebitdaratio": 0.1030922912,
        "operatingIncome": 7540000,
        "operatingIncomeRatio": 0.0720070288,
        "totalOtherIncomeExpensesNet": -647000,
        "incomeBeforeTax": 6893000,
        "incomeBeforeTaxRatio": 0.0658281763,
        "incomeTaxExpense": 2728000,
        "netIncome": 4165000,
        "netIncomeRatio": 0.0397757659,
        "eps": 0.39,
        "epsdiluted": 0.38,
        "weightedAverageShsOut": 10739006,
        "weightedAverageShsOutDil": 10878667,
        "link": "https://www.sec.gov/Archives/edgar/data/10329/000143774916039232/0001437749-16-039232-index.htm",
        "finalLink": "https://www.sec.gov/Archives/edgar/data/10329/000143774916039232/bset20160708_10q.htm"
    },
    {
        "date": "2016-05-28",
        "symbol": "BSET",
        "reportedCurrency": "USD",
        "cik": "0000010329",
        "fillingDate": "2016-06-30",
        "acceptedDate": "2016-06-30 10:32:41",
        "calendarYear": "2016",
        "period": "Q2",
        "revenue": 106667000,
        "costOfRevenue": 42419000,
        "grossProfit": 64248000,
        "grossProfitRatio": 0.6023231177,
        "researchAndDevelopmentExpenses": 0,
        "generalAndAdministrativeExpenses": 58088000,
        "sellingAndMarketingExpenses": 0,
        "sellingGeneralAndAdministrativeExpenses": 58088000,
        "otherExpenses": 307000,
        "operatingExpenses": 58395000,
        "costAndExpenses": 100814000,
        "interestIncome": 0,
        "interestExpense": 600000,
        "depreciationAndAmortization": 2794000,
        "ebitda": 8647000,
        "ebitdaratio": 0.0810653717,
        "operatingIncome": 5853000,
        "operatingIncomeRatio": 0.0548717035,
        "totalOtherIncomeExpensesNet": -600000,
        "incomeBeforeTax": 5253000,
        "incomeBeforeTaxRatio": 0.0492467211,
        "incomeTaxExpense": 1868000,
        "netIncome": 3385000,
        "netIncomeRatio": 0.0317342758,
        "eps": 0.31,
        "epsdiluted": 0.31,
        "weightedAverageShsOut": 10767082,
        "weightedAverageShsOutDil": 10912691,
        "link": "https://www.sec.gov/Archives/edgar/data/10329/000143774916034649/0001437749-16-034649-index.htm",
        "finalLink": "https://www.sec.gov/Archives/edgar/data/10329/000143774916034649/bset20160528_10q.htm"
    },
    {
        "date": "2016-02-27",
        "symbol": "BSET",
        "reportedCurrency": "USD",
        "cik": "0000010329",
        "fillingDate": "2016-03-31",
        "acceptedDate": "2016-03-31 11:49:31",
        "calendarYear": "2016",
        "period": "Q1",
        "revenue": 106873000,
        "costOfRevenue": 41986000,
        "grossProfit": 64887000,
        "grossProfitRatio": 0.6071411863,
        "researchAndDevelopmentExpenses": 0,
        "generalAndAdministrativeExpenses": 58957000,
        "sellingAndMarketingExpenses": 0,
        "sellingGeneralAndAdministrativeExpenses": 58957000,
        "otherExpenses": 139000,
        "operatingExpenses": 59096000,
        "costAndExpenses": 101082000,
        "interestIncome": 0,
        "interestExpense": 657000,
        "depreciationAndAmortization": 2817000,
        "ebitda": 8608000,
        "ebitdaratio": 0.0805441973,
        "operatingIncome": 5791000,
        "operatingIncomeRatio": 0.0541858093,
        "totalOtherIncomeExpensesNet": -657000,
        "incomeBeforeTax": 5134000,
        "incomeBeforeTaxRatio": 0.0480383259,
        "incomeTaxExpense": 1900000,
        "netIncome": 3234000,
        "netIncomeRatio": 0.0302602154,
        "eps": 0.3,
        "epsdiluted": 0.3,
        "weightedAverageShsOut": 10780000,
        "weightedAverageShsOutDil": 10780000,
        "link": "https://www.sec.gov/Archives/edgar/data/10329/000143774916028752/0001437749-16-028752-index.htm",
        "finalLink": "https://www.sec.gov/Archives/edgar/data/10329/000143774916028752/bset20151227_10q.htm"
    },
    {
        "date": "2015-11-28",
        "symbol": "BSET",
        "reportedCurrency": "USD",
        "cik": "0000010329",
        "fillingDate": "2016-01-21",
        "acceptedDate": "2016-01-21 12:43:48",
        "calendarYear": "2015",
        "period": "Q4",
        "revenue": 115555000,
        "costOfRevenue": 45615000,
        "grossProfit": 69940000,
        "grossProfitRatio": 0.6052529099,
        "researchAndDevelopmentExpenses": 0,
        "generalAndAdministrativeExpenses": 60847000,
        "sellingAndMarketingExpenses": 0,
        "sellingGeneralAndAdministrativeExpenses": 60847000,
        "otherExpenses": 387000,
        "operatingExpenses": 61234000,
        "costAndExpenses": 106849000,
        "interestIncome": 0,
        "interestExpense": 171000,
        "depreciationAndAmortization": 2736000,
        "ebitda": 11316000,
        "ebitdaratio": 0.0979273939,
        "operatingIncome": 8706000,
        "operatingIncomeRatio": 0.0753407468,
        "totalOtherIncomeExpensesNet": -707000,
        "incomeBeforeTax": 7999000,
        "incomeBeforeTaxRatio": 0.0692224482,
        "incomeTaxExpense": 2317000,
        "netIncome": 5682000,
        "netIncomeRatio": 0.0491713902,
        "eps": 0.53,
        "epsdiluted": 0.52,
        "weightedAverageShsOut": 10720755,
        "weightedAverageShsOutDil": 10926923,
        "link": "https://www.sec.gov/Archives/edgar/data/10329/000143774916023899/0001437749-16-023899-index.htm",
        "finalLink": "https://www.sec.gov/Archives/edgar/data/10329/000143774916023899/bset20151128_10k.htm"
    },
    {
        "date": "2015-08-29",
        "symbol": "BSET",
        "reportedCurrency": "USD",
        "cik": "0000010329",
        "fillingDate": "2015-10-01",
        "acceptedDate": "2015-10-01 10:41:29",
        "calendarYear": "2015",
        "period": "Q3",
        "revenue": 111011000,
        "costOfRevenue": 44824000,
        "grossProfit": 66187000,
        "grossProfitRatio": 0.5962201944,
        "researchAndDevelopmentExpenses": 0,
        "generalAndAdministrativeExpenses": 58303000,
        "sellingAndMarketingExpenses": 0,
        "sellingGeneralAndAdministrativeExpenses": 58303000,
        "otherExpenses": 192000,
        "operatingExpenses": 58495000,
        "costAndExpenses": 103319000,
        "interestIncome": 0,
        "interestExpense": 472000,
        "depreciationAndAmortization": 2573000,
        "ebitda": 10265000,
        "ebitdaratio": 0.092468314,
        "operatingIncome": 7692000,
        "operatingIncomeRatio": 0.0692904307,
        "totalOtherIncomeExpensesNet": -472000,
        "incomeBeforeTax": 7220000,
        "incomeBeforeTaxRatio": 0.0650385998,
        "incomeTaxExpense": 2954000,
        "netIncome": 4266000,
        "netIncomeRatio": 0.0384286242,
        "eps": 0.39,
        "epsdiluted": 0.39,
        "weightedAverageShsOut": 10816293,
        "weightedAverageShsOutDil": 10932868,
        "link": "https://www.sec.gov/Archives/edgar/data/10329/000143774915017871/0001437749-15-017871-index.htm",
        "finalLink": "https://www.sec.gov/Archives/edgar/data/10329/000143774915017871/bset20150829_10q.htm"
    },
    {
        "date": "2015-05-30",
        "symbol": "BSET",
        "reportedCurrency": "USD",
        "cik": "0000010329",
        "fillingDate": "2015-07-01",
        "acceptedDate": "2015-07-01 10:02:25",
        "calendarYear": "2015",
        "period": "Q2",
        "revenue": 111553000,
        "costOfRevenue": 46921000,
        "grossProfit": 64632000,
        "grossProfitRatio": 0.5793837907,
        "researchAndDevelopmentExpenses": 0,
        "generalAndAdministrativeExpenses": 57425000,
        "sellingAndMarketingExpenses": 0,
        "sellingGeneralAndAdministrativeExpenses": 57425000,
        "otherExpenses": 493000,
        "operatingExpenses": 57918000,
        "costAndExpenses": 104390000,
        "interestIncome": 0,
        "interestExpense": 0,
        "depreciationAndAmortization": 2583000,
        "ebitda": 9834000,
        "ebitdaratio": 0.088155406,
        "operatingIncome": 6714000,
        "operatingIncomeRatio": 0.0601866377,
        "totalOtherIncomeExpensesNet": 469000,
        "incomeBeforeTax": 7183000,
        "incomeBeforeTaxRatio": 0.0643909173,
        "incomeTaxExpense": 2654000,
        "netIncome": 4529000,
        "netIncomeRatio": 0.0405995356,
        "eps": 0.42,
        "epsdiluted": 0.42,
        "weightedAverageShsOut": 10678298,
        "weightedAverageShsOutDil": 10844216,
        "link": "https://www.sec.gov/Archives/edgar/data/10329/000143774915013139/0001437749-15-013139-index.htm",
        "finalLink": "https://www.sec.gov/Archives/edgar/data/10329/000143774915013139/bset20150530_10q.htm"
    },
    {
        "date": "2015-02-28",
        "symbol": "BSET",
        "reportedCurrency": "USD",
        "cik": "0000010329",
        "fillingDate": "2015-04-09",
        "acceptedDate": "2015-04-09 09:27:17",
        "calendarYear": "2015",
        "period": "Q1",
        "revenue": 92807000,
        "costOfRevenue": 41930000,
        "grossProfit": 50877000,
        "grossProfitRatio": 0.548202183,
        "researchAndDevelopmentExpenses": 0,
        "generalAndAdministrativeExpenses": 47475000,
        "sellingAndMarketingExpenses": 0,
        "sellingGeneralAndAdministrativeExpenses": 47475000,
        "otherExpenses": 525000,
        "operatingExpenses": 48000000,
        "costAndExpenses": 89930000,
        "interestIncome": 0,
        "interestExpense": 0,
        "depreciationAndAmortization": 2146000,
        "ebitda": 5669000,
        "ebitdaratio": 0.0610837545,
        "operatingIncome": 2877000,
        "operatingIncomeRatio": 0.0309998168,
        "totalOtherIncomeExpensesNet": 6590000,
        "incomeBeforeTax": 9467000,
        "incomeBeforeTaxRatio": 0.1020073917,
        "incomeTaxExpense": 3511000,
        "netIncome": 5956000,
        "netIncomeRatio": 0.0641761936,
        "eps": 0.57,
        "epsdiluted": 0.56,
        "weightedAverageShsOut": 10449123,
        "weightedAverageShsOutDil": 10635714,
        "link": "https://www.sec.gov/Archives/edgar/data/10329/000143774915007057/0001437749-15-007057-index.htm",
        "finalLink": "https://www.sec.gov/Archives/edgar/data/10329/000143774915007057/bset20150228_10q.htm"
    },
    {
        "date": "2014-11-29",
        "symbol": "BSET",
        "reportedCurrency": "USD",
        "cik": "0000010329",
        "fillingDate": "2015-01-22",
        "acceptedDate": "2015-01-22 09:38:48",
        "calendarYear": "2014",
        "period": "Q4",
        "revenue": 94720000,
        "costOfRevenue": 42883000,
        "grossProfit": 51837000,
        "grossProfitRatio": 0.547265625,
        "researchAndDevelopmentExpenses": 0,
        "generalAndAdministrativeExpenses": 45082000,
        "sellingAndMarketingExpenses": 0,
        "sellingGeneralAndAdministrativeExpenses": 45082000,
        "otherExpenses": 0,
        "operatingExpenses": 45082000,
        "costAndExpenses": 87965000,
        "interestIncome": 0,
        "interestExpense": 0,
        "depreciationAndAmortization": 1888000,
        "ebitda": 8643000,
        "ebitdaratio": 0.0912478885,
        "operatingIncome": 6755000,
        "operatingIncomeRatio": 0.0713154561,
        "totalOtherIncomeExpensesNet": -472000,
        "incomeBeforeTax": 6283000,
        "incomeBeforeTaxRatio": 0.066332348,
        "incomeTaxExpense": 2634000,
        "netIncome": 3649000,
        "netIncomeRatio": 0.0385240709,
        "eps": 0.35,
        "epsdiluted": 0.35,
        "weightedAverageShsOut": 10425714,
        "weightedAverageShsOutDil": 10425714,
        "link": "https://www.sec.gov/Archives/edgar/data/10329/000143774915000964/0001437749-15-000964-index.htm",
        "finalLink": "https://www.sec.gov/Archives/edgar/data/10329/000143774915000964/bset20141129_10k.htm"
    },
    {
        "date": "2014-08-30",
        "symbol": "BSET",
        "reportedCurrency": "USD",
        "cik": "0000010329",
        "fillingDate": "2014-10-02",
        "acceptedDate": "2014-10-02 11:17:25",
        "calendarYear": "2014",
        "period": "Q3",
        "revenue": 85186000,
        "costOfRevenue": 40168000,
        "grossProfit": 45018000,
        "grossProfitRatio": 0.528467119,
        "researchAndDevelopmentExpenses": 0,
        "generalAndAdministrativeExpenses": 41510000,
        "sellingAndMarketingExpenses": 0,
        "sellingGeneralAndAdministrativeExpenses": 41510000,
        "otherExpenses": 109000,
        "operatingExpenses": 41619000,
        "costAndExpenses": 81787000,
        "interestIncome": 0,
        "interestExpense": 65000,
        "depreciationAndAmortization": 1990000,
        "ebitda": 5389000,
        "ebitdaratio": 0.0632615688,
        "operatingIncome": 3399000,
        "operatingIncomeRatio": 0.0399009227,
        "totalOtherIncomeExpensesNet": -65000,
        "incomeBeforeTax": 3334000,
        "incomeBeforeTaxRatio": 0.0391378865,
        "incomeTaxExpense": 1078000,
        "netIncome": 2256000,
        "netIncomeRatio": 0.0264832249,
        "eps": 0.21,
        "epsdiluted": 0.21,
        "weightedAverageShsOut": 10475945,
        "weightedAverageShsOutDil": 10611154,
        "link": "https://www.sec.gov/Archives/edgar/data/10329/000143774914017813/0001437749-14-017813-index.htm",
        "finalLink": "https://www.sec.gov/Archives/edgar/data/10329/000143774914017813/bset20140830_10q.htm"
    },
    {
        "date": "2014-05-31",
        "symbol": "BSET",
        "reportedCurrency": "USD",
        "cik": "0000010329",
        "fillingDate": "2014-07-02",
        "acceptedDate": "2014-07-02 10:31:10",
        "calendarYear": "2014",
        "period": "Q2",
        "revenue": 85185000,
        "costOfRevenue": 39872000,
        "grossProfit": 45313000,
        "grossProfitRatio": 0.5319363738,
        "researchAndDevelopmentExpenses": 0,
        "generalAndAdministrativeExpenses": 40901000,
        "sellingAndMarketingExpenses": 0,
        "sellingGeneralAndAdministrativeExpenses": 40901000,
        "otherExpenses": 521000,
        "operatingExpenses": 41422000,
        "costAndExpenses": 81294000,
        "interestIncome": 0,
        "interestExpense": 272000,
        "depreciationAndAmortization": 1746000,
        "ebitda": 5637000,
        "ebitdaratio": 0.0661736221,
        "operatingIncome": 3891000,
        "operatingIncomeRatio": 0.0456770558,
        "totalOtherIncomeExpensesNet": -272000,
        "incomeBeforeTax": 3619000,
        "incomeBeforeTaxRatio": 0.0424840054,
        "incomeTaxExpense": 1068000,
        "netIncome": 2551000,
        "netIncomeRatio": 0.0299465868,
        "eps": 0.24,
        "epsdiluted": 0.24,
        "weightedAverageShsOut": 10621707,
        "weightedAverageShsOutDil": 10779280,
        "link": "https://www.sec.gov/Archives/edgar/data/10329/000143774914012291/0001437749-14-012291-index.htm",
        "finalLink": "https://www.sec.gov/Archives/edgar/data/10329/000143774914012291/bset20140531_10q.htm"
    },
    {
        "date": "2014-03-01",
        "symbol": "BSET",
        "reportedCurrency": "USD",
        "cik": "0000010329",
        "fillingDate": "2014-04-03",
        "acceptedDate": "2014-04-03 10:06:40",
        "calendarYear": "2014",
        "period": "Q1",
        "revenue": 75647000,
        "costOfRevenue": 35394000,
        "grossProfit": 40253000,
        "grossProfitRatio": 0.5321162769,
        "researchAndDevelopmentExpenses": 0,
        "generalAndAdministrativeExpenses": 38580000,
        "sellingAndMarketingExpenses": 0,
        "sellingGeneralAndAdministrativeExpenses": 38580000,
        "otherExpenses": 587000,
        "operatingExpenses": 39167000,
        "costAndExpenses": 74561000,
        "interestIncome": 0,
        "interestExpense": 0,
        "depreciationAndAmortization": 1692000,
        "ebitda": 2778000,
        "ebitdaratio": 0.0367232012,
        "operatingIncome": 1086000,
        "operatingIncomeRatio": 0.0143561542,
        "totalOtherIncomeExpensesNet": 285000,
        "incomeBeforeTax": 1371000,
        "incomeBeforeTaxRatio": 0.0181236533,
        "incomeTaxExpense": 528000,
        "netIncome": 843000,
        "netIncomeRatio": 0.0111438656,
        "eps": 0.0788,
        "epsdiluted": 0.0788,
        "weightedAverageShsOut": 10691646,
        "weightedAverageShsOutDil": 10842803,
        "link": "https://www.sec.gov/Archives/edgar/data/10329/000143774914006056/0001437749-14-006056-index.htm",
        "finalLink": "https://www.sec.gov/Archives/edgar/data/10329/000143774914006056/bset20140301_10q.htm"
    },
    {
        "date": "2013-11-30",
        "symbol": "BSET",
        "reportedCurrency": "USD",
        "cik": "0000010329",
        "fillingDate": "2014-01-23",
        "acceptedDate": "2014-01-22 17:33:03",
        "calendarYear": "2013",
        "period": "Q4",
        "revenue": 83062000,
        "costOfRevenue": 38977000,
        "grossProfit": 44085000,
        "grossProfitRatio": 0.5307481159,
        "researchAndDevelopmentExpenses": 0,
        "generalAndAdministrativeExpenses": 40322000,
        "sellingAndMarketingExpenses": 0,
        "sellingGeneralAndAdministrativeExpenses": 40322000,
        "otherExpenses": 355000,
        "operatingExpenses": 40677000,
        "costAndExpenses": 79654000,
        "interestIncome": 0,
        "interestExpense": -771000,
        "depreciationAndAmortization": 1753000,
        "ebitda": 5161000,
        "ebitdaratio": 0.0621343093,
        "operatingIncome": 3408000,
        "operatingIncomeRatio": 0.0410295924,
        "totalOtherIncomeExpensesNet": -792000,
        "incomeBeforeTax": 2616000,
        "incomeBeforeTaxRatio": 0.0314945462,
        "incomeTaxExpense": 1009000,
        "netIncome": 1607000,
        "netIncomeRatio": 0.0193469938,
        "eps": 0.15,
        "epsdiluted": 0.15,
        "weightedAverageShsOut": 10713333,
        "weightedAverageShsOutDil": 10713333,
        "link": "https://www.sec.gov/Archives/edgar/data/10329/000143774914000921/0001437749-14-000921-index.htm",
        "finalLink": "https://www.sec.gov/Archives/edgar/data/10329/000143774914000921/bset20131130_10k.htm"
    },
    {
        "date": "2013-08-31",
        "symbol": "BSET",
        "reportedCurrency": "USD",
        "cik": "0000010329",
        "fillingDate": "2013-10-03",
        "acceptedDate": "2013-10-03 10:00:52",
        "calendarYear": "2013",
        "period": "Q3",
        "revenue": 77152000,
        "costOfRevenue": 38429000,
        "grossProfit": 38723000,
        "grossProfitRatio": 0.5019053297,
        "researchAndDevelopmentExpenses": 0,
        "generalAndAdministrativeExpenses": 37900000,
        "sellingAndMarketingExpenses": 0,
        "sellingGeneralAndAdministrativeExpenses": 37900000,
        "otherExpenses": 0,
        "operatingExpenses": 37900000,
        "costAndExpenses": 76329000,
        "interestIncome": 0,
        "interestExpense": 229000,
        "depreciationAndAmortization": 1555000,
        "ebitda": 2378000,
        "ebitdaratio": 0.0308222729,
        "operatingIncome": 823000,
        "operatingIncomeRatio": 0.0106672543,
        "totalOtherIncomeExpensesNet": -229000,
        "incomeBeforeTax": 594000,
        "incomeBeforeTaxRatio": 0.0076990875,
        "incomeTaxExpense": 38000,
        "netIncome": 556000,
        "netIncomeRatio": 0.0072065533,
        "eps": 0.0518,
        "epsdiluted": 0.05,
        "weightedAverageShsOut": 10742625,
        "weightedAverageShsOutDil": 10905829,
        "link": "https://www.sec.gov/Archives/edgar/data/10329/000143774913012694/0001437749-13-012694-index.htm",
        "finalLink": "https://www.sec.gov/Archives/edgar/data/10329/000143774913012694/bset20130830_10q.htm"
    },
    {
        "date": "2013-06-01",
        "symbol": "BSET",
        "reportedCurrency": "USD",
        "cik": "0000010329",
        "fillingDate": "2013-07-09",
        "acceptedDate": "2013-07-09 09:32:44",
        "calendarYear": "2013",
        "period": "Q2",
        "revenue": 81223000,
        "costOfRevenue": 39397000,
        "grossProfit": 41826000,
        "grossProfitRatio": 0.5149526612,
        "researchAndDevelopmentExpenses": 0,
        "generalAndAdministrativeExpenses": 38416000,
        "sellingAndMarketingExpenses": 0,
        "sellingGeneralAndAdministrativeExpenses": 38416000,
        "otherExpenses": 0,
        "operatingExpenses": 38416000,
        "costAndExpenses": 77813000,
        "interestIncome": 0,
        "interestExpense": 129000,
        "depreciationAndAmortization": 1456000,
        "ebitda": 4866000,
        "ebitdaratio": 0.059909139,
        "operatingIncome": 3410000,
        "operatingIncomeRatio": 0.0419831821,
        "totalOtherIncomeExpensesNet": -129000,
        "incomeBeforeTax": 3281000,
        "incomeBeforeTaxRatio": 0.040394962,
        "incomeTaxExpense": 1328000,
        "netIncome": 1953000,
        "netIncomeRatio": 0.0240449134,
        "eps": 0.18,
        "epsdiluted": 0.18,
        "weightedAverageShsOut": 10712718,
        "weightedAverageShsOutDil": 10885849,
        "link": "https://www.sec.gov/Archives/edgar/data/10329/000143774913008551/0001437749-13-008551-index.htm",
        "finalLink": "https://www.sec.gov/Archives/edgar/data/10329/000143774913008551/bset20130623_10q.htm"
    },
    {
        "date": "2013-03-02",
        "symbol": "BSET",
        "reportedCurrency": "USD",
        "cik": "0000010329",
        "fillingDate": "2013-04-04",
        "acceptedDate": "2013-04-04 09:31:25",
        "calendarYear": "2013",
        "period": "Q1",
        "revenue": 79849000,
        "costOfRevenue": 38489000,
        "grossProfit": 41360000,
        "grossProfitRatio": 0.5179776829,
        "researchAndDevelopmentExpenses": 0,
        "generalAndAdministrativeExpenses": 38996000,
        "sellingAndMarketingExpenses": 0,
        "sellingGeneralAndAdministrativeExpenses": 38996000,
        "otherExpenses": 0,
        "operatingExpenses": 38996000,
        "costAndExpenses": 77485000,
        "interestIncome": 0,
        "interestExpense": 668000,
        "depreciationAndAmortization": 1434000,
        "ebitda": 3798000,
        "ebitdaratio": 0.0475647785,
        "operatingIncome": 2364000,
        "operatingIncomeRatio": 0.0296058811,
        "totalOtherIncomeExpensesNet": -668000,
        "incomeBeforeTax": 1696000,
        "incomeBeforeTaxRatio": 0.0212400907,
        "incomeTaxExpense": 716000,
        "netIncome": 980000,
        "netIncomeRatio": 0.0122731656,
        "eps": 0.0916,
        "epsdiluted": 0.09,
        "weightedAverageShsOut": 10698626,
        "weightedAverageShsOutDil": 10855885,
        "link": "https://www.sec.gov/Archives/edgar/data/10329/000143774913003984/0001437749-13-003984-index.htm",
        "finalLink": "https://www.sec.gov/Archives/edgar/data/10329/000143774913003984/bfi_10q-030213.htm"
    },
    {
        "date": "2012-11-24",
        "symbol": "BSET",
        "reportedCurrency": "USD",
        "cik": "0000010329",
        "fillingDate": "2013-02-04",
        "acceptedDate": "2013-02-04 09:16:33",
        "calendarYear": "2012",
        "period": "Q4",
        "revenue": 76812000,
        "costOfRevenue": 36640000,
        "grossProfit": 40172000,
        "grossProfitRatio": 0.5229911993,
        "researchAndDevelopmentExpenses": 0,
        "generalAndAdministrativeExpenses": 37697000,
        "sellingAndMarketingExpenses": 0,
        "sellingGeneralAndAdministrativeExpenses": 37697000,
        "otherExpenses": 0,
        "operatingExpenses": 37697000,
        "costAndExpenses": 74337000,
        "interestIncome": 0,
        "interestExpense": 67000,
        "depreciationAndAmortization": 1542000,
        "ebitda": 4056000,
        "ebitdaratio": 0.0528042493,
        "operatingIncome": 2515000,
        "operatingIncomeRatio": 0.0327422799,
        "totalOtherIncomeExpensesNet": 163000,
        "incomeBeforeTax": 2678000,
        "incomeBeforeTaxRatio": 0.0348643441,
        "incomeTaxExpense": -14218000,
        "netIncome": 16896000,
        "netIncomeRatio": 0.2199656304,
        "eps": 1.57,
        "epsdiluted": 1.55,
        "weightedAverageShsOut": 10761783,
        "weightedAverageShsOutDil": 10900645,
        "link": "https://www.sec.gov/Archives/edgar/data/10329/000143774913001053/0001437749-13-001053-index.htm",
        "finalLink": "https://www.sec.gov/Archives/edgar/data/10329/000143774913001053/bfii_10k-112412.htm"
    },
    {
        "date": "2012-08-25",
        "symbol": "BSET",
        "reportedCurrency": "USD",
        "cik": "0000010329",
        "fillingDate": "2012-10-04",
        "acceptedDate": "2012-10-04 16:11:29",
        "calendarYear": "2012",
        "period": "Q3",
        "revenue": 64438000,
        "costOfRevenue": 30620000,
        "grossProfit": 33818000,
        "grossProfitRatio": 0.5248145504,
        "researchAndDevelopmentExpenses": 0,
        "generalAndAdministrativeExpenses": 33052000,
        "sellingAndMarketingExpenses": 0,
        "sellingGeneralAndAdministrativeExpenses": 33052000,
        "otherExpenses": 0,
        "operatingExpenses": 33052000,
        "costAndExpenses": 63672000,
        "interestIncome": 0,
        "interestExpense": 72000,
        "depreciationAndAmortization": 0,
        "ebitda": 766000,
        "ebitdaratio": 0.0118873956,
        "operatingIncome": 766000,
        "operatingIncomeRatio": 0.0118873956,
        "totalOtherIncomeExpensesNet": -315000,
        "incomeBeforeTax": 451000,
        "incomeBeforeTaxRatio": 0.0069989758,
        "incomeTaxExpense": -1920000,
        "netIncome": 2371000,
        "netIncomeRatio": 0.0367950588,
        "eps": 0.21,
        "epsdiluted": 0.21,
        "weightedAverageShsOut": 11290476,
        "weightedAverageShsOutDil": 11290476,
        "link": "https://www.sec.gov/Archives/edgar/data/10329/000143774912010044/0001437749-12-010044-index.htm",
        "finalLink": "https://www.sec.gov/Archives/edgar/data/10329/000143774912010044/bfi_10q-082512.htm"
    },
    {
        "date": "2012-05-26",
        "symbol": "BSET",
        "reportedCurrency": "USD",
        "cik": "0000010329",
        "fillingDate": "2012-07-05",
        "acceptedDate": "2012-07-05 15:03:03",
        "calendarYear": "2012",
        "period": "Q2",
        "revenue": 67454000,
        "costOfRevenue": 31793000,
        "grossProfit": 35661000,
        "grossProfitRatio": 0.5286713909,
        "researchAndDevelopmentExpenses": 0,
        "generalAndAdministrativeExpenses": 33435000,
        "sellingAndMarketingExpenses": 0,
        "sellingGeneralAndAdministrativeExpenses": 33344000,
        "otherExpenses": 697000,
        "operatingExpenses": 34041000,
        "costAndExpenses": 65834000,
        "interestIncome": 0,
        "interestExpense": 78000,
        "depreciationAndAmortization": 1299000,
        "ebitda": 3525000,
        "ebitdaratio": 0.052257835,
        "operatingIncome": 1620000,
        "operatingIncomeRatio": 0.0240163667,
        "totalOtherIncomeExpensesNet": 8333000,
        "incomeBeforeTax": 9953000,
        "incomeBeforeTaxRatio": 0.1475524061,
        "incomeTaxExpense": 1911000,
        "netIncome": 8042000,
        "netIncomeRatio": 0.1192219883,
        "eps": 0.72,
        "epsdiluted": 0.71,
        "weightedAverageShsOut": 11169444,
        "weightedAverageShsOutDil": 11326761,
        "link": "https://www.sec.gov/Archives/edgar/data/10329/000143774912006693/0001437749-12-006693-index.htm",
        "finalLink": "https://www.sec.gov/Archives/edgar/data/10329/000143774912006693/bfii_10q-052612.htm"
    },
    {
        "date": "2012-02-25",
        "symbol": "BSET",
        "reportedCurrency": "USD",
        "cik": "0000010329",
        "fillingDate": "2012-04-05",
        "acceptedDate": "2012-04-05 16:05:28",
        "calendarYear": "2012",
        "period": "Q1",
        "revenue": 60968000,
        "costOfRevenue": 29297000,
        "grossProfit": 31671000,
        "grossProfitRatio": 0.5194692298,
        "researchAndDevelopmentExpenses": 0,
        "generalAndAdministrativeExpenses": 31028000,
        "sellingAndMarketingExpenses": 0,
        "sellingGeneralAndAdministrativeExpenses": 31028000,
        "otherExpenses": -32000,
        "operatingExpenses": 30996000,
        "costAndExpenses": 60553000,
        "interestIncome": 0,
        "interestExpense": 77000,
        "depreciationAndAmortization": 1316000,
        "ebitda": 1959000,
        "ebitdaratio": 0.03213161,
        "operatingIncome": 1249000,
        "operatingIncomeRatio": 0.0204861567,
        "totalOtherIncomeExpensesNet": -2317000,
        "incomeBeforeTax": -1068000,
        "incomeBeforeTaxRatio": -0.0175173862,
        "incomeTaxExpense": -472000,
        "netIncome": -596000,
        "netIncomeRatio": -0.00977562,
        "eps": -0.0534,
        "epsdiluted": -0.0534,
        "weightedAverageShsOut": 11159980,
        "weightedAverageShsOutDil": 11159980,
        "link": "https://www.sec.gov/Archives/edgar/data/10329/000143774912003459/0001437749-12-003459-index.htm",
        "finalLink": "https://www.sec.gov/Archives/edgar/data/10329/000143774912003459/bassett_10q-022512.htm"
    },
    {
        "date": "2011-11-26",
        "symbol": "BSET",
        "reportedCurrency": "USD",
        "cik": "0000010329",
        "fillingDate": "2012-02-03",
        "acceptedDate": "2012-02-03 10:40:19",
        "calendarYear": "2011",
        "period": "Q4",
        "revenue": 63266000,
        "costOfRevenue": 29996000,
        "grossProfit": 33270000,
        "grossProfitRatio": 0.5258748775,
        "researchAndDevelopmentExpenses": 0,
        "generalAndAdministrativeExpenses": 0,
        "sellingAndMarketingExpenses": 0,
        "sellingGeneralAndAdministrativeExpenses": 8079000,
        "otherExpenses": 23318000,
        "operatingExpenses": 31397000,
        "costAndExpenses": 61393000,
        "interestIncome": 0,
        "interestExpense": -510000,
        "depreciationAndAmortization": 1364000,
        "ebitda": 2263000,
        "ebitdaratio": 0.0357696077,
        "operatingIncome": 1873000,
        "operatingIncomeRatio": 0.0296051592,
        "totalOtherIncomeExpensesNet": -464000,
        "incomeBeforeTax": 1409000,
        "incomeBeforeTaxRatio": 0.0222710461,
        "incomeTaxExpense": 776000,
        "netIncome": 633000,
        "netIncomeRatio": 0.0100053741,
        "eps": 0.054,
        "epsdiluted": 0.054,
        "weightedAverageShsOut": 11159980,
        "weightedAverageShsOutDil": 11159980,
        "link": "https://www.sec.gov/Archives/edgar/data/10329/000143774912001055/0001437749-12-001055-index.htm",
        "finalLink": "https://www.sec.gov/Archives/edgar/data/10329/000143774912001055/bassett_10k-112611.htm"
    },
    {
        "date": "2011-08-27",
        "symbol": "BSET",
        "reportedCurrency": "USD",
        "cik": "0000010329",
        "fillingDate": "2011-10-06",
        "acceptedDate": "2011-10-06 16:03:15",
        "calendarYear": "2011",
        "period": "Q3",
        "revenue": 59417000,
        "costOfRevenue": 30166000,
        "grossProfit": 29251000,
        "grossProfitRatio": 0.4923001834,
        "researchAndDevelopmentExpenses": 0,
        "generalAndAdministrativeExpenses": 0,
        "sellingAndMarketingExpenses": 0,
        "sellingGeneralAndAdministrativeExpenses": 29357000,
        "otherExpenses": 0,
        "operatingExpenses": 29357000,
        "costAndExpenses": 59523000,
        "interestIncome": 0,
        "interestExpense": 416000,
        "depreciationAndAmortization": 1243000,
        "ebitda": 1734000,
        "ebitdaratio": 0.029183567,
        "operatingIncome": -229000,
        "operatingIncomeRatio": -0.0038541158,
        "totalOtherIncomeExpensesNet": 304000,
        "incomeBeforeTax": 76000,
        "incomeBeforeTaxRatio": 0.0012790952,
        "incomeTaxExpense": -342000,
        "netIncome": 417000,
        "netIncomeRatio": 0.0070181934,
        "eps": 0.04,
        "epsdiluted": 0.04,
        "weightedAverageShsOut": 11454409,
        "weightedAverageShsOutDil": 11579258,
        "link": "https://www.sec.gov/Archives/edgar/data/10329/000143774911007437/0001437749-11-007437-index.htm",
        "finalLink": "https://www.sec.gov/Archives/edgar/data/10329/000143774911007437/bassett_10q-082711.htm"
    },
    {
        "date": "2011-05-28",
        "symbol": "BSET",
        "reportedCurrency": "USD",
        "cik": "0000010329",
        "fillingDate": "2011-07-07",
        "acceptedDate": "2011-07-07 14:09:04",
        "calendarYear": "2011",
        "period": "Q2",
        "revenue": 66261000,
        "costOfRevenue": 33064000,
        "grossProfit": 33197000,
        "grossProfitRatio": 0.5010036069,
        "researchAndDevelopmentExpenses": 0,
        "generalAndAdministrativeExpenses": 0,
        "sellingAndMarketingExpenses": 0,
        "sellingGeneralAndAdministrativeExpenses": 46370000,
        "otherExpenses": 1080000,
        "operatingExpenses": 47450000,
        "costAndExpenses": 80514000,
        "interestIncome": 0,
        "interestExpense": 439000,
        "depreciationAndAmortization": 1442000,
        "ebitda": 68355000,
        "ebitdaratio": 1.0316023,
        "operatingIncome": -14253000,
        "operatingIncomeRatio": -0.2151039073,
        "totalOtherIncomeExpensesNet": 80727000,
        "incomeBeforeTax": 66474000,
        "incomeBeforeTaxRatio": 1.0032145606,
        "incomeTaxExpense": 3928000,
        "netIncome": 62546000,
        "netIncomeRatio": 0.9439338374,
        "eps": 5.43,
        "epsdiluted": 5.39,
        "weightedAverageShsOut": 11518630,
        "weightedAverageShsOutDil": 11597866,
        "link": "https://www.sec.gov/Archives/edgar/data/10329/000143774911004612/0001437749-11-004612-index.htm",
        "finalLink": "https://www.sec.gov/Archives/edgar/data/10329/000143774911004612/bfii_10q-052811.htm"
    },
    {
        "date": "2011-02-26",
        "symbol": "BSET",
        "reportedCurrency": "USD",
        "cik": "0000010329",
        "fillingDate": "2011-04-12",
        "acceptedDate": "2011-04-12 17:01:45",
        "calendarYear": "2011",
        "period": "Q1",
        "revenue": 64264000,
        "costOfRevenue": 32416000,
        "grossProfit": 31848000,
        "grossProfitRatio": 0.4955807295,
        "researchAndDevelopmentExpenses": 0,
        "generalAndAdministrativeExpenses": 0,
        "sellingAndMarketingExpenses": 0,
        "sellingGeneralAndAdministrativeExpenses": 38218000,
        "otherExpenses": 879000,
        "operatingExpenses": 39097000,
        "costAndExpenses": 71513000,
        "interestIncome": 0,
        "interestExpense": 567000,
        "depreciationAndAmortization": 1465000,
        "ebitda": -6176000,
        "ebitdaratio": -0.0961035728,
        "operatingIncome": -7249000,
        "operatingIncomeRatio": -0.1128003237,
        "totalOtherIncomeExpensesNet": -959000,
        "incomeBeforeTax": -8208000,
        "incomeBeforeTaxRatio": -0.127723142,
        "incomeTaxExpense": 47000,
        "netIncome": -8255000,
        "netIncomeRatio": -0.1284545002,
        "eps": -0.72,
        "epsdiluted": -0.72,
        "weightedAverageShsOut": 11504452,
        "weightedAverageShsOutDil": 11504452,
        "link": "https://www.sec.gov/Archives/edgar/data/10329/000143774911002268/0001437749-11-002268-index.htm",
        "finalLink": "https://www.sec.gov/Archives/edgar/data/10329/000143774911002268/bfii_10q-022611.htm"
    },
    {
        "date": "2010-11-27",
        "symbol": "BSET",
        "reportedCurrency": "USD",
        "cik": "0000010329",
        "fillingDate": "2011-02-03",
        "acceptedDate": "2011-02-03 16:55:32",
        "calendarYear": "2010",
        "period": "Q4",
        "revenue": 65991000,
        "costOfRevenue": 34097000,
        "grossProfit": 31894000,
        "grossProfitRatio": 0.4833083299,
        "researchAndDevelopmentExpenses": 0,
        "generalAndAdministrativeExpenses": 0,
        "sellingAndMarketingExpenses": 0,
        "sellingGeneralAndAdministrativeExpenses": 31091000,
        "otherExpenses": -488000,
        "operatingExpenses": 30603000,
        "costAndExpenses": 64700000,
        "interestIncome": 0,
        "interestExpense": 613000,
        "depreciationAndAmortization": 1542000,
        "ebitda": 4002000,
        "ebitdaratio": 0.0606446334,
        "operatingIncome": 1291000,
        "operatingIncomeRatio": 0.0195632738,
        "totalOtherIncomeExpensesNet": 556000,
        "incomeBeforeTax": 1847000,
        "incomeBeforeTaxRatio": 0.0279886651,
        "incomeTaxExpense": -94000,
        "netIncome": 1941000,
        "netIncomeRatio": 0.0294131018,
        "eps": 0.17,
        "epsdiluted": 0.17,
        "weightedAverageShsOut": 11494837,
        "weightedAverageShsOutDil": 11504452,
        "link": "https://www.sec.gov/Archives/edgar/data/10329/000119312511023266/0001193125-11-023266-index.htm",
        "finalLink": "https://www.sec.gov/Archives/edgar/data/10329/000119312511023266/d10k.htm"
    },
    {
        "date": "2010-08-28",
        "symbol": "BSET",
        "reportedCurrency": "USD",
        "cik": "0000010329",
        "fillingDate": "2010-10-07",
        "acceptedDate": "2010-10-07 16:37:34",
        "calendarYear": "2010",
        "period": "Q3",
        "revenue": 58527000,
        "costOfRevenue": 31914000,
        "grossProfit": 26613000,
        "grossProfitRatio": 0.4547132093,
        "researchAndDevelopmentExpenses": 0,
        "generalAndAdministrativeExpenses": 0,
        "sellingAndMarketingExpenses": 0,
        "sellingGeneralAndAdministrativeExpenses": 28924000,
        "otherExpenses": 0,
        "operatingExpenses": 28924000,
        "costAndExpenses": 60838000,
        "interestIncome": 0,
        "interestExpense": 628000,
        "depreciationAndAmortization": 1465000,
        "ebitda": -483000,
        "ebitdaratio": -0.0082526014,
        "operatingIncome": -2311000,
        "operatingIncomeRatio": -0.0394860492,
        "totalOtherIncomeExpensesNet": -265000,
        "incomeBeforeTax": -2576000,
        "incomeBeforeTaxRatio": -0.0440138739,
        "incomeTaxExpense": -208000,
        "netIncome": -2368000,
        "netIncomeRatio": -0.0404599587,
        "eps": -0.21,
        "epsdiluted": -0.21,
        "weightedAverageShsOut": 11484959,
        "weightedAverageShsOutDil": 11484959,
        "link": "https://www.sec.gov/Archives/edgar/data/10329/000119312510225913/0001193125-10-225913-index.htm",
        "finalLink": "https://www.sec.gov/Archives/edgar/data/10329/000119312510225913/d10q.htm"
    },
    {
        "date": "2010-05-29",
        "symbol": "BSET",
        "reportedCurrency": "USD",
        "cik": "0000010329",
        "fillingDate": "2010-07-08",
        "acceptedDate": "2010-07-08 16:27:55",
        "calendarYear": "2010",
        "period": "Q2",
        "revenue": 57845000,
        "costOfRevenue": 29408000,
        "grossProfit": 28437000,
        "grossProfitRatio": 0.4916068805,
        "researchAndDevelopmentExpenses": 0,
        "generalAndAdministrativeExpenses": 0,
        "sellingAndMarketingExpenses": 0,
        "sellingGeneralAndAdministrativeExpenses": 28743000,
        "otherExpenses": 0,
        "operatingExpenses": 28743000,
        "costAndExpenses": 58151000,
        "interestIncome": 0,
        "interestExpense": 718000,
        "depreciationAndAmortization": 1484000,
        "ebitda": 2367000,
        "ebitdaratio": 0.0409196992,
        "operatingIncome": -306000,
        "operatingIncomeRatio": -0.0052899991,
        "totalOtherIncomeExpensesNet": 471000,
        "incomeBeforeTax": 165000,
        "incomeBeforeTaxRatio": 0.0028524505,
        "incomeTaxExpense": 48000,
        "netIncome": 117000,
        "netIncomeRatio": 0.0020226467,
        "eps": 0.01,
        "epsdiluted": 0.01,
        "weightedAverageShsOut": 11441663,
        "weightedAverageShsOutDil": 11478835,
        "link": "https://www.sec.gov/Archives/edgar/data/10329/000119312510155760/0001193125-10-155760-index.htm",
        "finalLink": "https://www.sec.gov/Archives/edgar/data/10329/000119312510155760/d10q.htm"
    },
    {
        "date": "2010-02-27",
        "symbol": "BSET",
        "reportedCurrency": "USD",
        "cik": "0000010329",
        "fillingDate": "2010-04-08",
        "acceptedDate": "2010-04-08 16:35:00",
        "calendarYear": "2010",
        "period": "Q1",
        "revenue": 52891000,
        "costOfRevenue": 27148000,
        "grossProfit": 25743000,
        "grossProfitRatio": 0.4867179671,
        "researchAndDevelopmentExpenses": 0,
        "generalAndAdministrativeExpenses": 0,
        "sellingAndMarketingExpenses": 0,
        "sellingGeneralAndAdministrativeExpenses": 28615000,
        "otherExpenses": 0,
        "operatingExpenses": 28615000,
        "costAndExpenses": 55763000,
        "interestIncome": 0,
        "interestExpense": 911000,
        "depreciationAndAmortization": 1475000,
        "ebitda": 742000,
        "ebitdaratio": 0.0140288518,
        "operatingIncome": -2872000,
        "operatingIncomeRatio": -0.0543003536,
        "totalOtherIncomeExpensesNet": 1228000,
        "incomeBeforeTax": -1644000,
        "incomeBeforeTaxRatio": -0.0310827929,
        "incomeTaxExpense": 48000,
        "netIncome": -1692000,
        "netIncomeRatio": -0.0319903197,
        "eps": -0.15,
        "epsdiluted": -0.15,
        "weightedAverageShsOut": 11415568,
        "weightedAverageShsOutDil": 11415568,
        "link": "https://www.sec.gov/Archives/edgar/data/10329/000119312510079578/0001193125-10-079578-index.htm",
        "finalLink": "https://www.sec.gov/Archives/edgar/data/10329/000119312510079578/d10q.htm"
    },
    {
        "date": "2009-11-28",
        "symbol": "BSET",
        "reportedCurrency": "USD",
        "cik": "0000010329",
        "fillingDate": "2010-02-12",
        "acceptedDate": "2010-02-11 17:50:55",
        "calendarYear": "2009",
        "period": "Q4",
        "revenue": 59523000,
        "costOfRevenue": 31845000,
        "grossProfit": 27678000,
        "grossProfitRatio": 0.464996724,
        "researchAndDevelopmentExpenses": 0,
        "generalAndAdministrativeExpenses": 0,
        "sellingAndMarketingExpenses": 0,
        "sellingGeneralAndAdministrativeExpenses": 27463000,
        "otherExpenses": -28000,
        "operatingExpenses": 27435000,
        "costAndExpenses": 59280000,
        "interestIncome": 0,
        "interestExpense": 2058000,
        "depreciationAndAmortization": 1638000,
        "ebitda": 4764000,
        "ebitdaratio": 0.0800362885,
        "operatingIncome": 4037000,
        "operatingIncomeRatio": 0.0678225224,
        "totalOtherIncomeExpensesNet": -2969000,
        "incomeBeforeTax": 1068000,
        "incomeBeforeTaxRatio": 0.017942644,
        "incomeTaxExpense": -1498000,
        "netIncome": 2566000,
        "netIncomeRatio": 0.0431093863,
        "eps": 0.23,
        "epsdiluted": 0.23,
        "weightedAverageShsOut": 11329141,
        "weightedAverageShsOutDil": 11415568,
        "link": "https://www.sec.gov/Archives/edgar/data/10329/000119312510028896/0001193125-10-028896-index.htm",
        "finalLink": "https://www.sec.gov/Archives/edgar/data/10329/000119312510028896/d10k.htm"
    },
    {
        "date": "2009-08-29",
        "symbol": "BSET",
        "reportedCurrency": "USD",
        "cik": "0000010329",
        "fillingDate": "2009-10-08",
        "acceptedDate": "2009-10-08 16:28:07",
        "calendarYear": "2009",
        "period": "Q3",
        "revenue": 57670000,
        "costOfRevenue": 31684000,
        "grossProfit": 25986000,
        "grossProfitRatio": 0.4505982313,
        "researchAndDevelopmentExpenses": 0,
        "generalAndAdministrativeExpenses": 0,
        "sellingAndMarketingExpenses": 0,
        "sellingGeneralAndAdministrativeExpenses": 28972000,
        "otherExpenses": 0,
        "operatingExpenses": 28972000,
        "costAndExpenses": 60656000,
        "interestIncome": 0,
        "interestExpense": 927000,
        "depreciationAndAmortization": 1616000,
        "ebitda": -1289000,
        "ebitdaratio": -0.0223513092,
        "operatingIncome": -2986000,
        "operatingIncomeRatio": -0.0517773539,
        "totalOtherIncomeExpensesNet": -846000,
        "incomeBeforeTax": -3832000,
        "incomeBeforeTaxRatio": -0.0664470262,
        "incomeTaxExpense": -386000,
        "netIncome": -3446000,
        "netIncomeRatio": -0.0597537715,
        "eps": -0.3,
        "epsdiluted": -0.3,
        "weightedAverageShsOut": 11438848,
        "weightedAverageShsOutDil": 11438848,
        "link": "https://www.sec.gov/Archives/edgar/data/10329/000119312509205641/0001193125-09-205641-index.htm",
        "finalLink": "https://www.sec.gov/Archives/edgar/data/10329/000119312509205641/d10q.htm"
    },
    {
        "date": "2009-05-30",
        "symbol": "BSET",
        "reportedCurrency": "USD",
        "cik": "0000010329",
        "fillingDate": "2009-09-15",
        "acceptedDate": "2009-09-14 18:08:27",
        "calendarYear": "2009",
        "period": "Q2",
        "revenue": 57718000,
        "costOfRevenue": 32685000,
        "grossProfit": 25033000,
        "grossProfitRatio": 0.4337121868,
        "researchAndDevelopmentExpenses": 0,
        "generalAndAdministrativeExpenses": 0,
        "sellingAndMarketingExpenses": 0,
        "sellingGeneralAndAdministrativeExpenses": 32249000,
        "otherExpenses": -285000,
        "operatingExpenses": 31964000,
        "costAndExpenses": 66322000,
        "interestIncome": 0,
        "interestExpense": 930000,
        "depreciationAndAmortization": 1868000,
        "ebitda": -6993000,
        "ebitdaratio": -0.1211580443,
        "operatingIncome": -8604000,
        "operatingIncomeRatio": -0.1490696143,
        "totalOtherIncomeExpensesNet": -1187000,
        "incomeBeforeTax": -9791000,
        "incomeBeforeTaxRatio": -0.1696351225,
        "incomeTaxExpense": 65000,
        "netIncome": -9856000,
        "netIncomeRatio": -0.1707612876,
        "eps": -0.87,
        "epsdiluted": -0.87,
        "weightedAverageShsOut": 11391297,
        "weightedAverageShsOutDil": 11391397,
        "link": "https://www.sec.gov/Archives/edgar/data/10329/000119312509191497/0001193125-09-191497-index.htm",
        "finalLink": "https://www.sec.gov/Archives/edgar/data/10329/000119312509191497/d10q.htm"
    },
    {
        "date": "2009-02-28",
        "symbol": "BSET",
        "reportedCurrency": "USD",
        "cik": "0000010329",
        "fillingDate": "2009-04-09",
        "acceptedDate": "2009-04-09 16:08:33",
        "calendarYear": "2009",
        "period": "Q1",
        "revenue": 57811000,
        "costOfRevenue": 33668000,
        "grossProfit": 24143000,
        "grossProfitRatio": 0.4176194842,
        "researchAndDevelopmentExpenses": 0,
        "generalAndAdministrativeExpenses": 0,
        "sellingAndMarketingExpenses": 0,
        "sellingGeneralAndAdministrativeExpenses": 30174000,
        "otherExpenses": 2570000,
        "operatingExpenses": 32744000,
        "costAndExpenses": 66412000,
        "interestIncome": 0,
        "interestExpense": 954000,
        "depreciationAndAmortization": 1482000,
        "ebitda": -10632000,
        "ebitdaratio": -0.1839096366,
        "operatingIncome": -8601000,
        "operatingIncomeRatio": -0.1487779142,
        "totalOtherIncomeExpensesNet": -3297000,
        "incomeBeforeTax": -11898000,
        "incomeBeforeTaxRatio": -0.2058085831,
        "incomeTaxExpense": 65000,
        "netIncome": -11963000,
        "netIncomeRatio": -0.2069329366,
        "eps": -1.05,
        "epsdiluted": -1.05,
        "weightedAverageShsOut": 11423869,
        "weightedAverageShsOutDil": 11423869,
        "link": "https://www.sec.gov/Archives/edgar/data/10329/000119312509076522/0001193125-09-076522-index.htm",
        "finalLink": "https://www.sec.gov/Archives/edgar/data/10329/000119312509076522/d10q.htm"
    },
    {
        "date": "2008-11-29",
        "symbol": "BSET",
        "reportedCurrency": "USD",
        "cik": "0000010329",
        "fillingDate": "2009-02-12",
        "acceptedDate": "2009-02-12 17:08:40",
        "calendarYear": "2008",
        "period": "Q4",
        "revenue": 61678000,
        "costOfRevenue": 36978000,
        "grossProfit": 24700000,
        "grossProfitRatio": 0.4004669412,
        "researchAndDevelopmentExpenses": 0,
        "generalAndAdministrativeExpenses": 0,
        "sellingAndMarketingExpenses": 0,
        "sellingGeneralAndAdministrativeExpenses": 34254000,
        "otherExpenses": 17560640000,
        "operatingExpenses": 17594894000,
        "costAndExpenses": 71482000,
        "interestIncome": 0,
        "interestExpense": 17251000,
        "depreciationAndAmortization": 1781000,
        "ebitda": -6293000,
        "ebitdaratio": -0.1020298972,
        "operatingIncome": -6800000,
        "operatingIncomeRatio": -0.1102500081,
        "totalOtherIncomeExpensesNet": -9503000,
        "incomeBeforeTax": -16303000,
        "incomeBeforeTaxRatio": -0.2643243944,
        "incomeTaxExpense": 21527000,
        "netIncome": -37827000,
        "netIncomeRatio": -0.6132980966,
        "eps": -3.31,
        "epsdiluted": -3.31,
        "weightedAverageShsOut": 11423869,
        "weightedAverageShsOutDil": 11423869,
        "link": "https://www.sec.gov/Archives/edgar/data/10329/000119312509027290/0001193125-09-027290-index.htm",
        "finalLink": "https://www.sec.gov/Archives/edgar/data/10329/000119312509027290/d10k.htm"
    },
    {
        "date": "2008-08-30",
        "symbol": "BSET",
        "reportedCurrency": "USD",
        "cik": "0000010329",
        "fillingDate": "2008-10-09",
        "acceptedDate": "2008-10-09 16:46:24",
        "calendarYear": "2008",
        "period": "Q3",
        "revenue": 70159000,
        "costOfRevenue": 42105000,
        "grossProfit": 28054000,
        "grossProfitRatio": 0.3998631679,
        "researchAndDevelopmentExpenses": 0,
        "generalAndAdministrativeExpenses": 0,
        "sellingAndMarketingExpenses": 0,
        "sellingGeneralAndAdministrativeExpenses": 32247000,
        "otherExpenses": 880000,
        "operatingExpenses": 33127000,
        "costAndExpenses": 75232000,
        "interestIncome": 0,
        "interestExpense": 529000,
        "depreciationAndAmortization": 1783000,
        "ebitda": -3506000,
        "ebitdaratio": -0.049972206,
        "operatingIncome": -5073000,
        "operatingIncomeRatio": -0.072307188,
        "totalOtherIncomeExpensesNet": -745000,
        "incomeBeforeTax": -5818000,
        "incomeBeforeTaxRatio": -0.0829259254,
        "incomeTaxExpense": -3166000,
        "netIncome": -2652000,
        "netIncomeRatio": -0.0377998546,
        "eps": -0.23,
        "epsdiluted": -0.23,
        "weightedAverageShsOut": 11601118,
        "weightedAverageShsOutDil": 11601118,
        "link": "https://www.sec.gov/Archives/edgar/data/10329/000119312508208565/0001193125-08-208565-index.htm",
        "finalLink": "https://www.sec.gov/Archives/edgar/data/10329/000119312508208565/d10q.htm"
    },
    {
        "date": "2008-05-31",
        "symbol": "BSET",
        "reportedCurrency": "USD",
        "cik": "0000010329",
        "fillingDate": "2008-07-10",
        "acceptedDate": "2008-07-10 17:06:03",
        "calendarYear": "2008",
        "period": "Q2",
        "revenue": 74862000,
        "costOfRevenue": 45344000,
        "grossProfit": 29518000,
        "grossProfitRatio": 0.3942988432,
        "researchAndDevelopmentExpenses": 0,
        "generalAndAdministrativeExpenses": 0,
        "sellingAndMarketingExpenses": 0,
        "sellingGeneralAndAdministrativeExpenses": 32461000,
        "otherExpenses": -1418000,
        "operatingExpenses": 31043000,
        "costAndExpenses": 76847000,
        "interestIncome": 0,
        "interestExpense": 696000,
        "depreciationAndAmortization": 1913000,
        "ebitda": 721000,
        "ebitdaratio": 0.0096310545,
        "operatingIncome": -1985000,
        "operatingIncomeRatio": -0.0265154551,
        "totalOtherIncomeExpensesNet": 97000,
        "incomeBeforeTax": -1888000,
        "incomeBeforeTaxRatio": -0.0252197377,
        "incomeTaxExpense": -1497000,
        "netIncome": -394000,
        "netIncomeRatio": -0.0052630173,
        "eps": -0.0332,
        "epsdiluted": -0.0332,
        "weightedAverageShsOut": 11759895,
        "weightedAverageShsOutDil": 11759895,
        "link": "https://www.sec.gov/Archives/edgar/data/10329/000119312508149361/0001193125-08-149361-index.htm",
        "finalLink": "https://www.sec.gov/Archives/edgar/data/10329/000119312508149361/d10q.htm"
    },
    {
        "date": "2008-03-01",
        "symbol": "BSET",
        "reportedCurrency": "USD",
        "cik": "0000010329",
        "fillingDate": "2008-04-10",
        "acceptedDate": "2008-04-10 17:17:17",
        "calendarYear": "2008",
        "period": "Q1",
        "revenue": 81599000,
        "costOfRevenue": 48972000,
        "grossProfit": 32627000,
        "grossProfitRatio": 0.3998455863,
        "researchAndDevelopmentExpenses": 0,
        "generalAndAdministrativeExpenses": 0,
        "sellingAndMarketingExpenses": 0,
        "sellingGeneralAndAdministrativeExpenses": 32215000,
        "otherExpenses": 0,
        "operatingExpenses": 32215000,
        "costAndExpenses": 81187000,
        "interestIncome": 0,
        "interestExpense": 0,
        "depreciationAndAmortization": 2036000,
        "ebitda": -2798000,
        "ebitdaratio": -0.0342896359,
        "operatingIncome": 412000,
        "operatingIncomeRatio": 0.0050490815,
        "totalOtherIncomeExpensesNet": 187000,
        "incomeBeforeTax": 599000,
        "incomeBeforeTaxRatio": 0.0073407762,
        "incomeTaxExpense": 81000,
        "netIncome": 518000,
        "netIncomeRatio": 0.006348117,
        "eps": 0.04,
        "epsdiluted": 0.04,
        "weightedAverageShsOut": 12950000,
        "weightedAverageShsOutDil": 12950000,
        "link": "https://www.sec.gov/Archives/edgar/data/10329/000119312508079101/0001193125-08-079101-index.htm",
        "finalLink": "https://www.sec.gov/Archives/edgar/data/10329/000119312508079101/d10q.htm"
    },
    {
        "date": "2007-11-24",
        "symbol": "BSET",
        "reportedCurrency": "USD",
        "cik": "0000010329",
        "fillingDate": "2008-02-07",
        "acceptedDate": "2008-02-07 17:03:08",
        "calendarYear": "2007",
        "period": "Q4",
        "revenue": 76035000,
        "costOfRevenue": 46559000,
        "grossProfit": 29476000,
        "grossProfitRatio": 0.387663576,
        "researchAndDevelopmentExpenses": 0,
        "generalAndAdministrativeExpenses": 0,
        "sellingAndMarketingExpenses": 0,
        "sellingGeneralAndAdministrativeExpenses": 31500000,
        "otherExpenses": 19289278000,
        "operatingExpenses": 19320778000,
        "costAndExpenses": 80375000,
        "interestIncome": 0,
        "interestExpense": 3160000,
        "depreciationAndAmortization": 2225000,
        "ebitda": 42000,
        "ebitdaratio": 0.0005523772,
        "operatingIncome": 3521000,
        "operatingIncomeRatio": 0.0463076215,
        "totalOtherIncomeExpensesNet": -6390000,
        "incomeBeforeTax": -2869000,
        "incomeBeforeTaxRatio": -0.0377326231,
        "incomeTaxExpense": 1109000,
        "netIncome": -3979000,
        "netIncomeRatio": -0.0523311633,
        "eps": -0.35,
        "epsdiluted": -0.35,
        "weightedAverageShsOut": 12950000,
        "weightedAverageShsOutDil": 12950000,
        "link": "https://www.sec.gov/Archives/edgar/data/10329/000119312508023087/0001193125-08-023087-index.htm",
        "finalLink": "https://www.sec.gov/Archives/edgar/data/10329/000119312508023087/d10k.htm"
    },
    {
        "date": "2007-08-25",
        "symbol": "BSET",
        "reportedCurrency": "USD",
        "cik": "0000010329",
        "fillingDate": "2007-10-04",
        "acceptedDate": "2007-10-04 17:08:27",
        "calendarYear": "2007",
        "period": "Q3",
        "revenue": 70497000,
        "costOfRevenue": 45847000,
        "grossProfit": 24650000,
        "grossProfitRatio": 0.3496602692,
        "researchAndDevelopmentExpenses": 0,
        "generalAndAdministrativeExpenses": 0,
        "sellingAndMarketingExpenses": 0,
        "sellingGeneralAndAdministrativeExpenses": 27123000,
        "otherExpenses": 0,
        "operatingExpenses": 27123000,
        "costAndExpenses": 72970000,
        "interestIncome": 0,
        "interestExpense": 0,
        "depreciationAndAmortization": 0,
        "ebitda": -2473000,
        "ebitdaratio": -0.0350795069,
        "operatingIncome": -2473000,
        "operatingIncomeRatio": -0.0350795069,
        "totalOtherIncomeExpensesNet": 785000,
        "incomeBeforeTax": -1688000,
        "incomeBeforeTaxRatio": -0.0239442813,
        "incomeTaxExpense": -2364000,
        "netIncome": 676000,
        "netIncomeRatio": 0.0095890605,
        "eps": 0.02,
        "epsdiluted": 0.02,
        "weightedAverageShsOut": 11805138,
        "weightedAverageShsOutDil": 11807577,
        "link": "https://www.sec.gov/Archives/edgar/data/10329/000119312507213456/0001193125-07-213456-index.htm",
        "finalLink": "https://www.sec.gov/Archives/edgar/data/10329/000119312507213456/d10q.htm"
    },
    {
        "date": "2007-05-26",
        "symbol": "BSET",
        "reportedCurrency": "USD",
        "cik": "0000010329",
        "fillingDate": "2007-07-05",
        "acceptedDate": "2007-07-05 11:07:58",
        "calendarYear": "2007",
        "period": "Q2",
        "revenue": 75432000,
        "costOfRevenue": 51486000,
        "grossProfit": 23946000,
        "grossProfitRatio": 0.3174514795,
        "researchAndDevelopmentExpenses": 0,
        "generalAndAdministrativeExpenses": 0,
        "sellingAndMarketingExpenses": 0,
        "sellingGeneralAndAdministrativeExpenses": 27992000,
        "otherExpenses": 1935000,
        "operatingExpenses": 29927000,
        "costAndExpenses": 81413000,
        "interestIncome": 0,
        "interestExpense": 0,
        "depreciationAndAmortization": 2451000,
        "ebitda": -1595000,
        "ebitdaratio": -0.0211448722,
        "operatingIncome": -5981000,
        "operatingIncomeRatio": -0.0792899565,
        "totalOtherIncomeExpensesNet": 2782000,
        "incomeBeforeTax": -3199000,
        "incomeBeforeTaxRatio": -0.0424090572,
        "incomeTaxExpense": -779000,
        "netIncome": -2420000,
        "netIncomeRatio": -0.0320818751,
        "eps": -0.2,
        "epsdiluted": -0.2,
        "weightedAverageShsOut": 11816968,
        "weightedAverageShsOutDil": 11816968,
        "link": "https://www.sec.gov/Archives/edgar/data/10329/000119312507149767/0001193125-07-149767-index.htm",
        "finalLink": "https://www.sec.gov/Archives/edgar/data/10329/000119312507149767/d10q.htm"
    },
    {
        "date": "2007-02-24",
        "symbol": "BSET",
        "reportedCurrency": "USD",
        "cik": "0000010329",
        "fillingDate": "2007-04-05",
        "acceptedDate": "2007-04-05 15:53:56",
        "calendarYear": "2007",
        "period": "Q1",
        "revenue": 73420000,
        "costOfRevenue": 51109000,
        "grossProfit": 22311000,
        "grossProfitRatio": 0.3038817761,
        "researchAndDevelopmentExpenses": 0,
        "generalAndAdministrativeExpenses": 0,
        "sellingAndMarketingExpenses": 0,
        "sellingGeneralAndAdministrativeExpenses": 25825000,
        "otherExpenses": 3609000,
        "operatingExpenses": 29434000,
        "costAndExpenses": 80543000,
        "interestIncome": 0,
        "interestExpense": 1789000,
        "depreciationAndAmortization": 2328000,
        "ebitda": -4795000,
        "ebitdaratio": -0.0653091801,
        "operatingIncome": -7123000,
        "operatingIncomeRatio": -0.0970171615,
        "totalOtherIncomeExpensesNet": 910000,
        "incomeBeforeTax": -6213000,
        "incomeBeforeTaxRatio": -0.0846227186,
        "incomeTaxExpense": -2025000,
        "netIncome": -4188000,
        "netIncomeRatio": -0.057041678,
        "eps": -0.35,
        "epsdiluted": -0.35,
        "weightedAverageShsOut": 11965714,
        "weightedAverageShsOutDil": 11965714,
        "link": "https://www.sec.gov/Archives/edgar/data/10329/000119312507075449/0001193125-07-075449-index.htm",
        "finalLink": "https://www.sec.gov/Archives/edgar/data/10329/000119312507075449/d10q.htm"
    },
    {
        "date": "2006-11-25",
        "symbol": "BSET",
        "reportedCurrency": "USD",
        "cik": "0000010329",
        "fillingDate": "2007-02-13",
        "acceptedDate": "2007-02-13 16:36:15",
        "calendarYear": "2006",
        "period": "Q4",
        "revenue": 76502000,
        "costOfRevenue": 53231000,
        "grossProfit": 23271000,
        "grossProfitRatio": 0.3041881258,
        "researchAndDevelopmentExpenses": 0,
        "generalAndAdministrativeExpenses": 0,
        "sellingAndMarketingExpenses": 0,
        "sellingGeneralAndAdministrativeExpenses": 25604000,
        "otherExpenses": -1549000,
        "operatingExpenses": 24055000,
        "costAndExpenses": 78645000,
        "interestIncome": 0,
        "interestExpense": 932000,
        "depreciationAndAmortization": 2367000,
        "ebitda": 1583000,
        "ebitdaratio": 0.0206922695,
        "operatingIncome": -2143000,
        "operatingIncomeRatio": -0.0280123395,
        "totalOtherIncomeExpensesNet": -3395000,
        "incomeBeforeTax": 2039000,
        "incomeBeforeTaxRatio": 0.026652898,
        "incomeTaxExpense": -751000,
        "netIncome": -199000,
        "netIncomeRatio": -0.0026012392,
        "eps": -0.0168,
        "epsdiluted": -0.0166,
        "weightedAverageShsOut": 11810991,
        "weightedAverageShsOutDil": 11965714,
        "link": "https://www.sec.gov/Archives/edgar/data/10329/000119312507029518/0001193125-07-029518-index.htm",
        "finalLink": "https://www.sec.gov/Archives/edgar/data/10329/000119312507029518/d10k.htm"
    },
    {
        "date": "2006-08-26",
        "symbol": "BSET",
        "reportedCurrency": "USD",
        "cik": "0000010329",
        "fillingDate": "2006-10-05",
        "acceptedDate": "2006-10-05 16:46:21",
        "calendarYear": "2006",
        "period": "Q3",
        "revenue": 77560000,
        "costOfRevenue": 53599000,
        "grossProfit": 23961000,
        "grossProfitRatio": 0.3089350181,
        "researchAndDevelopmentExpenses": 0,
        "generalAndAdministrativeExpenses": 0,
        "sellingAndMarketingExpenses": 0,
        "sellingGeneralAndAdministrativeExpenses": 24854000,
        "otherExpenses": 0,
        "operatingExpenses": 24854000,
        "costAndExpenses": 78453000,
        "interestIncome": 0,
        "interestExpense": 0,
        "depreciationAndAmortization": 2442000,
        "ebitda": 922000,
        "ebitdaratio": 0.0118875709,
        "operatingIncome": -893000,
        "operatingIncomeRatio": -0.0115136668,
        "totalOtherIncomeExpensesNet": 1175000,
        "incomeBeforeTax": 282000,
        "incomeBeforeTaxRatio": 0.0036358948,
        "incomeTaxExpense": -402000,
        "netIncome": 57000,
        "netIncomeRatio": 0.0007349149,
        "eps": 0.04,
        "epsdiluted": 0.04,
        "weightedAverageShsOut": 11795089,
        "weightedAverageShsOutDil": 11872105,
        "link": "https://www.sec.gov/Archives/edgar/data/10329/000119312506203538/0001193125-06-203538-index.htm",
        "finalLink": "https://www.sec.gov/Archives/edgar/data/10329/000119312506203538/d10q.htm"
    },
    {
        "date": "2006-05-27",
        "symbol": "BSET",
        "reportedCurrency": "USD",
        "cik": "0000010329",
        "fillingDate": "2006-07-06",
        "acceptedDate": "2006-07-06 16:54:49",
        "calendarYear": "2006",
        "period": "Q2",
        "revenue": 87663000,
        "costOfRevenue": 59675000,
        "grossProfit": 27988000,
        "grossProfitRatio": 0.3192681063,
        "researchAndDevelopmentExpenses": 0,
        "generalAndAdministrativeExpenses": 0,
        "sellingAndMarketingExpenses": 0,
        "sellingGeneralAndAdministrativeExpenses": 26833000,
        "otherExpenses": 0,
        "operatingExpenses": 26833000,
        "costAndExpenses": 86508000,
        "interestIncome": 0,
        "interestExpense": 0,
        "depreciationAndAmortization": 2218000,
        "ebitda": 3288000,
        "ebitdaratio": 0.0375072722,
        "operatingIncome": -6612000,
        "operatingIncomeRatio": -0.0754252079,
        "totalOtherIncomeExpensesNet": 2780000,
        "incomeBeforeTax": 3935000,
        "incomeBeforeTaxRatio": 0.044887809,
        "incomeTaxExpense": 1301000,
        "netIncome": 2833000,
        "netIncomeRatio": 0.032316941,
        "eps": 0.24,
        "epsdiluted": 0.24,
        "weightedAverageShsOut": 11822514,
        "weightedAverageShsOutDil": 11941394,
        "link": "https://www.sec.gov/Archives/edgar/data/10329/000119312506142632/0001193125-06-142632-index.htm",
        "finalLink": "https://www.sec.gov/Archives/edgar/data/10329/000119312506142632/d10q.htm"
    },
    {
        "date": "2006-02-25",
        "symbol": "BSET",
        "reportedCurrency": "USD",
        "cik": "0000010329",
        "fillingDate": "2006-04-06",
        "acceptedDate": "2006-04-06 15:34:36",
        "calendarYear": "2006",
        "period": "Q1",
        "revenue": 86489000,
        "costOfRevenue": 58814000,
        "grossProfit": 27675000,
        "grossProfitRatio": 0.319982888,
        "researchAndDevelopmentExpenses": 0,
        "generalAndAdministrativeExpenses": 0,
        "sellingAndMarketingExpenses": 0,
        "sellingGeneralAndAdministrativeExpenses": 26260000,
        "otherExpenses": 0,
        "operatingExpenses": 26260000,
        "costAndExpenses": 85074000,
        "interestIncome": 0,
        "interestExpense": 0,
        "depreciationAndAmortization": 0,
        "ebitda": 1415000,
        "ebitdaratio": 0.016360462,
        "operatingIncome": 1415000,
        "operatingIncomeRatio": 0.016360462,
        "totalOtherIncomeExpensesNet": 1773000,
        "incomeBeforeTax": 3188000,
        "incomeBeforeTaxRatio": 0.0368601788,
        "incomeTaxExpense": 878000,
        "netIncome": 2310000,
        "netIncomeRatio": 0.0267085988,
        "eps": 0.18,
        "epsdiluted": 0.18,
        "weightedAverageShsOut": 12833333,
        "weightedAverageShsOutDil": 12833333,
        "link": "https://www.sec.gov/Archives/edgar/data/10329/000119312506074743/0001193125-06-074743-index.htm",
        "finalLink": "https://www.sec.gov/Archives/edgar/data/10329/000119312506074743/d10q.htm"
    },
    {
        "date": "2005-11-26",
        "symbol": "BSET",
        "reportedCurrency": "USD",
        "cik": "0000010329",
        "fillingDate": "2006-01-30",
        "acceptedDate": "2006-01-30 17:20:27",
        "calendarYear": "2005",
        "period": "Q4",
        "revenue": 88650000,
        "costOfRevenue": 58746000,
        "grossProfit": 29904000,
        "grossProfitRatio": 0.3373265651,
        "researchAndDevelopmentExpenses": 0,
        "generalAndAdministrativeExpenses": 0,
        "sellingAndMarketingExpenses": 0,
        "sellingGeneralAndAdministrativeExpenses": 27265000,
        "otherExpenses": 1960000,
        "operatingExpenses": 29225000,
        "costAndExpenses": 87971000,
        "interestIncome": 0,
        "interestExpense": 2831000,
        "depreciationAndAmortization": 2631000,
        "ebitda": 5270000,
        "ebitdaratio": 0.0594472645,
        "operatingIncome": 6390000,
        "operatingIncomeRatio": 0.0720812183,
        "totalOtherIncomeExpensesNet": -14000,
        "incomeBeforeTax": 6376000,
        "incomeBeforeTaxRatio": 0.0719232939,
        "incomeTaxExpense": 1859000,
        "netIncome": 2266000,
        "netIncomeRatio": 0.0255611957,
        "eps": 0.38,
        "epsdiluted": 0.37,
        "weightedAverageShsOut": 11550000,
        "weightedAverageShsOutDil": 12157895,
        "link": "https://www.sec.gov/Archives/edgar/data/10329/000119312506015246/0001193125-06-015246-index.htm",
        "finalLink": "https://www.sec.gov/Archives/edgar/data/10329/000119312506015246/d10k.htm"
    },
    {
        "date": "2005-08-27",
        "symbol": "BSET",
        "reportedCurrency": "USD",
        "cik": "0000010329",
        "fillingDate": "2005-10-06",
        "acceptedDate": "2005-10-06 16:35:07",
        "calendarYear": "2005",
        "period": "Q3",
        "revenue": 82743000,
        "costOfRevenue": 57276000,
        "grossProfit": 25467000,
        "grossProfitRatio": 0.3077843443,
        "researchAndDevelopmentExpenses": 0,
        "generalAndAdministrativeExpenses": 0,
        "sellingAndMarketingExpenses": 0,
        "sellingGeneralAndAdministrativeExpenses": 23517000,
        "otherExpenses": 1739000,
        "operatingExpenses": 25256000,
        "costAndExpenses": 82532000,
        "interestIncome": 0,
        "interestExpense": 0,
        "depreciationAndAmortization": 2387000,
        "ebitda": 4337000,
        "ebitdaratio": 0.0524153101,
        "operatingIncome": 211000,
        "operatingIncomeRatio": 0.0025500647,
        "totalOtherIncomeExpensesNet": 2307000,
        "incomeBeforeTax": 2518000,
        "incomeBeforeTaxRatio": 0.0304315773,
        "incomeTaxExpense": 632000,
        "netIncome": 1886000,
        "netIncomeRatio": 0.0227934689,
        "eps": 0.16,
        "epsdiluted": 0.16,
        "weightedAverageShsOut": 11802832,
        "weightedAverageShsOutDil": 11943100,
        "link": "https://www.sec.gov/Archives/edgar/data/10329/000119312505197821/0001193125-05-197821-index.htm",
        "finalLink": "https://www.sec.gov/Archives/edgar/data/10329/000119312505197821/d10q.htm"
    },
    {
        "date": "2005-05-28",
        "symbol": "BSET",
        "reportedCurrency": "USD",
        "cik": "0000010329",
        "fillingDate": "2005-07-07",
        "acceptedDate": "2005-07-07 16:36:31",
        "calendarYear": "2005",
        "period": "Q2",
        "revenue": 83063000,
        "costOfRevenue": 60913000,
        "grossProfit": 22150000,
        "grossProfitRatio": 0.2666650615,
        "researchAndDevelopmentExpenses": 0,
        "generalAndAdministrativeExpenses": 0,
        "sellingAndMarketingExpenses": 0,
        "sellingGeneralAndAdministrativeExpenses": 20460000,
        "otherExpenses": 2465000,
        "operatingExpenses": 22925000,
        "costAndExpenses": 83838000,
        "interestIncome": 0,
        "interestExpense": 1254000,
        "depreciationAndAmortization": 2189000,
        "ebitda": 1414000,
        "ebitdaratio": 0.0170232233,
        "operatingIncome": -775000,
        "operatingIncomeRatio": -0.0093302674,
        "totalOtherIncomeExpensesNet": 1838000,
        "incomeBeforeTax": 1063000,
        "incomeBeforeTaxRatio": 0.0127975151,
        "incomeTaxExpense": 16000,
        "netIncome": 1047000,
        "netIncomeRatio": 0.0126048903,
        "eps": 0.09,
        "epsdiluted": 0.09,
        "weightedAverageShsOut": 11781581,
        "weightedAverageShsOutDil": 11927948,
        "link": "https://www.sec.gov/Archives/edgar/data/10329/000119312505138912/0001193125-05-138912-index.htm",
        "finalLink": "https://www.sec.gov/Archives/edgar/data/10329/000119312505138912/d10q.htm"
    },
    {
        "date": "2005-02-26",
        "symbol": "BSET",
        "reportedCurrency": "USD",
        "cik": "0000010329",
        "fillingDate": "2005-04-07",
        "acceptedDate": "2005-04-07 17:16:01",
        "calendarYear": "2005",
        "period": "Q1",
        "revenue": 80752000,
        "costOfRevenue": 59456000,
        "grossProfit": 21296000,
        "grossProfitRatio": 0.2637210224,
        "researchAndDevelopmentExpenses": 0,
        "generalAndAdministrativeExpenses": 0,
        "sellingAndMarketingExpenses": 0,
        "sellingGeneralAndAdministrativeExpenses": 20028000,
        "otherExpenses": 0,
        "operatingExpenses": 20028000,
        "costAndExpenses": 79484000,
        "interestIncome": 0,
        "interestExpense": 0,
        "depreciationAndAmortization": 0,
        "ebitda": 1268000,
        "ebitdaratio": 0.0157023975,
        "operatingIncome": 1268000,
        "operatingIncomeRatio": 0.0157023975,
        "totalOtherIncomeExpensesNet": 1970000,
        "incomeBeforeTax": 3238000,
        "incomeBeforeTaxRatio": 0.0400980781,
        "incomeTaxExpense": 874000,
        "netIncome": 2364000,
        "netIncomeRatio": 0.0292748167,
        "eps": 0.2,
        "epsdiluted": 0.2,
        "weightedAverageShsOut": 11820000,
        "weightedAverageShsOutDil": 11820000,
        "link": "https://www.sec.gov/Archives/edgar/data/10329/000119312505072196/0001193125-05-072196-index.htm",
        "finalLink": "https://www.sec.gov/Archives/edgar/data/10329/000119312505072196/d10q.htm"
    },
    {
        "date": "2004-11-27",
        "symbol": "BSET",
        "reportedCurrency": "USD",
        "cik": "0000010329",
        "fillingDate": "2005-01-28",
        "acceptedDate": "2005-01-28 15:53:01",
        "calendarYear": "2004",
        "period": "Q4",
        "revenue": 80146000,
        "costOfRevenue": 59280000,
        "grossProfit": 20866000,
        "grossProfitRatio": 0.2603498615,
        "researchAndDevelopmentExpenses": 0,
        "generalAndAdministrativeExpenses": 0,
        "sellingAndMarketingExpenses": 0,
        "sellingGeneralAndAdministrativeExpenses": 19856000,
        "otherExpenses": 0,
        "operatingExpenses": 19856000,
        "costAndExpenses": 79136000,
        "interestIncome": 0,
        "interestExpense": 0,
        "depreciationAndAmortization": 2617000,
        "ebitda": 3627000,
        "ebitdaratio": 0.0452549098,
        "operatingIncome": 1010000,
        "operatingIncomeRatio": 0.0126020013,
        "totalOtherIncomeExpensesNet": 2624000,
        "incomeBeforeTax": 3634000,
        "incomeBeforeTaxRatio": 0.0453422504,
        "incomeTaxExpense": 765000,
        "netIncome": 2869000,
        "netIncomeRatio": 0.0357971702,
        "eps": 0.25,
        "epsdiluted": 0.25,
        "weightedAverageShsOut": 11676706,
        "weightedAverageShsOutDil": 11820000,
        "link": "https://www.sec.gov/Archives/edgar/data/10329/000119312505014214/0001193125-05-014214-index.htm",
        "finalLink": "https://www.sec.gov/Archives/edgar/data/10329/000119312505014214/d10k.htm"
    },
    {
        "date": "2004-08-28",
        "symbol": "BSET",
        "reportedCurrency": "USD",
        "cik": "0000010329",
        "fillingDate": "2004-10-07",
        "acceptedDate": "2004-10-07 16:26:45",
        "calendarYear": "2004",
        "period": "Q3",
        "revenue": 78585000,
        "costOfRevenue": 58495000,
        "grossProfit": 20090000,
        "grossProfitRatio": 0.2556467519,
        "researchAndDevelopmentExpenses": 0,
        "generalAndAdministrativeExpenses": 0,
        "sellingAndMarketingExpenses": 0,
        "sellingGeneralAndAdministrativeExpenses": 19009000,
        "otherExpenses": 1266000,
        "operatingExpenses": 20275000,
        "costAndExpenses": 78724000,
        "interestIncome": 0,
        "interestExpense": 0,
        "depreciationAndAmortization": 2575000,
        "ebitda": 3656000,
        "ebitdaratio": 0.0465228733,
        "operatingIncome": -139000,
        "operatingIncomeRatio": -0.0017687854,
        "totalOtherIncomeExpensesNet": 1585000,
        "incomeBeforeTax": 1446000,
        "incomeBeforeTaxRatio": 0.0184004581,
        "incomeTaxExpense": 318000,
        "netIncome": 1128000,
        "netIncomeRatio": 0.0143538843,
        "eps": 0.1,
        "epsdiluted": 0.1,
        "weightedAverageShsOut": 11685217,
        "weightedAverageShsOutDil": 11850123,
        "link": "https://www.sec.gov/Archives/edgar/data/10329/000119312504168383/0001193125-04-168383-index.htm",
        "finalLink": "https://www.sec.gov/Archives/edgar/data/10329/000119312504168383/d10q.htm"
    },
    {
        "date": "2004-05-29",
        "symbol": "BSET",
        "reportedCurrency": "USD",
        "cik": "0000010329",
        "fillingDate": "2004-07-09",
        "acceptedDate": "2004-07-09 16:17:43",
        "calendarYear": "2004",
        "period": "Q2",
        "revenue": 80355000,
        "costOfRevenue": 59936000,
        "grossProfit": 20419000,
        "grossProfitRatio": 0.2541098874,
        "researchAndDevelopmentExpenses": 0,
        "generalAndAdministrativeExpenses": 0,
        "sellingAndMarketingExpenses": 0,
        "sellingGeneralAndAdministrativeExpenses": 19783000,
        "otherExpenses": 0,
        "operatingExpenses": 19783000,
        "costAndExpenses": 79720000,
        "interestIncome": 0,
        "interestExpense": 0,
        "depreciationAndAmortization": 2440000,
        "ebitda": 4341000,
        "ebitdaratio": 0.0540227739,
        "operatingIncome": 805000,
        "operatingIncomeRatio": 0.0100180449,
        "totalOtherIncomeExpensesNet": 1901000,
        "incomeBeforeTax": 2537000,
        "incomeBeforeTaxRatio": 0.0315723975,
        "incomeTaxExpense": 652000,
        "netIncome": 1885000,
        "netIncomeRatio": 0.0234584033,
        "eps": 0.16,
        "epsdiluted": 0.16,
        "weightedAverageShsOut": 11712906,
        "weightedAverageShsOutDil": 11865595,
        "link": "https://www.sec.gov/Archives/edgar/data/10329/000119312504116225/0001193125-04-116225-index.htm",
        "finalLink": "https://www.sec.gov/Archives/edgar/data/10329/000119312504116225/d10q.htm"
    },
    {
        "date": "2004-02-28",
        "symbol": "BSET",
        "reportedCurrency": "USD",
        "cik": "0000010329",
        "fillingDate": "2004-04-07",
        "acceptedDate": "2004-04-07 13:49:56",
        "calendarYear": "2004",
        "period": "Q1",
        "revenue": 76568000,
        "costOfRevenue": 56901000,
        "grossProfit": 19667000,
        "grossProfitRatio": 0.2568566503,
        "researchAndDevelopmentExpenses": 0,
        "generalAndAdministrativeExpenses": 0,
        "sellingAndMarketingExpenses": 0,
        "sellingGeneralAndAdministrativeExpenses": 18496000,
        "otherExpenses": -1050000,
        "operatingExpenses": 17446000,
        "costAndExpenses": 74347000,
        "interestIncome": 0,
        "interestExpense": 0,
        "depreciationAndAmortization": 2519000,
        "ebitda": 7580000,
        "ebitdaratio": 0.09899697,
        "operatingIncome": 2221000,
        "operatingIncomeRatio": 0.0290068958,
        "totalOtherIncomeExpensesNet": 1013000,
        "incomeBeforeTax": 3234000,
        "incomeBeforeTaxRatio": 0.0422369658,
        "incomeTaxExpense": 906000,
        "netIncome": 2328000,
        "netIncomeRatio": 0.0304043465,
        "eps": 0.2,
        "epsdiluted": 0.2,
        "weightedAverageShsOut": 11640000,
        "weightedAverageShsOutDil": 11640000,
        "link": "https://www.sec.gov/Archives/edgar/data/10329/000119312504058397/0001193125-04-058397-index.htm",
        "finalLink": "https://www.sec.gov/Archives/edgar/data/10329/000119312504058397/d10q.htm"
    },
    {
        "date": "2003-11-29",
        "symbol": "BSET",
        "reportedCurrency": "USD",
        "cik": "0000010329",
        "fillingDate": "2004-02-02",
        "acceptedDate": "2004-01-30 19:13:37",
        "calendarYear": "2003",
        "period": "Q4",
        "revenue": 97612000,
        "costOfRevenue": 62222000,
        "grossProfit": 35390000,
        "grossProfitRatio": 0.3625578822,
        "researchAndDevelopmentExpenses": 0,
        "generalAndAdministrativeExpenses": 0,
        "sellingAndMarketingExpenses": 0,
        "sellingGeneralAndAdministrativeExpenses": 34269000,
        "otherExpenses": 0,
        "operatingExpenses": 34269000,
        "costAndExpenses": 96491000,
        "interestIncome": 0,
        "interestExpense": 4663000,
        "depreciationAndAmortization": 2789000,
        "ebitda": 3910000,
        "ebitdaratio": 0.0400565504,
        "operatingIncome": 1121000,
        "operatingIncomeRatio": 0.0114842437,
        "totalOtherIncomeExpensesNet": 2325000,
        "incomeBeforeTax": 3446000,
        "incomeBeforeTaxRatio": 0.0353030365,
        "incomeTaxExpense": 461000,
        "netIncome": -1890000,
        "netIncomeRatio": -0.0193623735,
        "eps": -0.16,
        "epsdiluted": -0.16,
        "weightedAverageShsOut": 11614000,
        "weightedAverageShsOutDil": 11640000,
        "link": "https://www.sec.gov/Archives/edgar/data/10329/000119312504012234/0001193125-04-012234-index.htm",
        "finalLink": "https://www.sec.gov/Archives/edgar/data/10329/000119312504012234/d10k.htm"
    },
    {
        "date": "2003-08-30",
        "symbol": "BSET",
        "reportedCurrency": "USD",
        "cik": "0000010329",
        "fillingDate": "2003-10-09",
        "acceptedDate": "2003-10-09 16:59:46",
        "calendarYear": "2003",
        "period": "Q3",
        "revenue": 74434000,
        "costOfRevenue": 58797000,
        "grossProfit": 15637000,
        "grossProfitRatio": 0.2100787275,
        "researchAndDevelopmentExpenses": 0,
        "generalAndAdministrativeExpenses": 0,
        "sellingAndMarketingExpenses": 0,
        "sellingGeneralAndAdministrativeExpenses": 15037000,
        "otherExpenses": 0,
        "operatingExpenses": 15037000,
        "costAndExpenses": 73834000,
        "interestIncome": 0,
        "interestExpense": 0,
        "depreciationAndAmortization": 2501000,
        "ebitda": 2623000,
        "ebitdaratio": 0.0352392724,
        "operatingIncome": 600000,
        "operatingIncomeRatio": 0.0080608324,
        "totalOtherIncomeExpensesNet": 1289000,
        "incomeBeforeTax": 1889000,
        "incomeBeforeTaxRatio": 0.0253781874,
        "incomeTaxExpense": 332000,
        "netIncome": 1557000,
        "netIncomeRatio": 0.0209178601,
        "eps": 0.13,
        "epsdiluted": 0.13,
        "weightedAverageShsOut": 11599455,
        "weightedAverageShsOutDil": 11610665,
        "link": "https://www.sec.gov/Archives/edgar/data/10329/000119312503059879/0001193125-03-059879-index.htm",
        "finalLink": "https://www.sec.gov/Archives/edgar/data/10329/000119312503059879/d10q.htm"
    },
    {
        "date": "2003-05-31",
        "symbol": "BSET",
        "reportedCurrency": "USD",
        "cik": "0000010329",
        "fillingDate": "2003-07-14",
        "acceptedDate": "2003-07-14 12:03:57",
        "calendarYear": "2003",
        "period": "Q2",
        "revenue": 71529000,
        "costOfRevenue": 56398000,
        "grossProfit": 15131000,
        "grossProfitRatio": 0.2115365796,
        "researchAndDevelopmentExpenses": 0,
        "generalAndAdministrativeExpenses": 0,
        "sellingAndMarketingExpenses": 0,
        "sellingGeneralAndAdministrativeExpenses": 15409000,
        "otherExpenses": 0,
        "operatingExpenses": 15409000,
        "costAndExpenses": 71807000,
        "interestIncome": 0,
        "interestExpense": 0,
        "depreciationAndAmortization": 2668000,
        "ebitda": 2226000,
        "ebitdaratio": 0.0311202449,
        "operatingIncome": -278000,
        "operatingIncomeRatio": -0.0038865355,
        "totalOtherIncomeExpensesNet": 1657000,
        "incomeBeforeTax": 1379000,
        "incomeBeforeTaxRatio": 0.0192788939,
        "incomeTaxExpense": 186000,
        "netIncome": 1193000,
        "netIncomeRatio": 0.01667855,
        "eps": 0.1,
        "epsdiluted": 0.1,
        "weightedAverageShsOut": 11930000,
        "weightedAverageShsOutDil": 11930000,
        "link": "https://www.sec.gov/Archives/edgar/data/10329/000119312503019022/0001193125-03-019022-index.htm",
        "finalLink": "https://www.sec.gov/Archives/edgar/data/10329/000119312503019022/d10q.htm"
    },
    {
        "date": "2003-03-01",
        "symbol": "BSET",
        "reportedCurrency": "USD",
        "cik": "0000010329",
        "fillingDate": "2003-04-10",
        "acceptedDate": "2003-04-10 14:25:50",
        "calendarYear": "2003",
        "period": "Q1",
        "revenue": 77614000,
        "costOfRevenue": 57444000,
        "grossProfit": 15838000,
        "grossProfitRatio": 0.204061123,
        "researchAndDevelopmentExpenses": 0,
        "generalAndAdministrativeExpenses": 0,
        "sellingAndMarketingExpenses": 0,
        "sellingGeneralAndAdministrativeExpenses": 15311000,
        "otherExpenses": 3200000,
        "operatingExpenses": 18511000,
        "costAndExpenses": 80908000,
        "interestIncome": 0,
        "interestExpense": 4748000,
        "depreciationAndAmortization": 2773000,
        "ebitda": 2679000,
        "ebitdaratio": 0.0345169686,
        "operatingIncome": 26992335000,
        "operatingIncomeRatio": 347.7766253511,
        "totalOtherIncomeExpensesNet": -5984170000,
        "incomeBeforeTax": 21008165000,
        "incomeBeforeTaxRatio": 270.674942665,
        "incomeTaxExpense": -517000,
        "netIncome": -1330000,
        "netIncomeRatio": -0.0171360837,
        "eps": -0.55,
        "epsdiluted": -0.55,
        "weightedAverageShsOut": 11681818,
        "weightedAverageShsOutDil": 11681818,
        "link": "https://www.sec.gov/Archives/edgar/data/10329/000095013303001269/0000950133-03-001269-index.htm",
        "finalLink": "https://www.sec.gov/Archives/edgar/data/10329/000095013303001269/w85353e10vq.htm"
    },
    {
        "date": "2002-11-30",
        "symbol": "BSET",
        "reportedCurrency": "USD",
        "cik": "0000010329",
        "fillingDate": "2003-02-21",
        "acceptedDate": "2003-02-21 12:46:33",
        "calendarYear": "2002",
        "period": "Q4",
        "revenue": 79428000,
        "costOfRevenue": 62695000,
        "grossProfit": 16733000,
        "grossProfitRatio": 0.2106687818,
        "researchAndDevelopmentExpenses": 0,
        "generalAndAdministrativeExpenses": 0,
        "sellingAndMarketingExpenses": 0,
        "sellingGeneralAndAdministrativeExpenses": 15967000,
        "otherExpenses": 0,
        "operatingExpenses": 15967000,
        "costAndExpenses": 78662000,
        "interestIncome": 0,
        "interestExpense": 0,
        "depreciationAndAmortization": 3118000,
        "ebitda": 3884000,
        "ebitdaratio": 0.0488996324,
        "operatingIncome": 766000,
        "operatingIncomeRatio": 0.0096439543,
        "totalOtherIncomeExpensesNet": 1037000,
        "incomeBeforeTax": 1803000,
        "incomeBeforeTaxRatio": 0.0226998036,
        "incomeTaxExpense": 136000,
        "netIncome": 1667000,
        "netIncomeRatio": 0.0209875611,
        "eps": 0.14,
        "epsdiluted": 0.14,
        "weightedAverageShsOut": 12090909,
        "weightedAverageShsOutDil": 12090909,
        "link": "https://www.sec.gov/Archives/edgar/data/10329/000095013303000524/0000950133-03-000524-index.htm",
        "finalLink": "https://www.sec.gov/Archives/edgar/data/10329/000095013303000524/w83736e10vk.txt"
    },
    {
        "date": "2002-08-31",
        "symbol": "BSET",
        "reportedCurrency": "USD",
        "cik": "0000010329",
        "fillingDate": "2002-10-09",
        "acceptedDate": "2002-10-09 16:50:56",
        "calendarYear": "2002",
        "period": "Q3",
        "revenue": 78367000,
        "costOfRevenue": 61783000,
        "grossProfit": 16584000,
        "grossProfitRatio": 0.2116196869,
        "researchAndDevelopmentExpenses": 0,
        "generalAndAdministrativeExpenses": 0,
        "sellingAndMarketingExpenses": 0,
        "sellingGeneralAndAdministrativeExpenses": 15472000,
        "otherExpenses": 1251000,
        "operatingExpenses": 16723000,
        "costAndExpenses": 78506000,
        "interestIncome": 0,
        "interestExpense": 4398000,
        "depreciationAndAmortization": 2601000,
        "ebitda": 3713000,
        "ebitdaratio": 0.0473796368,
        "operatingIncome": -139000,
        "operatingIncomeRatio": -0.0017737058,
        "totalOtherIncomeExpensesNet": -948000,
        "incomeBeforeTax": -1087000,
        "incomeBeforeTaxRatio": -0.0138706343,
        "incomeTaxExpense": -369000,
        "netIncome": -718000,
        "netIncomeRatio": -0.0091620197,
        "eps": -0.06,
        "epsdiluted": -0.06,
        "weightedAverageShsOut": 11966667,
        "weightedAverageShsOutDil": 11966667,
        "link": "https://www.sec.gov/Archives/edgar/data/10329/000095013302003372/0000950133-02-003372-index.htm",
        "finalLink": "https://www.sec.gov/Archives/edgar/data/10329/000095013302003372/w64481e10vq.txt"
    },
    {
        "date": "2002-06-01",
        "symbol": "BSET",
        "reportedCurrency": "USD",
        "cik": "0000010329",
        "fillingDate": "2002-07-15",
        "acceptedDate": "2002-07-15 17:05:41",
        "calendarYear": "2002",
        "period": "Q2",
        "revenue": 80904000,
        "costOfRevenue": 62455000,
        "grossProfit": 18449000,
        "grossProfitRatio": 0.2280356966,
        "researchAndDevelopmentExpenses": 0,
        "generalAndAdministrativeExpenses": 0,
        "sellingAndMarketingExpenses": 0,
        "sellingGeneralAndAdministrativeExpenses": 15820000,
        "otherExpenses": 0,
        "operatingExpenses": 15820000,
        "costAndExpenses": 78275000,
        "interestIncome": 0,
        "interestExpense": 0,
        "depreciationAndAmortization": 2474000,
        "ebitda": 5103000,
        "ebitdaratio": 0.0630747553,
        "operatingIncome": 2629000,
        "operatingIncomeRatio": 0.0324953031,
        "totalOtherIncomeExpensesNet": 1544000,
        "incomeBeforeTax": 4173000,
        "incomeBeforeTaxRatio": 0.05157965,
        "incomeTaxExpense": 1293000,
        "netIncome": 2880000,
        "netIncomeRatio": 0.0355977455,
        "eps": 0.25,
        "epsdiluted": 0.24,
        "weightedAverageShsOut": 11709712,
        "weightedAverageShsOutDil": 11939994,
        "link": "https://www.sec.gov/Archives/edgar/data/10329/000095013302002588/0000950133-02-002588-index.htm",
        "finalLink": "https://www.sec.gov/Archives/edgar/data/10329/000095013302002588/w62250e10vq.txt"
    },
    {
        "date": "2002-03-02",
        "symbol": "BSET",
        "reportedCurrency": "USD",
        "cik": "0000010329",
        "fillingDate": "2002-04-15",
        "acceptedDate": "2002-04-15 00:00:00",
        "calendarYear": "2002",
        "period": "Q1",
        "revenue": 84788000,
        "costOfRevenue": 68060000,
        "grossProfit": 16728000,
        "grossProfitRatio": 0.1972920696,
        "researchAndDevelopmentExpenses": 0,
        "generalAndAdministrativeExpenses": 0,
        "sellingAndMarketingExpenses": 0,
        "sellingGeneralAndAdministrativeExpenses": 13728000,
        "otherExpenses": 0,
        "operatingExpenses": 13728000,
        "costAndExpenses": 81788000,
        "interestIncome": 0,
        "interestExpense": 0,
        "depreciationAndAmortization": 2611000,
        "ebitda": 5611000,
        "ebitdaratio": 0.0661768175,
        "operatingIncome": 3000000,
        "operatingIncomeRatio": 0.0353823654,
        "totalOtherIncomeExpensesNet": 1221000,
        "incomeBeforeTax": 4221000,
        "incomeBeforeTaxRatio": 0.0497829882,
        "incomeTaxExpense": 1309000,
        "netIncome": 2912000,
        "netIncomeRatio": 0.0343444827,
        "eps": 0.25,
        "epsdiluted": 0.25,
        "weightedAverageShsOut": 11648000,
        "weightedAverageShsOutDil": 11648000,
        "link": "https://www.sec.gov/Archives/edgar/data/10329/000095013302001496/0000950133-02-001496-index.htm",
        "finalLink": "https://www.sec.gov/Archives/edgar/data/10329/000095013302001496/w59664e10-q.txt"
    },
    {
        "date": "2001-11-24",
        "symbol": "BSET",
        "reportedCurrency": "USD",
        "cik": "0000010329",
        "fillingDate": "2002-02-21",
        "acceptedDate": "2002-02-21 00:00:00",
        "calendarYear": "2001",
        "period": "Q4",
        "revenue": 78068000,
        "costOfRevenue": 62657000,
        "grossProfit": 15411000,
        "grossProfitRatio": 0.1974048266,
        "researchAndDevelopmentExpenses": 0,
        "generalAndAdministrativeExpenses": 0,
        "sellingAndMarketingExpenses": 0,
        "sellingGeneralAndAdministrativeExpenses": 14749000,
        "otherExpenses": -971000,
        "operatingExpenses": 13778000,
        "costAndExpenses": 76122000,
        "interestIncome": 0,
        "interestExpense": 3423000,
        "depreciationAndAmortization": 2959000,
        "ebitda": 4905000,
        "ebitdaratio": 0.0628298407,
        "operatingIncome": 1633000,
        "operatingIncomeRatio": 0.0209176615,
        "totalOtherIncomeExpensesNet": -3450000,
        "incomeBeforeTax": -1817000,
        "incomeBeforeTaxRatio": -0.0232745811,
        "incomeTaxExpense": -295000,
        "netIncome": -1522000,
        "netIncomeRatio": -0.0194958242,
        "eps": -0.13,
        "epsdiluted": -0.13,
        "weightedAverageShsOut": 11648000,
        "weightedAverageShsOutDil": 11648000,
        "link": "https://www.sec.gov/Archives/edgar/data/10329/000095013302000638/0000950133-02-000638-index.htm",
        "finalLink": "https://www.sec.gov/Archives/edgar/data/10329/000095013302000638/w57718e10-k405.txt"
    },
    {
        "date": "2001-08-25",
        "symbol": "BSET",
        "reportedCurrency": "USD",
        "cik": "0000010329",
        "fillingDate": "2001-10-09",
        "acceptedDate": "2001-10-09 00:00:00",
        "calendarYear": "2001",
        "period": "Q3",
        "revenue": 71290000,
        "costOfRevenue": 61133000,
        "grossProfit": 10157000,
        "grossProfitRatio": 0.1424744003,
        "researchAndDevelopmentExpenses": 0,
        "generalAndAdministrativeExpenses": 0,
        "sellingAndMarketingExpenses": 0,
        "sellingGeneralAndAdministrativeExpenses": 12805000,
        "otherExpenses": 2988000,
        "operatingExpenses": 15793000,
        "costAndExpenses": 76926000,
        "interestIncome": 0,
        "interestExpense": 4315000,
        "depreciationAndAmortization": 2813000,
        "ebitda": 1150000,
        "ebitdaratio": 0.0161312947,
        "operatingIncome": -5636000,
        "operatingIncomeRatio": -0.0790573713,
        "totalOtherIncomeExpensesNet": 1323000,
        "incomeBeforeTax": -4313000,
        "incomeBeforeTaxRatio": -0.0604993688,
        "incomeTaxExpense": -1479000,
        "netIncome": -2834000,
        "netIncomeRatio": -0.0397531211,
        "eps": -0.24,
        "epsdiluted": -0.24,
        "weightedAverageShsOut": 11702000,
        "weightedAverageShsOutDil": 11702000,
        "link": "https://www.sec.gov/Archives/edgar/data/10329/000095013301502810/0000950133-01-502810-index.htm",
        "finalLink": "https://www.sec.gov/Archives/edgar/data/10329/000095013301502810/w53841e10-q.txt"
    },
    {
        "date": "2001-05-26",
        "symbol": "BSET",
        "reportedCurrency": "USD",
        "cik": "0000010329",
        "fillingDate": "2001-07-10",
        "acceptedDate": "2001-07-10 00:00:00",
        "calendarYear": "2001",
        "period": "Q2",
        "revenue": 73765000,
        "costOfRevenue": 62672000,
        "grossProfit": 11093000,
        "grossProfitRatio": 0.150382973,
        "researchAndDevelopmentExpenses": 0,
        "generalAndAdministrativeExpenses": 0,
        "sellingAndMarketingExpenses": 0,
        "sellingGeneralAndAdministrativeExpenses": 13722000,
        "otherExpenses": 819000,
        "operatingExpenses": 14541000,
        "costAndExpenses": 77213000,
        "interestIncome": 0,
        "interestExpense": 0,
        "depreciationAndAmortization": 2758000,
        "ebitda": 129000,
        "ebitdaratio": 0.0017487969,
        "operatingIncome": -3448000,
        "operatingIncomeRatio": -0.0467430353,
        "totalOtherIncomeExpensesNet": 2677000,
        "incomeBeforeTax": -771000,
        "incomeBeforeTaxRatio": -0.0104521114,
        "incomeTaxExpense": -233000,
        "netIncome": -538000,
        "netIncomeRatio": -0.0072934318,
        "eps": -0.046,
        "epsdiluted": -0.0459,
        "weightedAverageShsOut": 11698397,
        "weightedAverageShsOutDil": 11709177,
        "link": "https://www.sec.gov/Archives/edgar/data/10329/000095013301501831/0000950133-01-501831-index.htm",
        "finalLink": "https://www.sec.gov/Archives/edgar/data/10329/000095013301501831/w51321e10-q.txt"
    },
    {
        "date": "2001-02-24",
        "symbol": "BSET",
        "reportedCurrency": "USD",
        "cik": "0000010329",
        "fillingDate": "2001-04-10",
        "acceptedDate": "2001-04-10 00:00:00",
        "calendarYear": "2001",
        "period": "Q1",
        "revenue": 82553000,
        "costOfRevenue": 67994000,
        "grossProfit": 14559000,
        "grossProfitRatio": 0.1763594297,
        "researchAndDevelopmentExpenses": 0,
        "generalAndAdministrativeExpenses": 0,
        "sellingAndMarketingExpenses": 0,
        "sellingGeneralAndAdministrativeExpenses": 13201000,
        "otherExpenses": -1181000,
        "operatingExpenses": 12020000,
        "costAndExpenses": 80014000,
        "interestIncome": 0,
        "interestExpense": 0,
        "depreciationAndAmortization": 2786000,
        "ebitda": 7172000,
        "ebitdaratio": 0.0868775211,
        "operatingIncome": 2539000,
        "operatingIncomeRatio": 0.0307559992,
        "totalOtherIncomeExpensesNet": 678000,
        "incomeBeforeTax": 3217000,
        "incomeBeforeTaxRatio": 0.0389689048,
        "incomeTaxExpense": 965000,
        "netIncome": 2252000,
        "netIncomeRatio": 0.0272794447,
        "eps": 0.19,
        "epsdiluted": 0.19,
        "weightedAverageShsOut": 11852632,
        "weightedAverageShsOutDil": 11852632,
        "link": "https://www.sec.gov/Archives/edgar/data/10329/000095013301500505/0000950133-01-500505-index.htm",
        "finalLink": "https://www.sec.gov/Archives/edgar/data/10329/000095013301500505/w47118e10-q.txt"
    },
    {
        "date": "2000-11-25",
        "symbol": "BSET",
        "reportedCurrency": "USD",
        "cik": "0000010329",
        "fillingDate": "2001-02-22",
        "acceptedDate": "2001-02-22 00:00:00",
        "calendarYear": "2000",
        "period": "Q4",
        "revenue": 88902000,
        "costOfRevenue": 73774000,
        "grossProfit": 15128000,
        "grossProfitRatio": 0.1701649007,
        "researchAndDevelopmentExpenses": 0,
        "generalAndAdministrativeExpenses": 0,
        "sellingAndMarketingExpenses": 0,
        "sellingGeneralAndAdministrativeExpenses": 17106000,
        "otherExpenses": 2578000,
        "operatingExpenses": 19684000,
        "costAndExpenses": 93458000,
        "interestIncome": 0,
        "interestExpense": 0,
        "depreciationAndAmortization": 2578000,
        "ebitda": -1978000,
        "ebitdaratio": -0.0222492182,
        "operatingIncome": -4556000,
        "operatingIncomeRatio": -0.051247441,
        "totalOtherIncomeExpensesNet": -224000,
        "incomeBeforeTax": -4780000,
        "incomeBeforeTaxRatio": -0.0537670694,
        "incomeTaxExpense": -1638000,
        "netIncome": -3142000,
        "netIncomeRatio": -0.035342287,
        "eps": -0.27,
        "epsdiluted": -0.27,
        "weightedAverageShsOut": 11697287,
        "weightedAverageShsOutDil": 11852632,
        "link": "https://www.sec.gov/Archives/edgar/data/10329/000095013301000706/0000950133-01-000706-index.htm",
        "finalLink": "https://www.sec.gov/Archives/edgar/data/10329/000095013301000706/w45752e10-k405.txt"
    },
    {
        "date": "2000-08-26",
        "symbol": "BSET",
        "reportedCurrency": "USD",
        "cik": "0000010329",
        "fillingDate": "2000-10-10",
        "acceptedDate": "2000-10-10 00:00:00",
        "calendarYear": "2000",
        "period": "Q3",
        "revenue": 91155000,
        "costOfRevenue": 72919000,
        "grossProfit": 18236000,
        "grossProfitRatio": 0.2000548516,
        "researchAndDevelopmentExpenses": 0,
        "generalAndAdministrativeExpenses": 0,
        "sellingAndMarketingExpenses": 0,
        "sellingGeneralAndAdministrativeExpenses": 13606000,
        "otherExpenses": 2368000,
        "operatingExpenses": 15974000,
        "costAndExpenses": 88893000,
        "interestIncome": 0,
        "interestExpense": 0,
        "depreciationAndAmortization": 2368000,
        "ebitda": 4630000,
        "ebitdaratio": 0.050792606,
        "operatingIncome": 2262000,
        "operatingIncomeRatio": 0.0248148758,
        "totalOtherIncomeExpensesNet": 4069000,
        "incomeBeforeTax": 6331000,
        "incomeBeforeTaxRatio": 0.0694531293,
        "incomeTaxExpense": 2026000,
        "netIncome": 4305000,
        "netIncomeRatio": 0.0472272503,
        "eps": 0.37,
        "epsdiluted": 0.37,
        "weightedAverageShsOut": 11741230,
        "weightedAverageShsOutDil": 11751217,
        "link": "https://www.sec.gov/Archives/edgar/data/10329/000095013300004065/0000950133-00-004065-index.htm",
        "finalLink": "https://www.sec.gov/Archives/edgar/data/10329/000095013300004065/w41187e10-q.txt"
    },
    {
        "date": "2000-05-27",
        "symbol": "BSET",
        "reportedCurrency": "USD",
        "cik": "0000010329",
        "fillingDate": "2000-07-11",
        "acceptedDate": "2000-07-11 00:00:00",
        "calendarYear": "2000",
        "period": "Q2",
        "revenue": 92366000,
        "costOfRevenue": 72059000,
        "grossProfit": 20307000,
        "grossProfitRatio": 0.2198536258,
        "researchAndDevelopmentExpenses": 0,
        "generalAndAdministrativeExpenses": 0,
        "sellingAndMarketingExpenses": 0,
        "sellingGeneralAndAdministrativeExpenses": 15063000,
        "otherExpenses": 2409000,
        "operatingExpenses": 17472000,
        "costAndExpenses": 89531000,
        "interestIncome": 0,
        "interestExpense": 0,
        "depreciationAndAmortization": 2409000,
        "ebitda": 5244000,
        "ebitdaratio": 0.0567741377,
        "operatingIncome": 2835000,
        "operatingIncomeRatio": 0.0306931122,
        "totalOtherIncomeExpensesNet": 3804000,
        "incomeBeforeTax": 6639000,
        "incomeBeforeTaxRatio": 0.0718770976,
        "incomeTaxExpense": 2124000,
        "netIncome": 4515000,
        "netIncomeRatio": 0.0488816231,
        "eps": 0.38,
        "epsdiluted": 0.38,
        "weightedAverageShsOut": 11772754,
        "weightedAverageShsOutDil": 11772754,
        "link": "https://www.sec.gov/Archives/edgar/data/10329/000095013300002875/0000950133-00-002875-index.htm",
        "finalLink": "https://www.sec.gov/Archives/edgar/data/10329/000095013300002875/e10-q.txt"
    },
    {
        "date": "2000-02-26",
        "symbol": "BSET",
        "reportedCurrency": "USD",
        "cik": "0000010329",
        "fillingDate": "2000-04-11",
        "acceptedDate": "2000-04-11 00:00:00",
        "calendarYear": "2000",
        "period": "Q1",
        "revenue": 94981000,
        "costOfRevenue": 73731000,
        "grossProfit": 21250000,
        "grossProfitRatio": 0.2237289563,
        "researchAndDevelopmentExpenses": 0,
        "generalAndAdministrativeExpenses": 0,
        "sellingAndMarketingExpenses": 0,
        "sellingGeneralAndAdministrativeExpenses": 15293000,
        "otherExpenses": 2677000,
        "operatingExpenses": 17970000,
        "costAndExpenses": 91701000,
        "interestIncome": 0,
        "interestExpense": 0,
        "depreciationAndAmortization": 2677000,
        "ebitda": 5957000,
        "ebitdaratio": 0.0627178067,
        "operatingIncome": 3280000,
        "operatingIncomeRatio": 0.0345332224,
        "totalOtherIncomeExpensesNet": 3658000,
        "incomeBeforeTax": 6938000,
        "incomeBeforeTaxRatio": 0.0730461882,
        "incomeTaxExpense": 2220000,
        "netIncome": 4354000,
        "netIncomeRatio": 0.0458407471,
        "eps": 0.36,
        "epsdiluted": 0.36,
        "weightedAverageShsOut": 12094444,
        "weightedAverageShsOutDil": 12094444,
        "link": "https://www.sec.gov/Archives/edgar/data/10329/000095013300001482/0000950133-00-001482-index.html",
        "finalLink": "https://www.sec.gov/Archives/edgar/data/10329/000095013300001482/0000950133-00-001482.txt"
    },
    {
        "date": "1999-11-27",
        "symbol": "BSET",
        "reportedCurrency": "USD",
        "cik": "0000010329",
        "fillingDate": "2000-02-25",
        "acceptedDate": "2000-02-25 00:00:00",
        "calendarYear": "1999",
        "period": "Q4",
        "revenue": 102500000,
        "costOfRevenue": 78200000,
        "grossProfit": 24300000,
        "grossProfitRatio": 0.2370731707,
        "researchAndDevelopmentExpenses": 0,
        "generalAndAdministrativeExpenses": 0,
        "sellingAndMarketingExpenses": 0,
        "sellingGeneralAndAdministrativeExpenses": 19500000,
        "otherExpenses": 2300000,
        "operatingExpenses": 21800000,
        "costAndExpenses": 100000000,
        "interestIncome": 0,
        "interestExpense": 0,
        "depreciationAndAmortization": 2300000,
        "ebitda": 4800000,
        "ebitdaratio": 0.0468292683,
        "operatingIncome": 2500000,
        "operatingIncomeRatio": 0.0243902439,
        "totalOtherIncomeExpensesNet": 3400000,
        "incomeBeforeTax": 5900000,
        "incomeBeforeTaxRatio": 0.0575609756,
        "incomeTaxExpense": 1800000,
        "netIncome": 4100000,
        "netIncomeRatio": 0.04,
        "eps": 0.34,
        "epsdiluted": 0.34,
        "weightedAverageShsOut": 12090909,
        "weightedAverageShsOutDil": 12094444,
        "link": "https://www.sec.gov/Archives/edgar/data/10329/000095013300000690/0000950133-00-000690-index.html",
        "finalLink": "https://www.sec.gov/Archives/edgar/data/10329/000095013300000690/0000950133-00-000690.txt"
    },
    {
        "date": "1999-08-28",
        "symbol": "BSET",
        "reportedCurrency": "USD",
        "cik": "0000010329",
        "fillingDate": "1999-10-12",
        "acceptedDate": "1999-10-12 00:00:00",
        "calendarYear": "1999",
        "period": "Q3",
        "revenue": 88800000,
        "costOfRevenue": 66600000,
        "grossProfit": 22200000,
        "grossProfitRatio": 0.25,
        "researchAndDevelopmentExpenses": 0,
        "generalAndAdministrativeExpenses": 0,
        "sellingAndMarketingExpenses": 0,
        "sellingGeneralAndAdministrativeExpenses": 17200000,
        "otherExpenses": 2000000,
        "operatingExpenses": 19200000,
        "costAndExpenses": 85800000,
        "interestIncome": 0,
        "interestExpense": 0,
        "depreciationAndAmortization": 2000000,
        "ebitda": 5000000,
        "ebitdaratio": 0.0563063063,
        "operatingIncome": 3000000,
        "operatingIncomeRatio": 0.0337837838,
        "totalOtherIncomeExpensesNet": 3500000,
        "incomeBeforeTax": 6500000,
        "incomeBeforeTaxRatio": 0.0731981982,
        "incomeTaxExpense": 2100000,
        "netIncome": 4400000,
        "netIncomeRatio": 0.0495495495,
        "eps": 0.36,
        "epsdiluted": 0.36,
        "weightedAverageShsOut": 12222222,
        "weightedAverageShsOutDil": 12222222,
        "link": "https://www.sec.gov/Archives/edgar/data/10329/000095013399003227/0000950133-99-003227-index.html",
        "finalLink": "https://www.sec.gov/Archives/edgar/data/10329/000095013399003227/0000950133-99-003227.txt"
    },
    {
        "date": "1999-05-29",
        "symbol": "BSET",
        "reportedCurrency": "USD",
        "cik": "0000010329",
        "fillingDate": "1999-07-13",
        "acceptedDate": "1999-07-13 00:00:00",
        "calendarYear": "1999",
        "period": "Q2",
        "revenue": 103700000,
        "costOfRevenue": 79300000,
        "grossProfit": 24400000,
        "grossProfitRatio": 0.2352941176,
        "researchAndDevelopmentExpenses": 0,
        "generalAndAdministrativeExpenses": 0,
        "sellingAndMarketingExpenses": 0,
        "sellingGeneralAndAdministrativeExpenses": 18500000,
        "otherExpenses": 1900000,
        "operatingExpenses": 20400000,
        "costAndExpenses": 99700000,
        "interestIncome": 0,
        "interestExpense": 0,
        "depreciationAndAmortization": 1900000,
        "ebitda": 5859000,
        "ebitdaratio": 0.0564995178,
        "operatingIncome": 4000000,
        "operatingIncomeRatio": 0.0385728062,
        "totalOtherIncomeExpensesNet": 3500000,
        "incomeBeforeTax": 7500000,
        "incomeBeforeTaxRatio": 0.0723240116,
        "incomeTaxExpense": 2400000,
        "netIncome": 5100000,
        "netIncomeRatio": 0.0491803279,
        "eps": 0.4,
        "epsdiluted": 0.4,
        "weightedAverageShsOut": 12750000,
        "weightedAverageShsOutDil": 12750000,
        "link": "https://www.sec.gov/Archives/edgar/data/10329/000095013399002408/0000950133-99-002408-index.html",
        "finalLink": "https://www.sec.gov/Archives/edgar/data/10329/000095013399002408/0000950133-99-002408.txt"
    },
    {
        "date": "1999-02-27",
        "symbol": "BSET",
        "reportedCurrency": "USD",
        "cik": "0000010329",
        "fillingDate": "1999-04-13",
        "acceptedDate": "1999-04-13 00:00:00",
        "calendarYear": "1999",
        "period": "Q1",
        "revenue": 99800000,
        "costOfRevenue": 78000000,
        "grossProfit": 21800000,
        "grossProfitRatio": 0.2184368737,
        "researchAndDevelopmentExpenses": 0,
        "generalAndAdministrativeExpenses": 0,
        "sellingAndMarketingExpenses": 0,
        "sellingGeneralAndAdministrativeExpenses": 16500000,
        "otherExpenses": 2200000,
        "operatingExpenses": 18700000,
        "costAndExpenses": 96700000,
        "interestIncome": 0,
        "interestExpense": 0,
        "depreciationAndAmortization": 2200000,
        "ebitda": 5309000,
        "ebitdaratio": 0.0531963928,
        "operatingIncome": 3100000,
        "operatingIncomeRatio": 0.0310621242,
        "totalOtherIncomeExpensesNet": 3300000,
        "incomeBeforeTax": 6400000,
        "incomeBeforeTaxRatio": 0.0641282565,
        "incomeTaxExpense": 2000000,
        "netIncome": 4400000,
        "netIncomeRatio": 0.0440881764,
        "eps": 0.34,
        "epsdiluted": 0.34,
        "weightedAverageShsOut": 12941176,
        "weightedAverageShsOutDil": 12941176,
        "link": "https://www.sec.gov/Archives/edgar/data/10329/000095013399001310/0000950133-99-001310-index.html",
        "finalLink": "https://www.sec.gov/Archives/edgar/data/10329/0000950133-99-001310.txt"
    },
    {
        "date": "1998-11-28",
        "symbol": "BSET",
        "reportedCurrency": "USD",
        "cik": "0000010329",
        "fillingDate": "1999-02-26",
        "acceptedDate": "1999-02-26 00:00:00",
        "calendarYear": "1998",
        "period": "Q4",
        "revenue": 102800000,
        "costOfRevenue": 81200000,
        "grossProfit": 21600000,
        "grossProfitRatio": 0.2101167315,
        "researchAndDevelopmentExpenses": 0,
        "generalAndAdministrativeExpenses": 0,
        "sellingAndMarketingExpenses": 0,
        "sellingGeneralAndAdministrativeExpenses": 16200000,
        "otherExpenses": 1700000,
        "operatingExpenses": 17900000,
        "costAndExpenses": 99100000,
        "interestIncome": 0,
        "interestExpense": 0,
        "depreciationAndAmortization": 1700000,
        "ebitda": 5400000,
        "ebitdaratio": 0.0525291829,
        "operatingIncome": 3700000,
        "operatingIncomeRatio": 0.0359922179,
        "totalOtherIncomeExpensesNet": 3500000,
        "incomeBeforeTax": 7200000,
        "incomeBeforeTaxRatio": 0.0700389105,
        "incomeTaxExpense": 2000000,
        "netIncome": 5200000,
        "netIncomeRatio": 0.0505836576,
        "eps": 0.4,
        "epsdiluted": 0.4,
        "weightedAverageShsOut": 12941176,
        "weightedAverageShsOutDil": 12941176,
        "link": "https://www.sec.gov/Archives/edgar/data/10329/000095013399000659/0000950133-99-000659-index.html",
        "finalLink": "https://www.sec.gov/Archives/edgar/data/10329/0000950133-99-000659.txt"
    },
    {
        "date": "1998-08-29",
        "symbol": "BSET",
        "reportedCurrency": "USD",
        "cik": "0000010329",
        "fillingDate": "1998-10-13",
        "acceptedDate": "1998-10-13 00:00:00",
        "calendarYear": "1998",
        "period": "Q3",
        "revenue": 98100000,
        "costOfRevenue": 77000000,
        "grossProfit": 21100000,
        "grossProfitRatio": 0.2150866463,
        "researchAndDevelopmentExpenses": 0,
        "generalAndAdministrativeExpenses": 0,
        "sellingAndMarketingExpenses": 0,
        "sellingGeneralAndAdministrativeExpenses": 15600000,
        "otherExpenses": 3400000,
        "operatingExpenses": 19000000,
        "costAndExpenses": 96000000,
        "interestIncome": 0,
        "interestExpense": 0,
        "depreciationAndAmortization": 1700000,
        "ebitda": 3900000,
        "ebitdaratio": 0.0397553517,
        "operatingIncome": 2100000,
        "operatingIncomeRatio": 0.0214067278,
        "totalOtherIncomeExpensesNet": 1900000,
        "incomeBeforeTax": 4000000,
        "incomeBeforeTaxRatio": 0.0407747197,
        "incomeTaxExpense": 900000,
        "netIncome": 3100000,
        "netIncomeRatio": 0.0316004077,
        "eps": 0.24,
        "epsdiluted": 0.24,
        "weightedAverageShsOut": 12916667,
        "weightedAverageShsOutDil": 12916667,
        "link": "https://www.sec.gov/Archives/edgar/data/10329/000095013398003499/0000950133-98-003499-index.html",
        "finalLink": "https://www.sec.gov/Archives/edgar/data/10329/0000950133-98-003499.txt"
    },
    {
        "date": "1998-05-30",
        "symbol": "BSET",
        "reportedCurrency": "USD",
        "cik": "0000010329",
        "fillingDate": "1998-07-14",
        "acceptedDate": "1998-07-14 00:00:00",
        "calendarYear": "1998",
        "period": "Q2",
        "revenue": 98300000,
        "costOfRevenue": 78000000,
        "grossProfit": 20300000,
        "grossProfitRatio": 0.2065106816,
        "researchAndDevelopmentExpenses": 0,
        "generalAndAdministrativeExpenses": 0,
        "sellingAndMarketingExpenses": 0,
        "sellingGeneralAndAdministrativeExpenses": 16400000,
        "otherExpenses": 1800000,
        "operatingExpenses": 18200000,
        "costAndExpenses": 96200000,
        "interestIncome": 0,
        "interestExpense": 0,
        "depreciationAndAmortization": 1800000,
        "ebitda": 3900000,
        "ebitdaratio": 0.0396744659,
        "operatingIncome": 2100000,
        "operatingIncomeRatio": 0.021363174,
        "totalOtherIncomeExpensesNet": 3200000,
        "incomeBeforeTax": 5300000,
        "incomeBeforeTaxRatio": 0.0539165819,
        "incomeTaxExpense": 1300000,
        "netIncome": 4000000,
        "netIncomeRatio": 0.0406917599,
        "eps": 0.3,
        "epsdiluted": 0.3,
        "weightedAverageShsOut": 13333333,
        "weightedAverageShsOutDil": 13333333,
        "link": "https://www.sec.gov/Archives/edgar/data/10329/000095013398002609/0000950133-98-002609-index.html",
        "finalLink": "https://www.sec.gov/Archives/edgar/data/10329/0000950133-98-002609.txt"
    },
    {
        "date": "1998-02-28",
        "symbol": "BSET",
        "reportedCurrency": "USD",
        "cik": "0000010329",
        "fillingDate": "1998-04-14",
        "acceptedDate": "1998-04-14 00:00:00",
        "calendarYear": "1998",
        "period": "Q1",
        "revenue": 98300000,
        "costOfRevenue": 79100000,
        "grossProfit": 19200000,
        "grossProfitRatio": 0.1953204476,
        "researchAndDevelopmentExpenses": 0,
        "generalAndAdministrativeExpenses": 0,
        "sellingAndMarketingExpenses": 0,
        "sellingGeneralAndAdministrativeExpenses": 15800000,
        "otherExpenses": 1700000,
        "operatingExpenses": 17500000,
        "costAndExpenses": 96600000,
        "interestIncome": 0,
        "interestExpense": 0,
        "depreciationAndAmortization": 1700000,
        "ebitda": 3400000,
        "ebitdaratio": 0.0345879959,
        "operatingIncome": 1700000,
        "operatingIncomeRatio": 0.017293998,
        "totalOtherIncomeExpensesNet": 2800000,
        "incomeBeforeTax": 4500000,
        "incomeBeforeTaxRatio": 0.0457782299,
        "incomeTaxExpense": 1100000,
        "netIncome": 3400000,
        "netIncomeRatio": 0.0345879959,
        "eps": 0.26,
        "epsdiluted": 0.26,
        "weightedAverageShsOut": 13076923,
        "weightedAverageShsOutDil": 13076923,
        "link": "https://www.sec.gov/Archives/edgar/data/10329/000095013398001417/0000950133-98-001417-index.html",
        "finalLink": "https://www.sec.gov/Archives/edgar/data/10329/0000950133-98-001417.txt"
    },
    {
        "date": "1997-11-30",
        "symbol": "BSET",
        "reportedCurrency": "USD",
        "cik": "0000010329",
        "fillingDate": "1998-03-02",
        "acceptedDate": "1998-03-02 00:00:00",
        "calendarYear": "1997",
        "period": "Q4",
        "revenue": 113600000,
        "costOfRevenue": 99400000,
        "grossProfit": 14200000,
        "grossProfitRatio": 0.125,
        "researchAndDevelopmentExpenses": 0,
        "generalAndAdministrativeExpenses": 0,
        "sellingAndMarketingExpenses": 0,
        "sellingGeneralAndAdministrativeExpenses": 26500000,
        "otherExpenses": 6200000,
        "operatingExpenses": 32700000,
        "costAndExpenses": 132100000,
        "interestIncome": 0,
        "interestExpense": 0,
        "depreciationAndAmortization": -6900000,
        "ebitda": -25400000,
        "ebitdaratio": -0.2235915493,
        "operatingIncome": -18500000,
        "operatingIncomeRatio": -0.1628521127,
        "totalOtherIncomeExpensesNet": 7000000,
        "incomeBeforeTax": -11500000,
        "incomeBeforeTaxRatio": -0.1012323944,
        "incomeTaxExpense": -7600000,
        "netIncome": -3900000,
        "netIncomeRatio": -0.0343309859,
        "eps": -0.3,
        "epsdiluted": -0.3,
        "weightedAverageShsOut": 13016667,
        "weightedAverageShsOutDil": 13076923,
        "link": "https://www.sec.gov/Archives/edgar/data/10329/000095013398000652/0000950133-98-000652-index.html",
        "finalLink": "https://www.sec.gov/Archives/edgar/data/10329/0000950133-98-000652.txt"
    },
    {
        "date": "1997-08-31",
        "symbol": "BSET",
        "reportedCurrency": "USD",
        "cik": "0000010329",
        "fillingDate": "1997-10-14",
        "acceptedDate": "1997-10-14 00:00:00",
        "calendarYear": "1997",
        "period": "Q3",
        "revenue": 110300000,
        "costOfRevenue": 98400000,
        "grossProfit": 11900000,
        "grossProfitRatio": 0.1078875793,
        "researchAndDevelopmentExpenses": 0,
        "generalAndAdministrativeExpenses": 0,
        "sellingAndMarketingExpenses": 0,
        "sellingGeneralAndAdministrativeExpenses": 16700000,
        "otherExpenses": 0,
        "operatingExpenses": 16700000,
        "costAndExpenses": 115100000,
        "interestIncome": 0,
        "interestExpense": 5700000,
        "depreciationAndAmortization": 5600000,
        "ebitda": 800000,
        "ebitdaratio": 0.0072529465,
        "operatingIncome": -4800000,
        "operatingIncomeRatio": -0.0435176791,
        "totalOtherIncomeExpensesNet": -5700000,
        "incomeBeforeTax": -10500000,
        "incomeBeforeTaxRatio": -0.0951949229,
        "incomeTaxExpense": -5400000,
        "netIncome": -5100000,
        "netIncomeRatio": -0.046237534,
        "eps": -0.39,
        "epsdiluted": -0.39,
        "weightedAverageShsOut": 13076923,
        "weightedAverageShsOutDil": 13076923,
        "link": "https://www.sec.gov/Archives/edgar/data/10329/000095013397003512/0000950133-97-003512-index.html",
        "finalLink": "https://www.sec.gov/Archives/edgar/data/10329/0000950133-97-003512.txt"
    },
    {
        "date": "1997-05-31",
        "symbol": "BSET",
        "reportedCurrency": "USD",
        "cik": "0000010329",
        "fillingDate": "1997-07-09",
        "acceptedDate": "1997-07-09 00:00:00",
        "calendarYear": "1997",
        "period": "Q2",
        "revenue": 113200000,
        "costOfRevenue": 101400000,
        "grossProfit": 11800000,
        "grossProfitRatio": 0.1042402827,
        "researchAndDevelopmentExpenses": 0,
        "generalAndAdministrativeExpenses": 0,
        "sellingAndMarketingExpenses": 0,
        "sellingGeneralAndAdministrativeExpenses": 25600000,
        "otherExpenses": 0,
        "operatingExpenses": 25600000,
        "costAndExpenses": 127000000,
        "interestIncome": 0,
        "interestExpense": 10500000,
        "depreciationAndAmortization": 10500000,
        "ebitda": -3300000,
        "ebitdaratio": -0.0291519435,
        "operatingIncome": -13800000,
        "operatingIncomeRatio": -0.1219081272,
        "totalOtherIncomeExpensesNet": -10500000,
        "incomeBeforeTax": -24300000,
        "incomeBeforeTaxRatio": -0.214664311,
        "incomeTaxExpense": -10300000,
        "netIncome": -14000000,
        "netIncomeRatio": -0.1236749117,
        "eps": -1.07,
        "epsdiluted": -1.07,
        "weightedAverageShsOut": 13084112,
        "weightedAverageShsOutDil": 13084112,
        "link": "https://www.sec.gov/Archives/edgar/data/10329/000095013397002457/0000950133-97-002457-index.html",
        "finalLink": "https://www.sec.gov/Archives/edgar/data/10329/0000950133-97-002457.txt"
    },
    {
        "date": "1997-02-28",
        "symbol": "BSET",
        "reportedCurrency": "USD",
        "cik": "0000010329",
        "fillingDate": "1997-04-14",
        "acceptedDate": "1997-04-14 00:00:00",
        "calendarYear": "1997",
        "period": "Q1",
        "revenue": 109800000,
        "costOfRevenue": 91600000,
        "grossProfit": 18200000,
        "grossProfitRatio": 0.1657559199,
        "researchAndDevelopmentExpenses": 0,
        "generalAndAdministrativeExpenses": 0,
        "sellingAndMarketingExpenses": 0,
        "sellingGeneralAndAdministrativeExpenses": 15800000,
        "otherExpenses": 0,
        "operatingExpenses": 15800000,
        "costAndExpenses": 107400000,
        "interestIncome": 0,
        "interestExpense": 0,
        "depreciationAndAmortization": -2100000,
        "ebitda": 300000,
        "ebitdaratio": 0.0027322404,
        "operatingIncome": 2400000,
        "operatingIncomeRatio": 0.0218579235,
        "totalOtherIncomeExpensesNet": 2000000,
        "incomeBeforeTax": 4400000,
        "incomeBeforeTaxRatio": 0.0400728597,
        "incomeTaxExpense": 1000000,
        "netIncome": 3400000,
        "netIncomeRatio": 0.0309653916,
        "eps": 0.26,
        "epsdiluted": 0.26,
        "weightedAverageShsOut": 13076923,
        "weightedAverageShsOutDil": 13076923,
        "link": "https://www.sec.gov/Archives/edgar/data/10329/000095013397001329/0000950133-97-001329-index.html",
        "finalLink": "https://www.sec.gov/Archives/edgar/data/10329/0000950133-97-001329.txt"
    },
    {
        "date": "1996-11-30",
        "symbol": "BSET",
        "reportedCurrency": "USD",
        "cik": "0000010329",
        "fillingDate": "1997-02-25",
        "acceptedDate": "1997-02-25 00:00:00",
        "calendarYear": "1996",
        "period": "Q4",
        "revenue": 118500000,
        "costOfRevenue": 93900000,
        "grossProfit": 24600000,
        "grossProfitRatio": 0.2075949367,
        "researchAndDevelopmentExpenses": 0,
        "generalAndAdministrativeExpenses": 0,
        "sellingAndMarketingExpenses": 0,
        "sellingGeneralAndAdministrativeExpenses": 18100000,
        "otherExpenses": 6300000,
        "operatingExpenses": 24400000,
        "costAndExpenses": 118300000,
        "interestIncome": 0,
        "interestExpense": 0,
        "depreciationAndAmortization": -3500000,
        "ebitda": -3300000,
        "ebitdaratio": -0.0278481013,
        "operatingIncome": 200000,
        "operatingIncomeRatio": 0.0016877637,
        "totalOtherIncomeExpensesNet": 3500000,
        "incomeBeforeTax": 3700000,
        "incomeBeforeTaxRatio": 0.0312236287,
        "incomeTaxExpense": -300000,
        "netIncome": 4000000,
        "netIncomeRatio": 0.0337552743,
        "eps": 0.31,
        "epsdiluted": 0.31,
        "weightedAverageShsOut": 12959632,
        "weightedAverageShsOutDil": 13076923,
        "link": "https://www.sec.gov/Archives/edgar/data/10329/000095013397000557/0000950133-97-000557-index.html",
        "finalLink": "https://www.sec.gov/Archives/edgar/data/10329/0000950133-97-000557.txt"
    },
    {
        "date": "1996-08-31",
        "symbol": "BSET",
        "reportedCurrency": "USD",
        "cik": "0000010329",
        "fillingDate": "1996-10-11",
        "acceptedDate": "1996-10-11 00:00:00",
        "calendarYear": "1996",
        "period": "Q3",
        "revenue": 109000000,
        "costOfRevenue": 91200000,
        "grossProfit": 17800000,
        "grossProfitRatio": 0.1633027523,
        "researchAndDevelopmentExpenses": 0,
        "generalAndAdministrativeExpenses": 0,
        "sellingAndMarketingExpenses": 0,
        "sellingGeneralAndAdministrativeExpenses": 14800000,
        "otherExpenses": 0,
        "operatingExpenses": 14800000,
        "costAndExpenses": 106000000,
        "interestIncome": 0,
        "interestExpense": 0,
        "depreciationAndAmortization": -3200000,
        "ebitda": -200000,
        "ebitdaratio": -0.0018348624,
        "operatingIncome": 3000000,
        "operatingIncomeRatio": 0.0275229358,
        "totalOtherIncomeExpensesNet": 3200000,
        "incomeBeforeTax": 6200000,
        "incomeBeforeTaxRatio": 0.0568807339,
        "incomeTaxExpense": 1400000,
        "netIncome": 4800000,
        "netIncomeRatio": 0.0440366972,
        "eps": 0.36,
        "epsdiluted": 0.36,
        "weightedAverageShsOut": 13333333,
        "weightedAverageShsOutDil": 13333333,
        "link": "https://www.sec.gov/Archives/edgar/data/10329/000095013396002167/0000950133-96-002167-index.html",
        "finalLink": "https://www.sec.gov/Archives/edgar/data/10329/0000950133-96-002167.txt"
    },
    {
        "date": "1996-05-31",
        "symbol": "BSET",
        "reportedCurrency": "USD",
        "cik": "0000010329",
        "fillingDate": "1996-07-05",
        "acceptedDate": "1996-07-05 00:00:00",
        "calendarYear": "1996",
        "period": "Q2",
        "revenue": 111300000,
        "costOfRevenue": 93600000,
        "grossProfit": 17700000,
        "grossProfitRatio": 0.1590296496,
        "researchAndDevelopmentExpenses": 0,
        "generalAndAdministrativeExpenses": 0,
        "sellingAndMarketingExpenses": 0,
        "sellingGeneralAndAdministrativeExpenses": 15800000,
        "otherExpenses": 0,
        "operatingExpenses": 15800000,
        "costAndExpenses": 109400000,
        "interestIncome": 0,
        "interestExpense": 0,
        "depreciationAndAmortization": -4300000,
        "ebitda": -2400000,
        "ebitdaratio": -0.0215633423,
        "operatingIncome": 1900000,
        "operatingIncomeRatio": 0.0170709793,
        "totalOtherIncomeExpensesNet": 4300000,
        "incomeBeforeTax": 6200000,
        "incomeBeforeTaxRatio": 0.055705301,
        "incomeTaxExpense": 1200000,
        "netIncome": 5000000,
        "netIncomeRatio": 0.0449236298,
        "eps": 0.37,
        "epsdiluted": 0.37,
        "weightedAverageShsOut": 13513514,
        "weightedAverageShsOutDil": 13513514,
        "link": "https://www.sec.gov/Archives/edgar/data/10329/000095013396001094/0000950133-96-001094-index.html",
        "finalLink": "https://www.sec.gov/Archives/edgar/data/10329/0000950133-96-001094.txt"
    },
    {
        "date": "1996-02-29",
        "symbol": "BSET",
        "reportedCurrency": "USD",
        "cik": "0000010329",
        "fillingDate": "1996-04-12",
        "acceptedDate": "1996-04-12 00:00:00",
        "calendarYear": "1996",
        "period": "Q1",
        "revenue": 112000000,
        "costOfRevenue": 94200000,
        "grossProfit": 17800000,
        "grossProfitRatio": 0.1589285714,
        "researchAndDevelopmentExpenses": 0,
        "generalAndAdministrativeExpenses": 0,
        "sellingAndMarketingExpenses": 0,
        "sellingGeneralAndAdministrativeExpenses": 15500000,
        "otherExpenses": 0,
        "operatingExpenses": 15500000,
        "costAndExpenses": 109700000,
        "interestIncome": 0,
        "interestExpense": 0,
        "depreciationAndAmortization": -4000000,
        "ebitda": -1700000,
        "ebitdaratio": -0.0151785714,
        "operatingIncome": 2300000,
        "operatingIncomeRatio": 0.0205357143,
        "totalOtherIncomeExpensesNet": 4000000,
        "incomeBeforeTax": 6300000,
        "incomeBeforeTaxRatio": 0.05625,
        "incomeTaxExpense": 1600000,
        "netIncome": 4700000,
        "netIncomeRatio": 0.0419642857,
        "eps": 0.35,
        "epsdiluted": 0.35,
        "weightedAverageShsOut": 13428571,
        "weightedAverageShsOutDil": 13428571,
        "link": "https://www.sec.gov/Archives/edgar/data/10329/000095013396000364/0000950133-96-000364-index.html",
        "finalLink": "https://www.sec.gov/Archives/edgar/data/10329/0000950133-96-000364.txt"
    },
    {
        "date": "1995-11-30",
        "symbol": "BSET",
        "reportedCurrency": "USD",
        "cik": "0000010329",
        "fillingDate": "1996-02-22",
        "acceptedDate": "1996-02-22 00:00:00",
        "calendarYear": "1995",
        "period": "Q4",
        "revenue": 129000000,
        "costOfRevenue": 98000000,
        "grossProfit": 31000000,
        "grossProfitRatio": 0.2403100775,
        "researchAndDevelopmentExpenses": 0,
        "generalAndAdministrativeExpenses": 0,
        "sellingAndMarketingExpenses": 0,
        "sellingGeneralAndAdministrativeExpenses": 17100000,
        "otherExpenses": 8600000,
        "operatingExpenses": 25700000,
        "costAndExpenses": 123700000,
        "interestIncome": 0,
        "interestExpense": 0,
        "depreciationAndAmortization": -2700000,
        "ebitda": 2600000,
        "ebitdaratio": 0.0201550388,
        "operatingIncome": 5300000,
        "operatingIncomeRatio": 0.0410852713,
        "totalOtherIncomeExpensesNet": 2600000,
        "incomeBeforeTax": 7900000,
        "incomeBeforeTaxRatio": 0.0612403101,
        "incomeTaxExpense": 700000,
        "netIncome": 7200000,
        "netIncomeRatio": 0.0558139535,
        "eps": 0.54,
        "epsdiluted": 0.54,
        "weightedAverageShsOut": 13428571,
        "weightedAverageShsOutDil": 13428571,
        "link": "https://www.sec.gov/Archives/edgar/data/10329/000095013396000137/0000950133-96-000137-index.html",
        "finalLink": "https://www.sec.gov/Archives/edgar/data/10329/0000950133-96-000137.txt"
    },
    {
        "date": "1995-08-31",
        "symbol": "BSET",
        "reportedCurrency": "USD",
        "cik": "0000010329",
        "fillingDate": "1995-10-06",
        "acceptedDate": "1995-10-06 00:00:00",
        "calendarYear": "1995",
        "period": "Q3",
        "revenue": 119200000,
        "costOfRevenue": 98500000,
        "grossProfit": 20700000,
        "grossProfitRatio": 0.1736577181,
        "researchAndDevelopmentExpenses": 0,
        "generalAndAdministrativeExpenses": 0,
        "sellingAndMarketingExpenses": 0,
        "sellingGeneralAndAdministrativeExpenses": 16300000,
        "otherExpenses": 0,
        "operatingExpenses": 16300000,
        "costAndExpenses": 114800000,
        "interestIncome": 0,
        "interestExpense": 0,
        "depreciationAndAmortization": -3800000,
        "ebitda": 600000,
        "ebitdaratio": 0.005033557,
        "operatingIncome": 4400000,
        "operatingIncomeRatio": 0.0369127517,
        "totalOtherIncomeExpensesNet": 3800000,
        "incomeBeforeTax": 8200000,
        "incomeBeforeTaxRatio": 0.0687919463,
        "incomeTaxExpense": 2400000,
        "netIncome": 5800000,
        "netIncomeRatio": 0.0486577181,
        "eps": 0.41,
        "epsdiluted": 0.41,
        "weightedAverageShsOut": 14146341,
        "weightedAverageShsOutDil": 14146341,
        "link": "https://www.sec.gov/Archives/edgar/data/10329/000095013395000557/0000950133-95-000557-index.html",
        "finalLink": "https://www.sec.gov/Archives/edgar/data/10329/0000950133-95-000557.txt"
    },
    {
        "date": "1995-05-31",
        "symbol": "BSET",
        "reportedCurrency": "USD",
        "cik": "0000010329",
        "fillingDate": "1995-07-07",
        "acceptedDate": "1995-07-07 00:00:00",
        "calendarYear": "1995",
        "period": "Q2",
        "revenue": 119000000,
        "costOfRevenue": 99700000,
        "grossProfit": 19300000,
        "grossProfitRatio": 0.1621848739,
        "researchAndDevelopmentExpenses": 0,
        "generalAndAdministrativeExpenses": 0,
        "sellingAndMarketingExpenses": 0,
        "sellingGeneralAndAdministrativeExpenses": 16500000,
        "otherExpenses": 0,
        "operatingExpenses": 16500000,
        "costAndExpenses": 116200000,
        "interestIncome": 0,
        "interestExpense": 0,
        "depreciationAndAmortization": -4200000,
        "ebitda": -1400000,
        "ebitdaratio": -0.0117647059,
        "operatingIncome": 2800000,
        "operatingIncomeRatio": 0.0235294118,
        "totalOtherIncomeExpensesNet": 4200000,
        "incomeBeforeTax": 7000000,
        "incomeBeforeTaxRatio": 0.0588235294,
        "incomeTaxExpense": 2000000,
        "netIncome": 5000000,
        "netIncomeRatio": 0.0420168067,
        "eps": 0.35,
        "epsdiluted": 0.35,
        "weightedAverageShsOut": 14285714,
        "weightedAverageShsOutDil": 14285714,
        "link": "https://www.sec.gov/Archives/edgar/data/10329/000095013395000372/0000950133-95-000372-index.html",
        "finalLink": "https://www.sec.gov/Archives/edgar/data/10329/0000950133-95-000372.txt"
    },
    {
        "date": "1995-02-28",
        "symbol": "BSET",
        "reportedCurrency": "USD",
        "cik": "0000010329",
        "fillingDate": "1995-04-04",
        "acceptedDate": "1995-04-04 00:00:00",
        "calendarYear": "1995",
        "period": "Q1",
        "revenue": 123600000,
        "costOfRevenue": 102900000,
        "grossProfit": 20700000,
        "grossProfitRatio": 0.1674757282,
        "researchAndDevelopmentExpenses": 0,
        "generalAndAdministrativeExpenses": 0,
        "sellingAndMarketingExpenses": 0,
        "sellingGeneralAndAdministrativeExpenses": 16000000,
        "otherExpenses": 0,
        "operatingExpenses": 16000000,
        "costAndExpenses": 118900000,
        "interestIncome": 0,
        "interestExpense": 0,
        "depreciationAndAmortization": -2300000,
        "ebitda": 2400000,
        "ebitdaratio": 0.0194174757,
        "operatingIncome": 4700000,
        "operatingIncomeRatio": 0.03802589,
        "totalOtherIncomeExpensesNet": 2200000,
        "incomeBeforeTax": 6900000,
        "incomeBeforeTaxRatio": 0.0558252427,
        "incomeTaxExpense": 2000000,
        "netIncome": 4900000,
        "netIncomeRatio": 0.0396440129,
        "eps": 0.35,
        "epsdiluted": 0.35,
        "weightedAverageShsOut": 14000000,
        "weightedAverageShsOutDil": 14000000,
        "link": "https://www.sec.gov/Archives/edgar/data/10329/000095013395000186/0000950133-95-000186-index.html",
        "finalLink": "https://www.sec.gov/Archives/edgar/data/10329/0000950133-95-000186.txt"
    },
    {
        "date": "1994-11-30",
        "symbol": "BSET",
        "reportedCurrency": "USD",
        "cik": "0000010329",
        "fillingDate": "1995-02-24",
        "acceptedDate": "1995-02-24 00:00:00",
        "calendarYear": "1994",
        "period": "Q4",
        "revenue": 129300000,
        "costOfRevenue": 96500000,
        "grossProfit": 32800000,
        "grossProfitRatio": 0.2536736272,
        "researchAndDevelopmentExpenses": 0,
        "generalAndAdministrativeExpenses": 0,
        "sellingAndMarketingExpenses": 0,
        "sellingGeneralAndAdministrativeExpenses": 16600000,
        "otherExpenses": 8800000,
        "operatingExpenses": 25400000,
        "costAndExpenses": 121900000,
        "interestIncome": 0,
        "interestExpense": 0,
        "depreciationAndAmortization": -3100000,
        "ebitda": 4300000,
        "ebitdaratio": 0.0332559938,
        "operatingIncome": 7400000,
        "operatingIncomeRatio": 0.0572312452,
        "totalOtherIncomeExpensesNet": 3000000,
        "incomeBeforeTax": 10400000,
        "incomeBeforeTaxRatio": 0.0804331013,
        "incomeTaxExpense": 2400000,
        "netIncome": 8000000,
        "netIncomeRatio": 0.0618716164,
        "eps": 0.57,
        "epsdiluted": 0.57,
        "weightedAverageShsOut": 13888889,
        "weightedAverageShsOutDil": 14000000,
        "link": "https://www.sec.gov/Archives/edgar/data/10329/000095013395000082/0000950133-95-000082-index.html",
        "finalLink": "https://www.sec.gov/Archives/edgar/data/10329/0000950133-95-000082.txt"
    },
    {
        "date": "1994-08-31",
        "symbol": "BSET",
        "reportedCurrency": "USD",
        "cik": "0000010329",
        "fillingDate": "1994-08-31",
        "acceptedDate": "1994-08-31 00:00:00",
        "calendarYear": "1994",
        "period": "Q3",
        "revenue": 125000000,
        "costOfRevenue": 103500000,
        "grossProfit": 21500000,
        "grossProfitRatio": 0.172,
        "researchAndDevelopmentExpenses": 0,
        "generalAndAdministrativeExpenses": 0,
        "sellingAndMarketingExpenses": 0,
        "sellingGeneralAndAdministrativeExpenses": 16700000,
        "otherExpenses": 0,
        "operatingExpenses": 16700000,
        "costAndExpenses": 120200000,
        "interestIncome": 0,
        "interestExpense": 0,
        "depreciationAndAmortization": -2000000,
        "ebitda": 2800000,
        "ebitdaratio": 0.0224,
        "operatingIncome": 4800000,
        "operatingIncomeRatio": 0.0384,
        "totalOtherIncomeExpensesNet": 1900000,
        "incomeBeforeTax": 6700000,
        "incomeBeforeTaxRatio": 0.0536,
        "incomeTaxExpense": 2100000,
        "netIncome": 4600000,
        "netIncomeRatio": 0.0368,
        "eps": 0.32,
        "epsdiluted": 0.32,
        "weightedAverageShsOut": 14375000,
        "weightedAverageShsOutDil": 14375000,
        "link": null,
        "finalLink": null
    },
    {
        "date": "1994-05-31",
        "symbol": "BSET",
        "reportedCurrency": "USD",
        "cik": "0000010329",
        "fillingDate": "1994-05-31",
        "acceptedDate": "1994-05-31 00:00:00",
        "calendarYear": "1994",
        "period": "Q2",
        "revenue": 134600000,
        "costOfRevenue": 108800000,
        "grossProfit": 25800000,
        "grossProfitRatio": 0.191679049,
        "researchAndDevelopmentExpenses": 0,
        "generalAndAdministrativeExpenses": 0,
        "sellingAndMarketingExpenses": 0,
        "sellingGeneralAndAdministrativeExpenses": 17200000,
        "otherExpenses": 0,
        "operatingExpenses": 17200000,
        "costAndExpenses": 126000000,
        "interestIncome": 0,
        "interestExpense": 0,
        "depreciationAndAmortization": -2300000,
        "ebitda": 6300000,
        "ebitdaratio": 0.0468053492,
        "operatingIncome": 8600000,
        "operatingIncomeRatio": 0.0638930163,
        "totalOtherIncomeExpensesNet": 2400000,
        "incomeBeforeTax": 11000000,
        "incomeBeforeTaxRatio": 0.0817236256,
        "incomeTaxExpense": 3300000,
        "netIncome": 7700000,
        "netIncomeRatio": 0.0572065379,
        "eps": 0.53,
        "epsdiluted": 0.53,
        "weightedAverageShsOut": 14528302,
        "weightedAverageShsOutDil": 14528302,
        "link": null,
        "finalLink": null
    },
    {
        "date": "1994-02-28",
        "symbol": "BSET",
        "reportedCurrency": "USD",
        "cik": "0000010329",
        "fillingDate": "1994-02-28",
        "acceptedDate": "1994-02-28 00:00:00",
        "calendarYear": "1994",
        "period": "Q1",
        "revenue": 121700000,
        "costOfRevenue": 101800000,
        "grossProfit": 19900000,
        "grossProfitRatio": 0.1635168447,
        "researchAndDevelopmentExpenses": 0,
        "generalAndAdministrativeExpenses": 0,
        "sellingAndMarketingExpenses": 0,
        "sellingGeneralAndAdministrativeExpenses": 15500000,
        "otherExpenses": 0,
        "operatingExpenses": 15500000,
        "costAndExpenses": 117300000,
        "interestIncome": 0,
        "interestExpense": 0,
        "depreciationAndAmortization": -2300000,
        "ebitda": 2100000,
        "ebitdaratio": 0.0172555464,
        "operatingIncome": 4400000,
        "operatingIncomeRatio": 0.0361544782,
        "totalOtherIncomeExpensesNet": 2300000,
        "incomeBeforeTax": 6700000,
        "incomeBeforeTaxRatio": 0.05505341,
        "incomeTaxExpense": 2000000,
        "netIncome": 4200000,
        "netIncomeRatio": 0.0345110929,
        "eps": 0.29,
        "epsdiluted": 0.29,
        "weightedAverageShsOut": 14482759,
        "weightedAverageShsOutDil": 14482759,
        "link": null,
        "finalLink": null
    },
    {
        "date": "1993-11-30",
        "symbol": "BSET",
        "reportedCurrency": "USD",
        "cik": "0000010329",
        "fillingDate": "1993-11-30",
        "acceptedDate": "1993-11-30 00:00:00",
        "calendarYear": "1993",
        "period": "Q4",
        "revenue": 133400000,
        "costOfRevenue": 100100000,
        "grossProfit": 33300000,
        "grossProfitRatio": 0.2496251874,
        "researchAndDevelopmentExpenses": 0,
        "generalAndAdministrativeExpenses": 0,
        "sellingAndMarketingExpenses": 0,
        "sellingGeneralAndAdministrativeExpenses": 16400000,
        "otherExpenses": 9000000,
        "operatingExpenses": 25400000,
        "costAndExpenses": 125500000,
        "interestIncome": 0,
        "interestExpense": 0,
        "depreciationAndAmortization": -2800000,
        "ebitda": 5100000,
        "ebitdaratio": 0.0382308846,
        "operatingIncome": 7900000,
        "operatingIncomeRatio": 0.0592203898,
        "totalOtherIncomeExpensesNet": 2800000,
        "incomeBeforeTax": 10700000,
        "incomeBeforeTaxRatio": 0.0802098951,
        "incomeTaxExpense": 2800000,
        "netIncome": 8000000,
        "netIncomeRatio": 0.059970015,
        "eps": 0.55,
        "epsdiluted": 0.55,
        "weightedAverageShsOut": 14482759,
        "weightedAverageShsOutDil": 14482759,
        "link": null,
        "finalLink": null
    },
    {
        "date": "1993-08-31",
        "symbol": "BSET",
        "reportedCurrency": "USD",
        "cik": "0000010329",
        "fillingDate": "1993-08-31",
        "acceptedDate": "1993-08-31 00:00:00",
        "calendarYear": "1993",
        "period": "Q3",
        "revenue": 121200000,
        "costOfRevenue": 101300000,
        "grossProfit": 19900000,
        "grossProfitRatio": 0.1641914191,
        "researchAndDevelopmentExpenses": 0,
        "generalAndAdministrativeExpenses": 0,
        "sellingAndMarketingExpenses": 0,
        "sellingGeneralAndAdministrativeExpenses": 15800000,
        "otherExpenses": 0,
        "operatingExpenses": 15800000,
        "costAndExpenses": 117100000,
        "interestIncome": 0,
        "interestExpense": 0,
        "depreciationAndAmortization": -2500000,
        "ebitda": 1600000,
        "ebitdaratio": 0.0132013201,
        "operatingIncome": 4100000,
        "operatingIncomeRatio": 0.0338283828,
        "totalOtherIncomeExpensesNet": 2400000,
        "incomeBeforeTax": 6500000,
        "incomeBeforeTaxRatio": 0.053630363,
        "incomeTaxExpense": 1900000,
        "netIncome": 4700000,
        "netIncomeRatio": 0.0387788779,
        "eps": 0.32,
        "epsdiluted": 0.32,
        "weightedAverageShsOut": 14687500,
        "weightedAverageShsOutDil": 14687500,
        "link": null,
        "finalLink": null
    },
    {
        "date": "1993-05-31",
        "symbol": "BSET",
        "reportedCurrency": "USD",
        "cik": "0000010329",
        "fillingDate": "1993-05-31",
        "acceptedDate": "1993-05-31 00:00:00",
        "calendarYear": "1993",
        "period": "Q2",
        "revenue": 128900000,
        "costOfRevenue": 104600000,
        "grossProfit": 24300000,
        "grossProfitRatio": 0.1885182312,
        "researchAndDevelopmentExpenses": 0,
        "generalAndAdministrativeExpenses": 0,
        "sellingAndMarketingExpenses": 0,
        "sellingGeneralAndAdministrativeExpenses": 16100000,
        "otherExpenses": 0,
        "operatingExpenses": 16100000,
        "costAndExpenses": 120700000,
        "interestIncome": 0,
        "interestExpense": 0,
        "depreciationAndAmortization": -2000000,
        "ebitda": 6200000,
        "ebitdaratio": 0.0480993018,
        "operatingIncome": 8200000,
        "operatingIncomeRatio": 0.0636152056,
        "totalOtherIncomeExpensesNet": 1900000,
        "incomeBeforeTax": 10100000,
        "incomeBeforeTaxRatio": 0.0783553142,
        "incomeTaxExpense": 3100000,
        "netIncome": 7000000,
        "netIncomeRatio": 0.0543056633,
        "eps": 0.49,
        "epsdiluted": 0.49,
        "weightedAverageShsOut": 14489796,
        "weightedAverageShsOutDil": 14489796,
        "link": null,
        "finalLink": null
    },
    {
        "date": "1993-02-28",
        "symbol": "BSET",
        "reportedCurrency": "USD",
        "cik": "0000010329",
        "fillingDate": "1993-02-28",
        "acceptedDate": "1993-02-28 00:00:00",
        "calendarYear": "1993",
        "period": "Q1",
        "revenue": 120300000,
        "costOfRevenue": 98100000,
        "grossProfit": 22200000,
        "grossProfitRatio": 0.1845386534,
        "researchAndDevelopmentExpenses": 0,
        "generalAndAdministrativeExpenses": 0,
        "sellingAndMarketingExpenses": 0,
        "sellingGeneralAndAdministrativeExpenses": 15200000,
        "otherExpenses": 0,
        "operatingExpenses": 15200000,
        "costAndExpenses": 113300000,
        "interestIncome": 0,
        "interestExpense": 0,
        "depreciationAndAmortization": -2000000,
        "ebitda": 5000000,
        "ebitdaratio": 0.0415627598,
        "operatingIncome": 7000000,
        "operatingIncomeRatio": 0.0581878637,
        "totalOtherIncomeExpensesNet": 1900000,
        "incomeBeforeTax": 8900000,
        "incomeBeforeTaxRatio": 0.0739817124,
        "incomeTaxExpense": 2800000,
        "netIncome": 6200000,
        "netIncomeRatio": 0.0515378221,
        "eps": 0.34,
        "epsdiluted": 0.34,
        "weightedAverageShsOut": 18023256,
        "weightedAverageShsOutDil": 18023256,
        "link": null,
        "finalLink": null
    },
    {
        "date": "1992-11-30",
        "symbol": "BSET",
        "reportedCurrency": "USD",
        "cik": "0000010329",
        "fillingDate": "1992-11-30",
        "acceptedDate": "1992-11-30 00:00:00",
        "calendarYear": "1992",
        "period": "Q4",
        "revenue": 132000000,
        "costOfRevenue": 96500000,
        "grossProfit": 35500000,
        "grossProfitRatio": 0.2689393939,
        "researchAndDevelopmentExpenses": 0,
        "generalAndAdministrativeExpenses": 0,
        "sellingAndMarketingExpenses": 0,
        "sellingGeneralAndAdministrativeExpenses": 16800000,
        "otherExpenses": 8500000,
        "operatingExpenses": 25300000,
        "costAndExpenses": 121800000,
        "interestIncome": 0,
        "interestExpense": 0,
        "depreciationAndAmortization": -2100000,
        "ebitda": 8100000,
        "ebitdaratio": 0.0613636364,
        "operatingIncome": 10200000,
        "operatingIncomeRatio": 0.0772727273,
        "totalOtherIncomeExpensesNet": 2300000,
        "incomeBeforeTax": 12500000,
        "incomeBeforeTaxRatio": 0.0946969697,
        "incomeTaxExpense": 3700000,
        "netIncome": 8800000,
        "netIncomeRatio": 0.0666666667,
        "eps": 0.49,
        "epsdiluted": 0.49,
        "weightedAverageShsOut": 18023256,
        "weightedAverageShsOutDil": 18023256,
        "link": null,
        "finalLink": null
    },
    {
        "date": "1992-08-31",
        "symbol": "BSET",
        "reportedCurrency": "USD",
        "cik": "0000010329",
        "fillingDate": "1992-08-31",
        "acceptedDate": "1992-08-31 00:00:00",
        "calendarYear": "1992",
        "period": "Q3",
        "revenue": 120500000,
        "costOfRevenue": 99000000,
        "grossProfit": 21500000,
        "grossProfitRatio": 0.1784232365,
        "researchAndDevelopmentExpenses": 0,
        "generalAndAdministrativeExpenses": 0,
        "sellingAndMarketingExpenses": 0,
        "sellingGeneralAndAdministrativeExpenses": 15100000,
        "otherExpenses": 0,
        "operatingExpenses": 15100000,
        "costAndExpenses": 114100000,
        "interestIncome": 0,
        "interestExpense": 0,
        "depreciationAndAmortization": -2000000,
        "ebitda": 4400000,
        "ebitdaratio": 0.0365145228,
        "operatingIncome": 6400000,
        "operatingIncomeRatio": 0.0531120332,
        "totalOtherIncomeExpensesNet": 1900000,
        "incomeBeforeTax": 8300000,
        "incomeBeforeTaxRatio": 0.068879668,
        "incomeTaxExpense": 2500000,
        "netIncome": 5800000,
        "netIncomeRatio": 0.0481327801,
        "eps": 0.32,
        "epsdiluted": 0.32,
        "weightedAverageShsOut": 18125000,
        "weightedAverageShsOutDil": 18125000,
        "link": null,
        "finalLink": null
    },
    {
        "date": "1992-05-31",
        "symbol": "BSET",
        "reportedCurrency": "USD",
        "cik": "0000010329",
        "fillingDate": "1992-05-31",
        "acceptedDate": "1992-05-31 00:00:00",
        "calendarYear": "1992",
        "period": "Q2",
        "revenue": 114500000,
        "costOfRevenue": 93000000,
        "grossProfit": 21500000,
        "grossProfitRatio": 0.1877729258,
        "researchAndDevelopmentExpenses": 0,
        "generalAndAdministrativeExpenses": 0,
        "sellingAndMarketingExpenses": 0,
        "sellingGeneralAndAdministrativeExpenses": 14800000,
        "otherExpenses": 0,
        "operatingExpenses": 14800000,
        "costAndExpenses": 107800000,
        "interestIncome": 0,
        "interestExpense": 0,
        "depreciationAndAmortization": -2700000,
        "ebitda": 4000000,
        "ebitdaratio": 0.0349344978,
        "operatingIncome": 6700000,
        "operatingIncomeRatio": 0.0585152838,
        "totalOtherIncomeExpensesNet": 2800000,
        "incomeBeforeTax": 9500000,
        "incomeBeforeTaxRatio": 0.0829694323,
        "incomeTaxExpense": 2800000,
        "netIncome": 6700000,
        "netIncomeRatio": 0.0585152838,
        "eps": 0.37,
        "epsdiluted": 0.37,
        "weightedAverageShsOut": 18206522,
        "weightedAverageShsOutDil": 18206522,
        "link": null,
        "finalLink": null
    },
    {
        "date": "1992-02-29",
        "symbol": "BSET",
        "reportedCurrency": "USD",
        "cik": "0000010329",
        "fillingDate": "1992-02-29",
        "acceptedDate": "1992-02-29 00:00:00",
        "calendarYear": "1992",
        "period": "Q1",
        "revenue": 106400000,
        "costOfRevenue": 88300000,
        "grossProfit": 18100000,
        "grossProfitRatio": 0.170112782,
        "researchAndDevelopmentExpenses": 0,
        "generalAndAdministrativeExpenses": 0,
        "sellingAndMarketingExpenses": 0,
        "sellingGeneralAndAdministrativeExpenses": 13200000,
        "otherExpenses": 0,
        "operatingExpenses": 13200000,
        "costAndExpenses": 101500000,
        "interestIncome": 0,
        "interestExpense": 0,
        "depreciationAndAmortization": -4200000,
        "ebitda": 700000,
        "ebitdaratio": 0.0065789474,
        "operatingIncome": 4900000,
        "operatingIncomeRatio": 0.0460526316,
        "totalOtherIncomeExpensesNet": 4100000,
        "incomeBeforeTax": 9000000,
        "incomeBeforeTaxRatio": 0.0845864662,
        "incomeTaxExpense": 2800000,
        "netIncome": 6200000,
        "netIncomeRatio": 0.0582706767,
        "eps": 0.34,
        "epsdiluted": 0.34,
        "weightedAverageShsOut": 14413000,
        "weightedAverageShsOutDil": 14413000,
        "link": null,
        "finalLink": null
    },
    {
        "date": "1991-11-30",
        "symbol": "BSET",
        "reportedCurrency": "USD",
        "cik": "0000010329",
        "fillingDate": "1991-11-30",
        "acceptedDate": "1991-11-30 00:00:00",
        "calendarYear": "1991",
        "period": "Q4",
        "revenue": 113000000,
        "costOfRevenue": 83000000,
        "grossProfit": 30000000,
        "grossProfitRatio": 0.2654867257,
        "researchAndDevelopmentExpenses": 0,
        "generalAndAdministrativeExpenses": 0,
        "sellingAndMarketingExpenses": 0,
        "sellingGeneralAndAdministrativeExpenses": 15000000,
        "otherExpenses": 7900000,
        "operatingExpenses": 22900000,
        "costAndExpenses": 105900000,
        "interestIncome": 0,
        "interestExpense": 0,
        "depreciationAndAmortization": -1800000,
        "ebitda": 5300000,
        "ebitdaratio": 0.0469026549,
        "operatingIncome": 7100000,
        "operatingIncomeRatio": 0.0628318584,
        "totalOtherIncomeExpensesNet": 1900000,
        "incomeBeforeTax": 9000000,
        "incomeBeforeTaxRatio": 0.0796460177,
        "incomeTaxExpense": 2300000,
        "netIncome": 6700000,
        "netIncomeRatio": 0.0592920354,
        "eps": 0.46,
        "epsdiluted": 0.46,
        "weightedAverageShsOut": 14389000,
        "weightedAverageShsOutDil": 14413000,
        "link": null,
        "finalLink": null
    },
    {
        "date": "1991-08-31",
        "symbol": "BSET",
        "reportedCurrency": "USD",
        "cik": "0000010329",
        "fillingDate": "1991-08-31",
        "acceptedDate": "1991-08-31 00:00:00",
        "calendarYear": "1991",
        "period": "Q3",
        "revenue": 101400000,
        "costOfRevenue": 84000000,
        "grossProfit": 17400000,
        "grossProfitRatio": 0.1715976331,
        "researchAndDevelopmentExpenses": 0,
        "generalAndAdministrativeExpenses": 0,
        "sellingAndMarketingExpenses": 0,
        "sellingGeneralAndAdministrativeExpenses": 13800000,
        "otherExpenses": 0,
        "operatingExpenses": 13800000,
        "costAndExpenses": 97800000,
        "interestIncome": 0,
        "interestExpense": 0,
        "depreciationAndAmortization": -2900000,
        "ebitda": 700000,
        "ebitdaratio": 0.0069033531,
        "operatingIncome": 3600000,
        "operatingIncomeRatio": 0.0355029586,
        "totalOtherIncomeExpensesNet": 3000000,
        "incomeBeforeTax": 6600000,
        "incomeBeforeTaxRatio": 0.0650887574,
        "incomeTaxExpense": 1800000,
        "netIncome": 4800000,
        "netIncomeRatio": 0.0473372781,
        "eps": 0.18,
        "epsdiluted": 0.18,
        "weightedAverageShsOut": 14436000,
        "weightedAverageShsOutDil": 14436000,
        "link": null,
        "finalLink": null
    },
    {
        "date": "1991-05-31",
        "symbol": "BSET",
        "reportedCurrency": "USD",
        "cik": "0000010329",
        "fillingDate": "1991-05-31",
        "acceptedDate": "1991-05-31 00:00:00",
        "calendarYear": "1991",
        "period": "Q2",
        "revenue": 97800000,
        "costOfRevenue": 80200000,
        "grossProfit": 17600000,
        "grossProfitRatio": 0.1799591002,
        "researchAndDevelopmentExpenses": 0,
        "generalAndAdministrativeExpenses": 0,
        "sellingAndMarketingExpenses": 0,
        "sellingGeneralAndAdministrativeExpenses": 13700000,
        "otherExpenses": 0,
        "operatingExpenses": 13700000,
        "costAndExpenses": 93900000,
        "interestIncome": 0,
        "interestExpense": 0,
        "depreciationAndAmortization": -4900000,
        "ebitda": -1000000,
        "ebitdaratio": -0.0102249489,
        "operatingIncome": 3900000,
        "operatingIncomeRatio": 0.0398773006,
        "totalOtherIncomeExpensesNet": 5000000,
        "incomeBeforeTax": 8900000,
        "incomeBeforeTaxRatio": 0.091002045,
        "incomeTaxExpense": 2600000,
        "netIncome": 6300000,
        "netIncomeRatio": 0.0644171779,
        "eps": 0.23,
        "epsdiluted": 0.23,
        "weightedAverageShsOut": 14460000,
        "weightedAverageShsOutDil": 14460000,
        "link": null,
        "finalLink": null
    },
    {
        "date": "1991-02-28",
        "symbol": "BSET",
        "reportedCurrency": "USD",
        "cik": "0000010329",
        "fillingDate": "1991-02-28",
        "acceptedDate": "1991-02-28 00:00:00",
        "calendarYear": "1991",
        "period": "Q1",
        "revenue": 89300000,
        "costOfRevenue": 76100000,
        "grossProfit": 13300000,
        "grossProfitRatio": 0.1489361702,
        "researchAndDevelopmentExpenses": 0,
        "generalAndAdministrativeExpenses": 0,
        "sellingAndMarketingExpenses": 0,
        "sellingGeneralAndAdministrativeExpenses": 13200000,
        "otherExpenses": 0,
        "operatingExpenses": 13200000,
        "costAndExpenses": 89300000,
        "interestIncome": 0,
        "interestExpense": 0,
        "depreciationAndAmortization": 17500000,
        "ebitda": 17600000,
        "ebitdaratio": 0.1970884658,
        "operatingIncome": 100000,
        "operatingIncomeRatio": 0.0011198208,
        "totalOtherIncomeExpensesNet": 2200000,
        "incomeBeforeTax": 2300000,
        "incomeBeforeTaxRatio": 0.0257558791,
        "incomeTaxExpense": 300000,
        "netIncome": 2000000,
        "netIncomeRatio": 0.0223964166,
        "eps": 0.0747,
        "epsdiluted": 0.0747,
        "weightedAverageShsOut": 14450000,
        "weightedAverageShsOutDil": 14450000,
        "link": null,
        "finalLink": null
    },
    {
        "date": "1990-11-30",
        "symbol": "BSET",
        "reportedCurrency": "USD",
        "cik": "0000010329",
        "fillingDate": "1990-11-30",
        "acceptedDate": "1990-11-30 00:00:00",
        "calendarYear": "1990",
        "period": "Q4",
        "revenue": 107200000,
        "costOfRevenue": 80900000,
        "grossProfit": 26300000,
        "grossProfitRatio": 0.2453358209,
        "researchAndDevelopmentExpenses": 0,
        "generalAndAdministrativeExpenses": 0,
        "sellingAndMarketingExpenses": 0,
        "sellingGeneralAndAdministrativeExpenses": 15600000,
        "otherExpenses": 7900000,
        "operatingExpenses": 23500000,
        "costAndExpenses": 104400000,
        "interestIncome": 0,
        "interestExpense": 2900000,
        "depreciationAndAmortization": 16200000,
        "ebitda": 18900000,
        "ebitdaratio": 0.1763059701,
        "operatingIncome": 2800000,
        "operatingIncomeRatio": 0.026119403,
        "totalOtherIncomeExpensesNet": -2900000,
        "incomeBeforeTax": -100000,
        "incomeBeforeTaxRatio": -0.0009328358,
        "incomeTaxExpense": -1200000,
        "netIncome": 1100000,
        "netIncomeRatio": 0.010261194,
        "eps": 0.076,
        "epsdiluted": 0.076,
        "weightedAverageShsOut": 14450000,
        "weightedAverageShsOutDil": 14450000,
        "link": null,
        "finalLink": null
    },
    {
        "date": "1990-08-31",
        "symbol": "BSET",
        "reportedCurrency": "USD",
        "cik": "0000010329",
        "fillingDate": "1990-08-31",
        "acceptedDate": "1990-08-31 00:00:00",
        "calendarYear": "1990",
        "period": "Q3",
        "revenue": 108500000,
        "costOfRevenue": 89000000,
        "grossProfit": 19500000,
        "grossProfitRatio": 0.1797235023,
        "researchAndDevelopmentExpenses": 0,
        "generalAndAdministrativeExpenses": 0,
        "sellingAndMarketingExpenses": 0,
        "sellingGeneralAndAdministrativeExpenses": 15800000,
        "otherExpenses": 0,
        "operatingExpenses": 15800000,
        "costAndExpenses": 104800000,
        "interestIncome": 0,
        "interestExpense": 0,
        "depreciationAndAmortization": -2900000,
        "ebitda": 800000,
        "ebitdaratio": 0.0073732719,
        "operatingIncome": 3700000,
        "operatingIncomeRatio": 0.0341013825,
        "totalOtherIncomeExpensesNet": 3000000,
        "incomeBeforeTax": 6700000,
        "incomeBeforeTaxRatio": 0.0617511521,
        "incomeTaxExpense": 1700000,
        "netIncome": 5000000,
        "netIncomeRatio": 0.0460829493,
        "eps": 0.35,
        "epsdiluted": 0.35,
        "weightedAverageShsOut": 14535000,
        "weightedAverageShsOutDil": 14535000,
        "link": null,
        "finalLink": null
    },
    {
        "date": "1990-05-31",
        "symbol": "BSET",
        "reportedCurrency": "USD",
        "cik": "0000010329",
        "fillingDate": "1990-05-31",
        "acceptedDate": "1990-05-31 00:00:00",
        "calendarYear": "1990",
        "period": "Q2",
        "revenue": 114500000,
        "costOfRevenue": 94300000,
        "grossProfit": 20200000,
        "grossProfitRatio": 0.176419214,
        "researchAndDevelopmentExpenses": 0,
        "generalAndAdministrativeExpenses": 0,
        "sellingAndMarketingExpenses": 0,
        "sellingGeneralAndAdministrativeExpenses": 14600000,
        "otherExpenses": 0,
        "operatingExpenses": 14600000,
        "costAndExpenses": 108900000,
        "interestIncome": 0,
        "interestExpense": 0,
        "depreciationAndAmortization": -2700000,
        "ebitda": 2900000,
        "ebitdaratio": 0.0253275109,
        "operatingIncome": 5600000,
        "operatingIncomeRatio": 0.0489082969,
        "totalOtherIncomeExpensesNet": 2500000,
        "incomeBeforeTax": 8100000,
        "incomeBeforeTaxRatio": 0.0707423581,
        "incomeTaxExpense": 2400000,
        "netIncome": 5700000,
        "netIncomeRatio": 0.0497816594,
        "eps": 0.37,
        "epsdiluted": 0.37,
        "weightedAverageShsOut": 14773000,
        "weightedAverageShsOutDil": 14773000,
        "link": null,
        "finalLink": null
    },
    {
        "date": "1990-02-28",
        "symbol": "BSET",
        "reportedCurrency": "USD",
        "cik": "0000010329",
        "fillingDate": "1990-02-28",
        "acceptedDate": "1990-02-28 00:00:00",
        "calendarYear": "1990",
        "period": "Q1",
        "revenue": 105500000,
        "costOfRevenue": 87800000,
        "grossProfit": 17700000,
        "grossProfitRatio": 0.1677725118,
        "researchAndDevelopmentExpenses": 0,
        "generalAndAdministrativeExpenses": 0,
        "sellingAndMarketingExpenses": 0,
        "sellingGeneralAndAdministrativeExpenses": 28300000,
        "otherExpenses": 0,
        "operatingExpenses": 28300000,
        "costAndExpenses": 116100000,
        "interestIncome": 0,
        "interestExpense": 0,
        "depreciationAndAmortization": -2700000,
        "ebitda": -13300000,
        "ebitdaratio": -0.1260663507,
        "operatingIncome": -10600000,
        "operatingIncomeRatio": -0.1004739336,
        "totalOtherIncomeExpensesNet": 2700000,
        "incomeBeforeTax": -7900000,
        "incomeBeforeTaxRatio": -0.0748815166,
        "incomeTaxExpense": -1200000,
        "netIncome": -6700000,
        "netIncomeRatio": -0.063507109,
        "eps": -0.44,
        "epsdiluted": -0.44,
        "weightedAverageShsOut": 15082000,
        "weightedAverageShsOutDil": 15082000,
        "link": null,
        "finalLink": null
    },
    {
        "date": "1989-11-30",
        "symbol": "BSET",
        "reportedCurrency": "USD",
        "cik": "0000010329",
        "fillingDate": "1989-11-30",
        "acceptedDate": "1989-11-30 00:00:00",
        "calendarYear": "1989",
        "period": "Q4",
        "revenue": 119700000,
        "costOfRevenue": 88800000,
        "grossProfit": 30900000,
        "grossProfitRatio": 0.2581453634,
        "researchAndDevelopmentExpenses": 0,
        "generalAndAdministrativeExpenses": 0,
        "sellingAndMarketingExpenses": 0,
        "sellingGeneralAndAdministrativeExpenses": 16200000,
        "otherExpenses": 8300000,
        "operatingExpenses": 24500000,
        "costAndExpenses": 113300000,
        "interestIncome": 0,
        "interestExpense": 0,
        "depreciationAndAmortization": -2400000,
        "ebitda": 4000000,
        "ebitdaratio": 0.0334168755,
        "operatingIncome": 6400000,
        "operatingIncomeRatio": 0.0534670008,
        "totalOtherIncomeExpensesNet": 2500000,
        "incomeBeforeTax": 8900000,
        "incomeBeforeTaxRatio": 0.074352548,
        "incomeTaxExpense": 2800000,
        "netIncome": 6100000,
        "netIncomeRatio": 0.0509607352,
        "eps": 0.4,
        "epsdiluted": 0.4,
        "weightedAverageShsOut": 15082000,
        "weightedAverageShsOutDil": 15082000,
        "link": null,
        "finalLink": null
    },
    {
        "date": "1989-08-31",
        "symbol": "BSET",
        "reportedCurrency": "USD",
        "cik": "0000010329",
        "fillingDate": "1989-08-31",
        "acceptedDate": "1989-08-31 00:00:00",
        "calendarYear": "1989",
        "period": "Q3",
        "revenue": 112400000,
        "costOfRevenue": 93000000,
        "grossProfit": 19400000,
        "grossProfitRatio": 0.1725978648,
        "researchAndDevelopmentExpenses": 0,
        "generalAndAdministrativeExpenses": 0,
        "sellingAndMarketingExpenses": 0,
        "sellingGeneralAndAdministrativeExpenses": 15500000,
        "otherExpenses": 0,
        "operatingExpenses": 15500000,
        "costAndExpenses": 108500000,
        "interestIncome": 0,
        "interestExpense": 0,
        "depreciationAndAmortization": -2700000,
        "ebitda": 1200000,
        "ebitdaratio": 0.0106761566,
        "operatingIncome": 3900000,
        "operatingIncomeRatio": 0.0346975089,
        "totalOtherIncomeExpensesNet": 2600000,
        "incomeBeforeTax": 6500000,
        "incomeBeforeTaxRatio": 0.0578291815,
        "incomeTaxExpense": 1800000,
        "netIncome": 4700000,
        "netIncomeRatio": 0.0418149466,
        "eps": 0.16,
        "epsdiluted": 0.16,
        "weightedAverageShsOut": 15456000,
        "weightedAverageShsOutDil": 15456000,
        "link": null,
        "finalLink": null
    },
    {
        "date": "1989-05-31",
        "symbol": "BSET",
        "reportedCurrency": "USD",
        "cik": "0000010329",
        "fillingDate": "1989-05-31",
        "acceptedDate": "1989-05-31 00:00:00",
        "calendarYear": "1989",
        "period": "Q2",
        "revenue": 119100000,
        "costOfRevenue": 98600000,
        "grossProfit": 20500000,
        "grossProfitRatio": 0.1721242653,
        "researchAndDevelopmentExpenses": 0,
        "generalAndAdministrativeExpenses": 0,
        "sellingAndMarketingExpenses": 0,
        "sellingGeneralAndAdministrativeExpenses": 15900000,
        "otherExpenses": 0,
        "operatingExpenses": 15900000,
        "costAndExpenses": 114500000,
        "interestIncome": 0,
        "interestExpense": 0,
        "depreciationAndAmortization": -2600000,
        "ebitda": 2000000,
        "ebitdaratio": 0.0167926113,
        "operatingIncome": 4600000,
        "operatingIncomeRatio": 0.0386230059,
        "totalOtherIncomeExpensesNet": 2500000,
        "incomeBeforeTax": 7100000,
        "incomeBeforeTaxRatio": 0.0596137699,
        "incomeTaxExpense": 2000000,
        "netIncome": 5100000,
        "netIncomeRatio": 0.0428211587,
        "eps": 0.18,
        "epsdiluted": 0.18,
        "weightedAverageShsOut": 15453000,
        "weightedAverageShsOutDil": 15453000,
        "link": null,
        "finalLink": null
    },
    {
        "date": "1989-02-28",
        "symbol": "BSET",
        "reportedCurrency": "USD",
        "cik": "0000010329",
        "fillingDate": "1989-02-28",
        "acceptedDate": "1989-02-28 00:00:00",
        "calendarYear": "1989",
        "period": "Q1",
        "revenue": 108700000,
        "costOfRevenue": 92000000,
        "grossProfit": 16700000,
        "grossProfitRatio": 0.1536338546,
        "researchAndDevelopmentExpenses": 0,
        "generalAndAdministrativeExpenses": 0,
        "sellingAndMarketingExpenses": 0,
        "sellingGeneralAndAdministrativeExpenses": 0,
        "otherExpenses": 14400000,
        "operatingExpenses": 14400000,
        "costAndExpenses": 106400000,
        "interestIncome": 0,
        "interestExpense": 0,
        "depreciationAndAmortization": 0,
        "ebitda": 108700000,
        "ebitdaratio": 1,
        "operatingIncome": 2300000,
        "operatingIncomeRatio": 0.0211591536,
        "totalOtherIncomeExpensesNet": 1900000,
        "incomeBeforeTax": 4200000,
        "incomeBeforeTaxRatio": 0.0386384545,
        "incomeTaxExpense": 1100000,
        "netIncome": 3100000,
        "netIncomeRatio": 0.0285188592,
        "eps": 0.11,
        "epsdiluted": 0.11,
        "weightedAverageShsOut": 15586000,
        "weightedAverageShsOutDil": 15586000,
        "link": null,
        "finalLink": null
    },
    {
        "date": "1988-11-30",
        "symbol": "BSET",
        "reportedCurrency": "USD",
        "cik": "0000010329",
        "fillingDate": "1988-11-30",
        "acceptedDate": "1988-11-30 00:00:00",
        "calendarYear": "1988",
        "period": "Q4",
        "revenue": 127400000,
        "costOfRevenue": 0,
        "grossProfit": 127400000,
        "grossProfitRatio": 1,
        "researchAndDevelopmentExpenses": 0,
        "generalAndAdministrativeExpenses": 0,
        "sellingAndMarketingExpenses": 0,
        "sellingGeneralAndAdministrativeExpenses": 0,
        "otherExpenses": 444900000,
        "operatingExpenses": 444900000,
        "costAndExpenses": 444900000,
        "interestIncome": 0,
        "interestExpense": 0,
        "depreciationAndAmortization": 0,
        "ebitda": -317500000,
        "ebitdaratio": -2.4921507064,
        "operatingIncome": -317500000,
        "operatingIncomeRatio": -2.4921507064,
        "totalOtherIncomeExpensesNet": 0,
        "incomeBeforeTax": -317500000,
        "incomeBeforeTaxRatio": -2.4921507064,
        "incomeTaxExpense": 0,
        "netIncome": 6300000,
        "netIncomeRatio": 0.0494505495,
        "eps": 0.41,
        "epsdiluted": 0.41,
        "weightedAverageShsOut": 15586000,
        "weightedAverageShsOutDil": 15586000,
        "link": null,
        "finalLink": null
    },
    {
        "date": "1988-08-31",
        "symbol": "BSET",
        "reportedCurrency": "USD",
        "cik": "0000010329",
        "fillingDate": "1988-08-31",
        "acceptedDate": "1988-08-31 00:00:00",
        "calendarYear": "1988",
        "period": "Q3",
        "revenue": 111800000,
        "costOfRevenue": 0,
        "grossProfit": 111800000,
        "grossProfitRatio": 1,
        "researchAndDevelopmentExpenses": 0,
        "generalAndAdministrativeExpenses": 0,
        "sellingAndMarketingExpenses": 0,
        "sellingGeneralAndAdministrativeExpenses": 0,
        "otherExpenses": 0,
        "operatingExpenses": 0,
        "costAndExpenses": 0,
        "interestIncome": 0,
        "interestExpense": 0,
        "depreciationAndAmortization": 0,
        "ebitda": 111800000,
        "ebitdaratio": 1,
        "operatingIncome": 111800000,
        "operatingIncomeRatio": 1,
        "totalOtherIncomeExpensesNet": 0,
        "incomeBeforeTax": 111800000,
        "incomeBeforeTaxRatio": 1,
        "incomeTaxExpense": 0,
        "netIncome": 4800000,
        "netIncomeRatio": 0.0429338104,
        "eps": 0.16,
        "epsdiluted": 0.16,
        "weightedAverageShsOut": 15586000,
        "weightedAverageShsOutDil": 15586000,
        "link": null,
        "finalLink": null
    },
    {
        "date": "1988-05-31",
        "symbol": "BSET",
        "reportedCurrency": "USD",
        "cik": "0000010329",
        "fillingDate": "1988-05-31",
        "acceptedDate": "1988-05-31 00:00:00",
        "calendarYear": "1988",
        "period": "Q2",
        "revenue": 112900000,
        "costOfRevenue": 0,
        "grossProfit": 112900000,
        "grossProfitRatio": 1,
        "researchAndDevelopmentExpenses": 0,
        "generalAndAdministrativeExpenses": 0,
        "sellingAndMarketingExpenses": 0,
        "sellingGeneralAndAdministrativeExpenses": 0,
        "otherExpenses": 0,
        "operatingExpenses": 0,
        "costAndExpenses": 0,
        "interestIncome": 0,
        "interestExpense": 0,
        "depreciationAndAmortization": 0,
        "ebitda": 112900000,
        "ebitdaratio": 1,
        "operatingIncome": 112900000,
        "operatingIncomeRatio": 1,
        "totalOtherIncomeExpensesNet": 0,
        "incomeBeforeTax": 112900000,
        "incomeBeforeTaxRatio": 1,
        "incomeTaxExpense": 0,
        "netIncome": 4500000,
        "netIncomeRatio": 0.0398582817,
        "eps": 0.15,
        "epsdiluted": 0.15,
        "weightedAverageShsOut": 15518000,
        "weightedAverageShsOutDil": 15518000,
        "link": null,
        "finalLink": null
    },
    {
        "date": "1988-02-29",
        "symbol": "BSET",
        "reportedCurrency": "USD",
        "cik": "0000010329",
        "fillingDate": "1988-02-29",
        "acceptedDate": "1988-02-29 00:00:00",
        "calendarYear": "1988",
        "period": "Q1",
        "revenue": 114000000,
        "costOfRevenue": 0,
        "grossProfit": 114000000,
        "grossProfitRatio": 1,
        "researchAndDevelopmentExpenses": 0,
        "generalAndAdministrativeExpenses": 0,
        "sellingAndMarketingExpenses": 0,
        "sellingGeneralAndAdministrativeExpenses": 0,
        "otherExpenses": 0,
        "operatingExpenses": 0,
        "costAndExpenses": 0,
        "interestIncome": 0,
        "interestExpense": 0,
        "depreciationAndAmortization": 0,
        "ebitda": 114000000,
        "ebitdaratio": 1,
        "operatingIncome": 114000000,
        "operatingIncomeRatio": 1,
        "totalOtherIncomeExpensesNet": 0,
        "incomeBeforeTax": 114000000,
        "incomeBeforeTaxRatio": 1,
        "incomeTaxExpense": 0,
        "netIncome": 2700000,
        "netIncomeRatio": 0.0236842105,
        "eps": 0.096,
        "epsdiluted": 0.096,
        "weightedAverageShsOut": 15518000,
        "weightedAverageShsOutDil": 15518000,
        "link": null,
        "finalLink": null
    },
    {
        "date": "1987-11-30",
        "symbol": "BSET",
        "reportedCurrency": "USD",
        "cik": "0000010329",
        "fillingDate": "1987-11-30",
        "acceptedDate": "1987-11-30 00:00:00",
        "calendarYear": "1987",
        "period": "Q4",
        "revenue": 126700000,
        "costOfRevenue": 0,
        "grossProfit": 126700000,
        "grossProfitRatio": 1,
        "researchAndDevelopmentExpenses": 0,
        "generalAndAdministrativeExpenses": 0,
        "sellingAndMarketingExpenses": 0,
        "sellingGeneralAndAdministrativeExpenses": 0,
        "otherExpenses": 449600000,
        "operatingExpenses": 449600000,
        "costAndExpenses": 449600000,
        "interestIncome": 0,
        "interestExpense": 0,
        "depreciationAndAmortization": 0,
        "ebitda": -322900000,
        "ebitdaratio": -2.5485398579,
        "operatingIncome": -322900000,
        "operatingIncomeRatio": -2.5485398579,
        "totalOtherIncomeExpensesNet": 0,
        "incomeBeforeTax": -322900000,
        "incomeBeforeTaxRatio": -2.5485398579,
        "incomeTaxExpense": 0,
        "netIncome": 6000000,
        "netIncomeRatio": 0.047355959,
        "eps": 0.39,
        "epsdiluted": 0.39,
        "weightedAverageShsOut": 15518000,
        "weightedAverageShsOutDil": 15518000,
        "link": null,
        "finalLink": null
    },
    {
        "date": "1987-08-31",
        "symbol": "BSET",
        "reportedCurrency": "USD",
        "cik": "0000010329",
        "fillingDate": "1987-08-31",
        "acceptedDate": "1987-08-31 00:00:00",
        "calendarYear": "1987",
        "period": "Q3",
        "revenue": 116400000,
        "costOfRevenue": 0,
        "grossProfit": 116400000,
        "grossProfitRatio": 1,
        "researchAndDevelopmentExpenses": 0,
        "generalAndAdministrativeExpenses": 0,
        "sellingAndMarketingExpenses": 0,
        "sellingGeneralAndAdministrativeExpenses": 0,
        "otherExpenses": 0,
        "operatingExpenses": 0,
        "costAndExpenses": 0,
        "interestIncome": 0,
        "interestExpense": 0,
        "depreciationAndAmortization": 0,
        "ebitda": 116400000,
        "ebitdaratio": 1,
        "operatingIncome": 116400000,
        "operatingIncomeRatio": 1,
        "totalOtherIncomeExpensesNet": 0,
        "incomeBeforeTax": 116400000,
        "incomeBeforeTaxRatio": 1,
        "incomeTaxExpense": 0,
        "netIncome": 5800000,
        "netIncomeRatio": 0.0498281787,
        "eps": 0.2,
        "epsdiluted": 0.2,
        "weightedAverageShsOut": 15729000,
        "weightedAverageShsOutDil": 15729000,
        "link": null,
        "finalLink": null
    },
    {
        "date": "1987-05-31",
        "symbol": "BSET",
        "reportedCurrency": "USD",
        "cik": "0000010329",
        "fillingDate": "1987-05-31",
        "acceptedDate": "1987-05-31 00:00:00",
        "calendarYear": "1987",
        "period": "Q2",
        "revenue": 124300000,
        "costOfRevenue": 0,
        "grossProfit": 124300000,
        "grossProfitRatio": 1,
        "researchAndDevelopmentExpenses": 0,
        "generalAndAdministrativeExpenses": 0,
        "sellingAndMarketingExpenses": 0,
        "sellingGeneralAndAdministrativeExpenses": 0,
        "otherExpenses": 0,
        "operatingExpenses": 0,
        "costAndExpenses": 0,
        "interestIncome": 0,
        "interestExpense": 0,
        "depreciationAndAmortization": 0,
        "ebitda": 124300000,
        "ebitdaratio": 1,
        "operatingIncome": 124300000,
        "operatingIncomeRatio": 1,
        "totalOtherIncomeExpensesNet": 0,
        "incomeBeforeTax": 124300000,
        "incomeBeforeTaxRatio": 1,
        "incomeTaxExpense": 0,
        "netIncome": 6800000,
        "netIncomeRatio": 0.0547063556,
        "eps": 0.23,
        "epsdiluted": 0.23,
        "weightedAverageShsOut": 15729000,
        "weightedAverageShsOutDil": 15729000,
        "link": null,
        "finalLink": null
    },
    {
        "date": "1987-02-28",
        "symbol": "BSET",
        "reportedCurrency": "USD",
        "cik": "0000010329",
        "fillingDate": "1987-02-28",
        "acceptedDate": "1987-02-28 00:00:00",
        "calendarYear": "1987",
        "period": "Q1",
        "revenue": 107600000,
        "costOfRevenue": 0,
        "grossProfit": 107600000,
        "grossProfitRatio": 1,
        "researchAndDevelopmentExpenses": 0,
        "generalAndAdministrativeExpenses": 0,
        "sellingAndMarketingExpenses": 0,
        "sellingGeneralAndAdministrativeExpenses": 0,
        "otherExpenses": 0,
        "operatingExpenses": 0,
        "costAndExpenses": 0,
        "interestIncome": 0,
        "interestExpense": 0,
        "depreciationAndAmortization": 0,
        "ebitda": 107600000,
        "ebitdaratio": 1,
        "operatingIncome": 107600000,
        "operatingIncomeRatio": 1,
        "totalOtherIncomeExpensesNet": 0,
        "incomeBeforeTax": 107600000,
        "incomeBeforeTaxRatio": 1,
        "incomeTaxExpense": 0,
        "netIncome": 3700000,
        "netIncomeRatio": 0.0343866171,
        "eps": 0.12,
        "epsdiluted": 0.12,
        "weightedAverageShsOut": 15729000,
        "weightedAverageShsOutDil": 15729000,
        "link": null,
        "finalLink": null
    },
    {
        "date": "1986-11-30",
        "symbol": "BSET",
        "reportedCurrency": "USD",
        "cik": "0000010329",
        "fillingDate": "1986-11-30",
        "acceptedDate": "1986-11-30 00:00:00",
        "calendarYear": "1986",
        "period": "Q4",
        "revenue": 115500000,
        "costOfRevenue": 0,
        "grossProfit": 115500000,
        "grossProfitRatio": 1,
        "researchAndDevelopmentExpenses": 0,
        "generalAndAdministrativeExpenses": 0,
        "sellingAndMarketingExpenses": 0,
        "sellingGeneralAndAdministrativeExpenses": 0,
        "otherExpenses": 397100000,
        "operatingExpenses": 397100000,
        "costAndExpenses": 397100000,
        "interestIncome": 0,
        "interestExpense": 0,
        "depreciationAndAmortization": 0,
        "ebitda": -281600000,
        "ebitdaratio": -2.4380952381,
        "operatingIncome": -281600000,
        "operatingIncomeRatio": -2.4380952381,
        "totalOtherIncomeExpensesNet": 0,
        "incomeBeforeTax": -281600000,
        "incomeBeforeTaxRatio": -2.4380952381,
        "incomeTaxExpense": 0,
        "netIncome": 6300000,
        "netIncomeRatio": 0.0545454545,
        "eps": 0.41,
        "epsdiluted": 0.41,
        "weightedAverageShsOut": 15729000,
        "weightedAverageShsOutDil": 15729000,
        "link": null,
        "finalLink": null
    },
    {
        "date": "1986-08-31",
        "symbol": "BSET",
        "reportedCurrency": "USD",
        "cik": "0000010329",
        "fillingDate": "1986-08-31",
        "acceptedDate": "1986-08-31 00:00:00",
        "calendarYear": "1986",
        "period": "Q3",
        "revenue": 104000000,
        "costOfRevenue": 0,
        "grossProfit": 104000000,
        "grossProfitRatio": 1,
        "researchAndDevelopmentExpenses": 0,
        "generalAndAdministrativeExpenses": 0,
        "sellingAndMarketingExpenses": 0,
        "sellingGeneralAndAdministrativeExpenses": 0,
        "otherExpenses": 0,
        "operatingExpenses": 0,
        "costAndExpenses": 0,
        "interestIncome": 0,
        "interestExpense": 0,
        "depreciationAndAmortization": 0,
        "ebitda": 104000000,
        "ebitdaratio": 1,
        "operatingIncome": 104000000,
        "operatingIncomeRatio": 1,
        "totalOtherIncomeExpensesNet": 0,
        "incomeBeforeTax": 104000000,
        "incomeBeforeTaxRatio": 1,
        "incomeTaxExpense": 0,
        "netIncome": 4300000,
        "netIncomeRatio": 0.0413461538,
        "eps": 0.14,
        "epsdiluted": 0.14,
        "weightedAverageShsOut": 15729000,
        "weightedAverageShsOutDil": 15729000,
        "link": null,
        "finalLink": null
    },
    {
        "date": "1986-05-31",
        "symbol": "BSET",
        "reportedCurrency": "USD",
        "cik": "0000010329",
        "fillingDate": "1986-05-31",
        "acceptedDate": "1986-05-31 00:00:00",
        "calendarYear": "1986",
        "period": "Q2",
        "revenue": 102600000,
        "costOfRevenue": 0,
        "grossProfit": 102600000,
        "grossProfitRatio": 1,
        "researchAndDevelopmentExpenses": 0,
        "generalAndAdministrativeExpenses": 0,
        "sellingAndMarketingExpenses": 0,
        "sellingGeneralAndAdministrativeExpenses": 0,
        "otherExpenses": 0,
        "operatingExpenses": 0,
        "costAndExpenses": 0,
        "interestIncome": 0,
        "interestExpense": 0,
        "depreciationAndAmortization": 0,
        "ebitda": 102600000,
        "ebitdaratio": 1,
        "operatingIncome": 102600000,
        "operatingIncomeRatio": 1,
        "totalOtherIncomeExpensesNet": 0,
        "incomeBeforeTax": 102600000,
        "incomeBeforeTaxRatio": 1,
        "incomeTaxExpense": 0,
        "netIncome": 4600000,
        "netIncomeRatio": 0.044834308,
        "eps": 0.15,
        "epsdiluted": 0.15,
        "weightedAverageShsOut": 15729000,
        "weightedAverageShsOutDil": 15729000,
        "link": null,
        "finalLink": null
    },
    {
        "date": "1986-02-28",
        "symbol": "BSET",
        "reportedCurrency": "USD",
        "cik": "0000010329",
        "fillingDate": "1986-02-28",
        "acceptedDate": "1986-02-28 00:00:00",
        "calendarYear": "1986",
        "period": "Q1",
        "revenue": 99500000,
        "costOfRevenue": 0,
        "grossProfit": 99500000,
        "grossProfitRatio": 1,
        "researchAndDevelopmentExpenses": 0,
        "generalAndAdministrativeExpenses": 0,
        "sellingAndMarketingExpenses": 0,
        "sellingGeneralAndAdministrativeExpenses": 0,
        "otherExpenses": 0,
        "operatingExpenses": 0,
        "costAndExpenses": 0,
        "interestIncome": 0,
        "interestExpense": 0,
        "depreciationAndAmortization": 0,
        "ebitda": 99500000,
        "ebitdaratio": 1,
        "operatingIncome": 99500000,
        "operatingIncomeRatio": 1,
        "totalOtherIncomeExpensesNet": 0,
        "incomeBeforeTax": 99500000,
        "incomeBeforeTaxRatio": 1,
        "incomeTaxExpense": 0,
        "netIncome": 4300000,
        "netIncomeRatio": 0.0432160804,
        "eps": 0.14,
        "epsdiluted": 0.14,
        "weightedAverageShsOut": 15639000,
        "weightedAverageShsOutDil": 15639000,
        "link": null,
        "finalLink": null
    },
    {
        "date": "1985-11-30",
        "symbol": "BSET",
        "reportedCurrency": "USD",
        "cik": "0000010329",
        "fillingDate": "1985-11-30",
        "acceptedDate": "1985-11-30 00:00:00",
        "calendarYear": "1985",
        "period": "Q4",
        "revenue": 110700000,
        "costOfRevenue": 0,
        "grossProfit": 110700000,
        "grossProfitRatio": 1,
        "researchAndDevelopmentExpenses": 0,
        "generalAndAdministrativeExpenses": 0,
        "sellingAndMarketingExpenses": 0,
        "sellingGeneralAndAdministrativeExpenses": 0,
        "otherExpenses": 370200000,
        "operatingExpenses": 370200000,
        "costAndExpenses": 370200000,
        "interestIncome": 0,
        "interestExpense": 0,
        "depreciationAndAmortization": 0,
        "ebitda": -259500000,
        "ebitdaratio": -2.3441734417,
        "operatingIncome": -259500000,
        "operatingIncomeRatio": -2.3441734417,
        "totalOtherIncomeExpensesNet": 0,
        "incomeBeforeTax": -259500000,
        "incomeBeforeTaxRatio": -2.3441734417,
        "incomeTaxExpense": 0,
        "netIncome": 9400000,
        "netIncomeRatio": 0.0849141825,
        "eps": 0.61,
        "epsdiluted": 0.61,
        "weightedAverageShsOut": 15639000,
        "weightedAverageShsOutDil": 15639000,
        "link": null,
        "finalLink": null
    },
    {
        "date": "1985-08-31",
        "symbol": "BSET",
        "reportedCurrency": "USD",
        "cik": "0000010329",
        "fillingDate": "1985-08-31",
        "acceptedDate": "1985-08-31 00:00:00",
        "calendarYear": "1985",
        "period": "Q3",
        "revenue": 101300000,
        "costOfRevenue": 0,
        "grossProfit": 101300000,
        "grossProfitRatio": 1,
        "researchAndDevelopmentExpenses": 0,
        "generalAndAdministrativeExpenses": 0,
        "sellingAndMarketingExpenses": 0,
        "sellingGeneralAndAdministrativeExpenses": 0,
        "otherExpenses": 0,
        "operatingExpenses": 0,
        "costAndExpenses": 0,
        "interestIncome": 0,
        "interestExpense": 0,
        "depreciationAndAmortization": 0,
        "ebitda": 101300000,
        "ebitdaratio": 1,
        "operatingIncome": 101300000,
        "operatingIncomeRatio": 1,
        "totalOtherIncomeExpensesNet": 0,
        "incomeBeforeTax": 101300000,
        "incomeBeforeTaxRatio": 1,
        "incomeTaxExpense": 0,
        "netIncome": 5800000,
        "netIncomeRatio": 0.0572556762,
        "eps": 0.2,
        "epsdiluted": 0.2,
        "weightedAverageShsOut": 15628000,
        "weightedAverageShsOutDil": 15628000,
        "link": null,
        "finalLink": null
    }
]