[
    {
        "date": "2025-09-30",
        "symbol": "BTU",
        "reportedCurrency": "USD",
        "cik": "0001064728",
        "fillingDate": "2025-09-03",
        "acceptedDate": "2025-09-03 07:59:42",
        "calendarYear": "2025",
        "period": "Q3",
        "revenue": 1012100000,
        "costOfRevenue": 1010800000,
        "grossProfit": 1300000,
        "grossProfitRatio": 0.0012844581,
        "researchAndDevelopmentExpenses": 0,
        "generalAndAdministrativeExpenses": 0,
        "sellingAndMarketingExpenses": 0,
        "sellingGeneralAndAdministrativeExpenses": 27400000,
        "otherExpenses": 0,
        "operatingExpenses": 27400000,
        "costAndExpenses": 1038200000,
        "interestIncome": 13900000,
        "interestExpense": 10000000,
        "depreciationAndAmortization": 113900000,
        "ebitda": 53900000,
        "ebitdaratio": 0.0532556072,
        "operatingIncome": -26100000,
        "operatingIncomeRatio": -0.0257879656,
        "totalOtherIncomeExpensesNet": -43900000,
        "incomeBeforeTax": -70000000,
        "incomeBeforeTaxRatio": -0.0691631262,
        "incomeTaxExpense": -3400000,
        "netIncome": -70100000,
        "netIncomeRatio": -0.0692619306,
        "eps": 0,
        "epsdiluted": -0.58,
        "weightedAverageShsOut": 0,
        "weightedAverageShsOutDil": 121700000,
        "link": "https://www.sec.gov/Archives/edgar/data/1064728/000106472825000124/0001064728-25-000124-index.htm",
        "finalLink": "https://www.sec.gov/Archives/edgar/data/1064728/000106472825000124/ubsconference-sept2025fi.htm"
    },
    {
        "date": "2025-06-30",
        "symbol": "BTU",
        "reportedCurrency": "USD",
        "cik": "0001064728",
        "fillingDate": "2025-08-07",
        "acceptedDate": "2025-08-07 16:32:34",
        "calendarYear": "2025",
        "period": "Q2",
        "revenue": 890100000,
        "costOfRevenue": 789400000,
        "grossProfit": 100700000,
        "grossProfitRatio": 0.1131333558,
        "researchAndDevelopmentExpenses": 0,
        "generalAndAdministrativeExpenses": 0,
        "sellingAndMarketingExpenses": 0,
        "sellingGeneralAndAdministrativeExpenses": 23500000,
        "otherExpenses": 115600000,
        "operatingExpenses": 139100000,
        "costAndExpenses": 928500000,
        "interestIncome": 13800000,
        "interestExpense": 11100000,
        "depreciationAndAmortization": 93400000,
        "ebitda": 74800000,
        "ebitdaratio": 0.0840355016,
        "operatingIncome": -38400000,
        "operatingIncomeRatio": -0.0431412201,
        "totalOtherIncomeExpensesNet": 10100000,
        "incomeBeforeTax": -28300000,
        "incomeBeforeTaxRatio": -0.0317941804,
        "incomeTaxExpense": -2700000,
        "netIncome": -27600000,
        "netIncomeRatio": -0.0310077519,
        "eps": -0.23,
        "epsdiluted": -0.23,
        "weightedAverageShsOut": 121600000,
        "weightedAverageShsOutDil": 121700000,
        "link": "https://www.sec.gov/Archives/edgar/data/1064728/000106472825000115/0001064728-25-000115-index.htm",
        "finalLink": "https://www.sec.gov/Archives/edgar/data/1064728/000106472825000115/btu-20250630.htm"
    },
    {
        "date": "2025-03-31",
        "symbol": "BTU",
        "reportedCurrency": "USD",
        "cik": "0001064728",
        "fillingDate": "2025-05-08",
        "acceptedDate": "2025-05-08 06:31:13",
        "calendarYear": "2025",
        "period": "Q1",
        "revenue": 937000000,
        "costOfRevenue": 770200000,
        "grossProfit": 166800000,
        "grossProfitRatio": 0.1780149413,
        "researchAndDevelopmentExpenses": 0,
        "generalAndAdministrativeExpenses": 0,
        "sellingAndMarketingExpenses": 0,
        "sellingGeneralAndAdministrativeExpenses": 23600000,
        "otherExpenses": 111300000,
        "operatingExpenses": 134900000,
        "costAndExpenses": 905100000,
        "interestIncome": 15400000,
        "interestExpense": 11500000,
        "depreciationAndAmortization": 92100000,
        "ebitda": 145400000,
        "ebitdaratio": 0.1551760939,
        "operatingIncome": 31900000,
        "operatingIncomeRatio": 0.0340448239,
        "totalOtherIncomeExpensesNet": 11300000,
        "incomeBeforeTax": 43200000,
        "incomeBeforeTaxRatio": 0.0461045891,
        "incomeTaxExpense": 4900000,
        "netIncome": 34400000,
        "netIncomeRatio": 0.0367129136,
        "eps": 0.28,
        "epsdiluted": 0.27,
        "weightedAverageShsOut": 121700000,
        "weightedAverageShsOutDil": 138700000,
        "link": "https://www.sec.gov/Archives/edgar/data/1064728/000106472825000064/0001064728-25-000064-index.htm",
        "finalLink": "https://www.sec.gov/Archives/edgar/data/1064728/000106472825000064/btu-20250331.htm"
    },
    {
        "date": "2024-12-31",
        "symbol": "BTU",
        "reportedCurrency": "USD",
        "cik": "0001064728",
        "fillingDate": "2025-02-20",
        "acceptedDate": "2025-02-20 16:35:38",
        "calendarYear": "2024",
        "period": "Q4",
        "revenue": 1123100000,
        "costOfRevenue": 957000000,
        "grossProfit": 166100000,
        "grossProfitRatio": 0.1478942214,
        "researchAndDevelopmentExpenses": 0,
        "generalAndAdministrativeExpenses": 0,
        "sellingAndMarketingExpenses": 0,
        "sellingGeneralAndAdministrativeExpenses": 26300000,
        "otherExpenses": 99700000,
        "operatingExpenses": 126000000,
        "costAndExpenses": 1083000000,
        "interestIncome": 17300000,
        "interestExpense": 11800000,
        "depreciationAndAmortization": 105800000,
        "ebitda": 179500000,
        "ebitdaratio": 0.159825483,
        "operatingIncome": 40100000,
        "operatingIncomeRatio": 0.0357047458,
        "totalOtherIncomeExpensesNet": 21800000,
        "incomeBeforeTax": 61900000,
        "incomeBeforeTaxRatio": 0.0551153058,
        "incomeTaxExpense": 23600000,
        "netIncome": 30600000,
        "netIncomeRatio": 0.0272460155,
        "eps": 0.25,
        "epsdiluted": 0.24,
        "weightedAverageShsOut": 121400000,
        "weightedAverageShsOutDil": 141900000,
        "link": "https://www.sec.gov/Archives/edgar/data/1064728/000106472825000018/0001064728-25-000018-index.htm",
        "finalLink": "https://www.sec.gov/Archives/edgar/data/1064728/000106472825000018/btu-20241231.htm"
    },
    {
        "date": "2024-09-30",
        "symbol": "BTU",
        "reportedCurrency": "USD",
        "cik": "0001064728",
        "fillingDate": "2024-11-08",
        "acceptedDate": "2024-11-08 06:10:25",
        "calendarYear": "2024",
        "period": "Q3",
        "revenue": 1088000000,
        "costOfRevenue": 845800000,
        "grossProfit": 242200000,
        "grossProfitRatio": 0.2226102941,
        "researchAndDevelopmentExpenses": 0,
        "generalAndAdministrativeExpenses": 0,
        "sellingAndMarketingExpenses": 0,
        "sellingGeneralAndAdministrativeExpenses": 20600000,
        "otherExpenses": 101500000,
        "operatingExpenses": 122100000,
        "costAndExpenses": 964000000,
        "interestIncome": 17700000,
        "interestExpense": 9700000,
        "depreciationAndAmortization": 84700000,
        "ebitda": 232600000,
        "ebitdaratio": 0.2137867647,
        "operatingIncome": 120100000,
        "operatingIncomeRatio": 0.1103860294,
        "totalOtherIncomeExpensesNet": 18100000,
        "incomeBeforeTax": 138200000,
        "incomeBeforeTaxRatio": 0.1270220588,
        "incomeTaxExpense": 25700000,
        "netIncome": 101300000,
        "netIncomeRatio": 0.0931066176,
        "eps": 0.72,
        "epsdiluted": 0.72,
        "weightedAverageShsOut": 141600000,
        "weightedAverageShsOutDil": 141600000,
        "link": "https://www.sec.gov/Archives/edgar/data/1064728/000106472824000179/0001064728-24-000179-index.htm",
        "finalLink": "https://www.sec.gov/Archives/edgar/data/1064728/000106472824000179/btu-20240930.htm"
    },
    {
        "date": "2024-06-30",
        "symbol": "BTU",
        "reportedCurrency": "USD",
        "cik": "0001064728",
        "fillingDate": "2024-08-08",
        "acceptedDate": "2024-08-08 16:40:17",
        "calendarYear": "2024",
        "period": "Q2",
        "revenue": 1042000000,
        "costOfRevenue": 803900000,
        "grossProfit": 238100000,
        "grossProfitRatio": 0.2285028791,
        "researchAndDevelopmentExpenses": 0,
        "generalAndAdministrativeExpenses": 0,
        "sellingAndMarketingExpenses": 0,
        "sellingGeneralAndAdministrativeExpenses": 22100000,
        "otherExpenses": -17900000,
        "operatingExpenses": 4200000,
        "costAndExpenses": 808100000,
        "interestIncome": 16800000,
        "interestExpense": 10700000,
        "depreciationAndAmortization": 82900000,
        "ebitda": 343800000,
        "ebitdaratio": 0.3299424184,
        "operatingIncome": 233900000,
        "operatingIncomeRatio": 0.2244721689,
        "totalOtherIncomeExpensesNet": 16300000,
        "incomeBeforeTax": 250200000,
        "incomeBeforeTaxRatio": 0.2401151631,
        "incomeTaxExpense": 39400000,
        "netIncome": 199400000,
        "netIncomeRatio": 0.1913627639,
        "eps": 1.58,
        "epsdiluted": 1.42,
        "weightedAverageShsOut": 126000000,
        "weightedAverageShsOutDil": 142800000,
        "link": "https://www.sec.gov/Archives/edgar/data/1064728/000106472824000125/0001064728-24-000125-index.htm",
        "finalLink": "https://www.sec.gov/Archives/edgar/data/1064728/000106472824000125/btu-20240630.htm"
    },
    {
        "date": "2024-03-31",
        "symbol": "BTU",
        "reportedCurrency": "USD",
        "cik": "0001064728",
        "fillingDate": "2024-05-09",
        "acceptedDate": "2024-05-09 06:11:05",
        "calendarYear": "2024",
        "period": "Q1",
        "revenue": 983600000,
        "costOfRevenue": 814200000,
        "grossProfit": 169400000,
        "grossProfitRatio": 0.1722244815,
        "researchAndDevelopmentExpenses": 0,
        "generalAndAdministrativeExpenses": 0,
        "sellingAndMarketingExpenses": 0,
        "sellingGeneralAndAdministrativeExpenses": 22000000,
        "otherExpenses": 96200000,
        "operatingExpenses": 118200000,
        "costAndExpenses": 932400000,
        "interestIncome": 19200000,
        "interestExpense": 14700000,
        "depreciationAndAmortization": 79800000,
        "ebitda": 160300000,
        "ebitdaratio": 0.1629727532,
        "operatingIncome": 51200000,
        "operatingIncomeRatio": 0.0520536804,
        "totalOtherIncomeExpensesNet": 14600000,
        "incomeBeforeTax": 65800000,
        "incomeBeforeTaxRatio": 0.0668971126,
        "incomeTaxExpense": 20100000,
        "netIncome": 39600000,
        "netIncomeRatio": 0.0402602684,
        "eps": 0.31,
        "epsdiluted": 0.29,
        "weightedAverageShsOut": 128100000,
        "weightedAverageShsOutDil": 144900000,
        "link": "https://www.sec.gov/Archives/edgar/data/1064728/000106472824000077/0001064728-24-000077-index.htm",
        "finalLink": "https://www.sec.gov/Archives/edgar/data/1064728/000106472824000077/btu-20240331.htm"
    },
    {
        "date": "2023-12-31",
        "symbol": "BTU",
        "reportedCurrency": "USD",
        "cik": "0001064728",
        "fillingDate": "2024-02-23",
        "acceptedDate": "2024-02-23 06:21:39",
        "calendarYear": "2023",
        "period": "Q4",
        "revenue": 1235000000,
        "costOfRevenue": 872800000,
        "grossProfit": 362200000,
        "grossProfitRatio": 0.2932793522,
        "researchAndDevelopmentExpenses": 0,
        "generalAndAdministrativeExpenses": 0,
        "sellingAndMarketingExpenses": 0,
        "sellingGeneralAndAdministrativeExpenses": 24700000,
        "otherExpenses": 86900000,
        "operatingExpenses": 111600000,
        "costAndExpenses": 984400000,
        "interestIncome": 20300000,
        "interestExpense": 14300000,
        "depreciationAndAmortization": 82200000,
        "ebitda": 365600000,
        "ebitdaratio": 0.2960323887,
        "operatingIncome": 250600000,
        "operatingIncomeRatio": 0.2029149798,
        "totalOtherIncomeExpensesNet": 18500000,
        "incomeBeforeTax": 269100000,
        "incomeBeforeTaxRatio": 0.2178947368,
        "incomeTaxExpense": 70100000,
        "netIncome": 192000000,
        "netIncomeRatio": 0.155465587,
        "eps": 1.49,
        "epsdiluted": 1.33,
        "weightedAverageShsOut": 146970456,
        "weightedAverageShsOutDil": 147200000,
        "link": "https://www.sec.gov/Archives/edgar/data/1064728/000106472824000021/0001064728-24-000021-index.htm",
        "finalLink": "https://www.sec.gov/Archives/edgar/data/1064728/000106472824000021/btu-20231231.htm"
    },
    {
        "date": "2023-09-30",
        "symbol": "BTU",
        "reportedCurrency": "USD",
        "cik": "0001064728",
        "fillingDate": "2023-11-03",
        "acceptedDate": "2023-11-03 06:15:04",
        "calendarYear": "2023",
        "period": "Q3",
        "revenue": 1078900000,
        "costOfRevenue": 803700000,
        "grossProfit": 275200000,
        "grossProfitRatio": 0.255074613,
        "researchAndDevelopmentExpenses": 0,
        "generalAndAdministrativeExpenses": 0,
        "sellingAndMarketingExpenses": 0,
        "sellingGeneralAndAdministrativeExpenses": 21500000,
        "otherExpenses": 94900000,
        "operatingExpenses": 116400000,
        "costAndExpenses": 920100000,
        "interestIncome": 20300000,
        "interestExpense": 13800000,
        "depreciationAndAmortization": 82300000,
        "ebitda": 271400000,
        "ebitdaratio": 0.2515525072,
        "operatingIncome": 158800000,
        "operatingIncomeRatio": 0.1471869497,
        "totalOtherIncomeExpensesNet": 16500000,
        "incomeBeforeTax": 175300000,
        "incomeBeforeTaxRatio": 0.162480304,
        "incomeTaxExpense": 46500000,
        "netIncome": 119900000,
        "netIncomeRatio": 0.1111317082,
        "eps": 0.91,
        "epsdiluted": 0.82,
        "weightedAverageShsOut": 149277516,
        "weightedAverageShsOutDil": 149900000,
        "link": "https://www.sec.gov/Archives/edgar/data/1064728/000106472823000146/0001064728-23-000146-index.htm",
        "finalLink": "https://www.sec.gov/Archives/edgar/data/1064728/000106472823000146/btu-20230930.htm"
    },
    {
        "date": "2023-06-30",
        "symbol": "BTU",
        "reportedCurrency": "USD",
        "cik": "0001064728",
        "fillingDate": "2023-08-03",
        "acceptedDate": "2023-08-03 16:32:53",
        "calendarYear": "2023",
        "period": "Q2",
        "revenue": 1268800000,
        "costOfRevenue": 862000000,
        "grossProfit": 406800000,
        "grossProfitRatio": 0.3206179067,
        "researchAndDevelopmentExpenses": 0,
        "generalAndAdministrativeExpenses": 0,
        "sellingAndMarketingExpenses": 0,
        "sellingGeneralAndAdministrativeExpenses": 21700000,
        "otherExpenses": 124300000,
        "operatingExpenses": 146000000,
        "costAndExpenses": 1008000000,
        "interestIncome": 23100000,
        "interestExpense": 13300000,
        "depreciationAndAmortization": 80600000,
        "ebitda": 372200000,
        "ebitdaratio": 0.2933480454,
        "operatingIncome": 260800000,
        "operatingIncomeRatio": 0.2055485498,
        "totalOtherIncomeExpensesNet": 17500000,
        "incomeBeforeTax": 278300000,
        "incomeBeforeTaxRatio": 0.2193411097,
        "incomeTaxExpense": 74200000,
        "netIncome": 179200000,
        "netIncomeRatio": 0.1412358134,
        "eps": 1.32,
        "epsdiluted": 1.15,
        "weightedAverageShsOut": 154852268,
        "weightedAverageShsOutDil": 159000000,
        "link": "https://www.sec.gov/Archives/edgar/data/1064728/000106472823000104/0001064728-23-000104-index.htm",
        "finalLink": "https://www.sec.gov/Archives/edgar/data/1064728/000106472823000104/btu-20230630.htm"
    },
    {
        "date": "2023-03-31",
        "symbol": "BTU",
        "reportedCurrency": "USD",
        "cik": "0001064728",
        "fillingDate": "2023-05-04",
        "acceptedDate": "2023-05-04 06:33:11",
        "calendarYear": "2023",
        "period": "Q1",
        "revenue": 1364000000,
        "costOfRevenue": 846600000,
        "grossProfit": 517400000,
        "grossProfitRatio": 0.3793255132,
        "researchAndDevelopmentExpenses": 0,
        "generalAndAdministrativeExpenses": 0,
        "sellingAndMarketingExpenses": 0,
        "sellingGeneralAndAdministrativeExpenses": 22800000,
        "otherExpenses": 90100000,
        "operatingExpenses": 112900000,
        "costAndExpenses": 959500000,
        "interestIncome": 13100000,
        "interestExpense": 18400000,
        "depreciationAndAmortization": 76300000,
        "ebitda": 496800000,
        "ebitdaratio": 0.3642228739,
        "operatingIncome": 404500000,
        "operatingIncomeRatio": 0.2965542522,
        "totalOtherIncomeExpensesNet": -2400000,
        "incomeBeforeTax": 402100000,
        "incomeBeforeTaxRatio": 0.2947947214,
        "incomeTaxExpense": 118000000,
        "netIncome": 268500000,
        "netIncomeRatio": 0.1968475073,
        "eps": 1.86,
        "epsdiluted": 1.68,
        "weightedAverageShsOut": 159089239,
        "weightedAverageShsOutDil": 161400000,
        "link": "https://www.sec.gov/Archives/edgar/data/1064728/000106472823000044/0001064728-23-000044-index.htm",
        "finalLink": "https://www.sec.gov/Archives/edgar/data/1064728/000106472823000044/btu-20230331.htm"
    },
    {
        "date": "2022-12-31",
        "symbol": "BTU",
        "reportedCurrency": "USD",
        "cik": "0001064728",
        "fillingDate": "2023-02-24",
        "acceptedDate": "2023-02-24 06:35:19",
        "calendarYear": "2022",
        "period": "Q4",
        "revenue": 1626100000,
        "costOfRevenue": 927800000,
        "grossProfit": 698300000,
        "grossProfitRatio": 0.4294323842,
        "researchAndDevelopmentExpenses": 0,
        "generalAndAdministrativeExpenses": 0,
        "sellingAndMarketingExpenses": 0,
        "sellingGeneralAndAdministrativeExpenses": 24300000,
        "otherExpenses": 91600000,
        "operatingExpenses": 115900000,
        "costAndExpenses": 1043700000,
        "interestIncome": 12100000,
        "interestExpense": 29500000,
        "depreciationAndAmortization": 98800000,
        "ebitda": 710000000,
        "ebitdaratio": 0.4366275137,
        "operatingIncome": 582400000,
        "operatingIncomeRatio": 0.3581575549,
        "totalOtherIncomeExpensesNet": -700000,
        "incomeBeforeTax": 581700000,
        "incomeBeforeTaxRatio": 0.3577270771,
        "incomeTaxExpense": -59800000,
        "netIncome": 632000000,
        "netIncomeRatio": 0.388659984,
        "eps": 4.39,
        "epsdiluted": 3.9,
        "weightedAverageShsOut": 143900000,
        "weightedAverageShsOutDil": 161900000,
        "link": "https://www.sec.gov/Archives/edgar/data/1064728/000106472823000013/0001064728-23-000013-index.htm",
        "finalLink": "https://www.sec.gov/Archives/edgar/data/1064728/000106472823000013/btu-20221231.htm"
    },
    {
        "date": "2022-09-30",
        "symbol": "BTU",
        "reportedCurrency": "USD",
        "cik": "0001064728",
        "fillingDate": "2022-11-03",
        "acceptedDate": "2022-11-03 16:38:23",
        "calendarYear": "2022",
        "period": "Q3",
        "revenue": 1342500000,
        "costOfRevenue": 838400000,
        "grossProfit": 504100000,
        "grossProfitRatio": 0.3754934823,
        "researchAndDevelopmentExpenses": 0,
        "generalAndAdministrativeExpenses": 0,
        "sellingAndMarketingExpenses": 0,
        "sellingGeneralAndAdministrativeExpenses": 19600000,
        "otherExpenses": 64000000,
        "operatingExpenses": 83600000,
        "costAndExpenses": 922000000,
        "interestIncome": 4900000,
        "interestExpense": 33800000,
        "depreciationAndAmortization": 80700000,
        "ebitda": 509600000,
        "ebitdaratio": 0.3795903166,
        "operatingIncome": 420500000,
        "operatingIncomeRatio": 0.3132216015,
        "totalOtherIncomeExpensesNet": -25400000,
        "incomeBeforeTax": 395100000,
        "incomeBeforeTaxRatio": 0.294301676,
        "incomeTaxExpense": 10700000,
        "netIncome": 375100000,
        "netIncomeRatio": 0.2794040968,
        "eps": 2.6,
        "epsdiluted": 2.33,
        "weightedAverageShsOut": 160445740,
        "weightedAverageShsOutDil": 161900000,
        "link": "https://www.sec.gov/Archives/edgar/data/1064728/000106472822000067/0001064728-22-000067-index.htm",
        "finalLink": "https://www.sec.gov/Archives/edgar/data/1064728/000106472822000067/btu-20220930.htm"
    },
    {
        "date": "2022-06-30",
        "symbol": "BTU",
        "reportedCurrency": "USD",
        "cik": "0001064728",
        "fillingDate": "2022-08-04",
        "acceptedDate": "2022-08-04 16:25:00",
        "calendarYear": "2022",
        "period": "Q2",
        "revenue": 1321900000,
        "costOfRevenue": 825600000,
        "grossProfit": 496300000,
        "grossProfitRatio": 0.375444436,
        "researchAndDevelopmentExpenses": 0,
        "generalAndAdministrativeExpenses": 0,
        "sellingAndMarketingExpenses": 0,
        "sellingGeneralAndAdministrativeExpenses": 21800000,
        "otherExpenses": 25200000,
        "operatingExpenses": 47000000,
        "costAndExpenses": 872600000,
        "interestIncome": 900000,
        "interestExpense": 37600000,
        "depreciationAndAmortization": 73800000,
        "ebitda": 534000000,
        "ebitdaratio": 0.4039639912,
        "operatingIncome": 449300000,
        "operatingIncomeRatio": 0.3398895529,
        "totalOtherIncomeExpensesNet": -26700000,
        "incomeBeforeTax": 422600000,
        "incomeBeforeTaxRatio": 0.3196913534,
        "incomeTaxExpense": 11300000,
        "netIncome": 409500000,
        "netIncomeRatio": 0.3097813753,
        "eps": 2.85,
        "epsdiluted": 2.54,
        "weightedAverageShsOut": 160644681,
        "weightedAverageShsOutDil": 161900000,
        "link": "https://www.sec.gov/Archives/edgar/data/1064728/000106472822000059/0001064728-22-000059-index.htm",
        "finalLink": "https://www.sec.gov/Archives/edgar/data/1064728/000106472822000059/btu-20220630.htm"
    },
    {
        "date": "2022-03-31",
        "symbol": "BTU",
        "reportedCurrency": "USD",
        "cik": "0001064728",
        "fillingDate": "2022-05-05",
        "acceptedDate": "2022-05-05 06:38:49",
        "calendarYear": "2022",
        "period": "Q1",
        "revenue": 691400000,
        "costOfRevenue": 699000000,
        "grossProfit": -7600000,
        "grossProfitRatio": -0.0109921898,
        "researchAndDevelopmentExpenses": 0,
        "generalAndAdministrativeExpenses": 0,
        "sellingAndMarketingExpenses": 0,
        "sellingGeneralAndAdministrativeExpenses": 23100000,
        "otherExpenses": 39900000,
        "operatingExpenses": 63000000,
        "costAndExpenses": 762000000,
        "interestIncome": 500000,
        "interestExpense": 39400000,
        "depreciationAndAmortization": 72900000,
        "ebitda": -8500000,
        "ebitdaratio": -0.0122938964,
        "operatingIncome": -70600000,
        "operatingIncomeRatio": -0.1021116575,
        "totalOtherIncomeExpensesNet": -50200000,
        "incomeBeforeTax": -120800000,
        "incomeBeforeTaxRatio": -0.1747179636,
        "incomeTaxExpense": -1000000,
        "netIncome": -119500000,
        "netIncomeRatio": -0.1728377206,
        "eps": -0.88,
        "epsdiluted": -0.88,
        "weightedAverageShsOut": 137118020,
        "weightedAverageShsOutDil": 136200000,
        "link": "https://www.sec.gov/Archives/edgar/data/1064728/000106472822000042/0001064728-22-000042-index.htm",
        "finalLink": "https://www.sec.gov/Archives/edgar/data/1064728/000106472822000042/btu-20220331.htm"
    },
    {
        "date": "2021-12-31",
        "symbol": "BTU",
        "reportedCurrency": "USD",
        "cik": "0001064728",
        "fillingDate": "2022-02-18",
        "acceptedDate": "2022-02-18 16:35:51",
        "calendarYear": "2021",
        "period": "Q4",
        "revenue": 1264600000,
        "costOfRevenue": 709700000,
        "grossProfit": 554900000,
        "grossProfitRatio": 0.4387948759,
        "researchAndDevelopmentExpenses": 0,
        "generalAndAdministrativeExpenses": 0,
        "sellingAndMarketingExpenses": 0,
        "sellingGeneralAndAdministrativeExpenses": 20700000,
        "otherExpenses": 13200000,
        "operatingExpenses": 33900000,
        "costAndExpenses": 743600000,
        "interestIncome": 2300000,
        "interestExpense": 40100000,
        "depreciationAndAmortization": 85400000,
        "ebitda": 665700000,
        "ebitdaratio": 0.5264115135,
        "operatingIncome": 521000000,
        "operatingIncomeRatio": 0.4119879804,
        "totalOtherIncomeExpensesNet": 19800000,
        "incomeBeforeTax": 540800000,
        "incomeBeforeTaxRatio": 0.4276451052,
        "incomeTaxExpense": 33100000,
        "netIncome": 513000000,
        "netIncomeRatio": 0.4056618694,
        "eps": 3.81,
        "epsdiluted": 3.85,
        "weightedAverageShsOut": 130625694,
        "weightedAverageShsOutDil": 133300000,
        "link": "https://www.sec.gov/Archives/edgar/data/1064728/000106472822000008/0001064728-22-000008-index.htm",
        "finalLink": "https://www.sec.gov/Archives/edgar/data/1064728/000106472822000008/btu-20211231.htm"
    },
    {
        "date": "2021-09-30",
        "symbol": "BTU",
        "reportedCurrency": "USD",
        "cik": "0001064728",
        "fillingDate": "2021-11-05",
        "acceptedDate": "2021-11-05 16:18:44",
        "calendarYear": "2021",
        "period": "Q3",
        "revenue": 679000000,
        "costOfRevenue": 649400000,
        "grossProfit": 29600000,
        "grossProfitRatio": 0.0435935199,
        "researchAndDevelopmentExpenses": 0,
        "generalAndAdministrativeExpenses": 0,
        "sellingAndMarketingExpenses": 0,
        "sellingGeneralAndAdministrativeExpenses": 21100000,
        "otherExpenses": 52300000,
        "operatingExpenses": 73400000,
        "costAndExpenses": 722800000,
        "interestIncome": 1400000,
        "interestExpense": 45500000,
        "depreciationAndAmortization": 77900000,
        "ebitda": 60100000,
        "ebitdaratio": 0.0885125184,
        "operatingIncome": -43800000,
        "operatingIncomeRatio": -0.0645066274,
        "totalOtherIncomeExpensesNet": -19500000,
        "incomeBeforeTax": -63300000,
        "incomeBeforeTaxRatio": -0.0932253314,
        "incomeTaxExpense": -3700000,
        "netIncome": -44200000,
        "netIncomeRatio": -0.065095729,
        "eps": -0.38,
        "epsdiluted": -0.38,
        "weightedAverageShsOut": 74139926,
        "weightedAverageShsOutDil": 114900000,
        "link": "https://www.sec.gov/Archives/edgar/data/1064728/000106472821000045/0001064728-21-000045-index.htm",
        "finalLink": "https://www.sec.gov/Archives/edgar/data/1064728/000106472821000045/btu-20210930.htm"
    },
    {
        "date": "2021-06-30",
        "symbol": "BTU",
        "reportedCurrency": "USD",
        "cik": "0001064728",
        "fillingDate": "2021-08-06",
        "acceptedDate": "2021-08-06 16:04:40",
        "calendarYear": "2021",
        "period": "Q2",
        "revenue": 723400000,
        "costOfRevenue": 611400000,
        "grossProfit": 112000000,
        "grossProfitRatio": 0.1548244401,
        "researchAndDevelopmentExpenses": 0,
        "generalAndAdministrativeExpenses": 0,
        "sellingAndMarketingExpenses": 0,
        "sellingGeneralAndAdministrativeExpenses": 21400000,
        "otherExpenses": 94800000,
        "operatingExpenses": 116200000,
        "costAndExpenses": 727600000,
        "interestIncome": 1300000,
        "interestExpense": 45400000,
        "depreciationAndAmortization": 92200000,
        "ebitda": 94700000,
        "ebitdaratio": 0.1309095936,
        "operatingIncome": -4200000,
        "operatingIncomeRatio": -0.0058059165,
        "totalOtherIncomeExpensesNet": -23600000,
        "incomeBeforeTax": -27800000,
        "incomeBeforeTaxRatio": -0.0384296378,
        "incomeTaxExpense": -4800000,
        "netIncome": -28600000,
        "netIncomeRatio": -0.0395355267,
        "eps": -0.28,
        "epsdiluted": -0.28,
        "weightedAverageShsOut": 101200000,
        "weightedAverageShsOutDil": 101200000,
        "link": "https://www.sec.gov/Archives/edgar/data/1064728/000106472821000023/0001064728-21-000023-index.htm",
        "finalLink": "https://www.sec.gov/Archives/edgar/data/1064728/000106472821000023/btu-20210630.htm"
    },
    {
        "date": "2021-03-31",
        "symbol": "BTU",
        "reportedCurrency": "USD",
        "cik": "0001064728",
        "fillingDate": "2021-05-05",
        "acceptedDate": "2021-05-05 16:59:48",
        "calendarYear": "2021",
        "period": "Q1",
        "revenue": 651300000,
        "costOfRevenue": 582600000,
        "grossProfit": 68700000,
        "grossProfitRatio": 0.105481345,
        "researchAndDevelopmentExpenses": 0,
        "generalAndAdministrativeExpenses": 0,
        "sellingAndMarketingExpenses": 0,
        "sellingGeneralAndAdministrativeExpenses": 21700000,
        "otherExpenses": 87800000,
        "operatingExpenses": 109500000,
        "costAndExpenses": 692100000,
        "interestIncome": 1500000,
        "interestExpense": 52400000,
        "depreciationAndAmortization": 68300000,
        "ebitda": 41200000,
        "ebitdaratio": 0.0632580992,
        "operatingIncome": -40800000,
        "operatingIncomeRatio": -0.0626439429,
        "totalOtherIncomeExpensesNet": -38700000,
        "incomeBeforeTax": -79500000,
        "incomeBeforeTaxRatio": -0.1220635652,
        "incomeTaxExpense": -1800000,
        "netIncome": -80100000,
        "netIncomeRatio": -0.1229847996,
        "eps": -0.81,
        "epsdiluted": -0.81,
        "weightedAverageShsOut": 100919870,
        "weightedAverageShsOutDil": 98400000,
        "link": "https://www.sec.gov/Archives/edgar/data/1064728/000106472821000017/0001064728-21-000017-index.htm",
        "finalLink": "https://www.sec.gov/Archives/edgar/data/1064728/000106472821000017/btu-20210331.htm"
    },
    {
        "date": "2020-12-31",
        "symbol": "BTU",
        "reportedCurrency": "USD",
        "cik": "0001064728",
        "fillingDate": "2021-02-23",
        "acceptedDate": "2021-02-23 06:35:32",
        "calendarYear": "2020",
        "period": "Q4",
        "revenue": 737200000,
        "costOfRevenue": 638200000,
        "grossProfit": 99000000,
        "grossProfitRatio": 0.1342919154,
        "researchAndDevelopmentExpenses": 0,
        "generalAndAdministrativeExpenses": 0,
        "sellingAndMarketingExpenses": 0,
        "sellingGeneralAndAdministrativeExpenses": 22200000,
        "otherExpenses": 184900000,
        "operatingExpenses": 207100000,
        "costAndExpenses": 845300000,
        "interestIncome": 2300000,
        "interestExpense": 37500000,
        "depreciationAndAmortization": 79500000,
        "ebitda": 1600000,
        "ebitdaratio": 0.0021703744,
        "operatingIncome": -108100000,
        "operatingIncomeRatio": -0.1466359197,
        "totalOtherIncomeExpensesNet": -7000000,
        "incomeBeforeTax": -115100000,
        "incomeBeforeTaxRatio": -0.1561313077,
        "incomeTaxExpense": 5300000,
        "netIncome": -129200000,
        "netIncomeRatio": -0.175257732,
        "eps": -1.32,
        "epsdiluted": -1.32,
        "weightedAverageShsOut": 97800000,
        "weightedAverageShsOutDil": 97900000,
        "link": "https://www.sec.gov/Archives/edgar/data/1064728/000106472821000008/0001064728-21-000008-index.htm",
        "finalLink": "https://www.sec.gov/Archives/edgar/data/1064728/000106472821000008/btu-20201231.htm"
    },
    {
        "date": "2020-09-30",
        "symbol": "BTU",
        "reportedCurrency": "USD",
        "cik": "0001064728",
        "fillingDate": "2020-11-09",
        "acceptedDate": "2020-11-09 08:07:45",
        "calendarYear": "2020",
        "period": "Q3",
        "revenue": 671000000,
        "costOfRevenue": 550900000,
        "grossProfit": 120100000,
        "grossProfitRatio": 0.1789865872,
        "researchAndDevelopmentExpenses": 0,
        "generalAndAdministrativeExpenses": 30000000,
        "sellingAndMarketingExpenses": -2800000,
        "sellingGeneralAndAdministrativeExpenses": 27200000,
        "otherExpenses": 108700000,
        "operatingExpenses": 135900000,
        "costAndExpenses": 686800000,
        "interestIncome": 1600000,
        "interestExpense": 34900000,
        "depreciationAndAmortization": 72200000,
        "ebitda": 42200000,
        "ebitdaratio": 0.0628912072,
        "operatingIncome": -15800000,
        "operatingIncomeRatio": -0.0235469449,
        "totalOtherIncomeExpensesNet": -49100000,
        "incomeBeforeTax": -64900000,
        "incomeBeforeTaxRatio": -0.0967213115,
        "incomeTaxExpense": -100000,
        "netIncome": -67200000,
        "netIncomeRatio": -0.1001490313,
        "eps": -0.69,
        "epsdiluted": -0.69,
        "weightedAverageShsOut": 101369544,
        "weightedAverageShsOutDil": 97900000,
        "link": "https://www.sec.gov/Archives/edgar/data/1064728/000106472820000033/0001064728-20-000033-index.htm",
        "finalLink": "https://www.sec.gov/Archives/edgar/data/1064728/000106472820000033/btu-20200930.htm"
    },
    {
        "date": "2020-06-30",
        "symbol": "BTU",
        "reportedCurrency": "USD",
        "cik": "0001064728",
        "fillingDate": "2020-08-07",
        "acceptedDate": "2020-08-07 21:16:53",
        "calendarYear": "2020",
        "period": "Q2",
        "revenue": 626700000,
        "costOfRevenue": 556300000,
        "grossProfit": 70400000,
        "grossProfitRatio": 0.1123344503,
        "researchAndDevelopmentExpenses": 0,
        "generalAndAdministrativeExpenses": 27900000,
        "sellingAndMarketingExpenses": -2700000,
        "sellingGeneralAndAdministrativeExpenses": 25200000,
        "otherExpenses": 1556100000,
        "operatingExpenses": 1581300000,
        "costAndExpenses": 2137600000,
        "interestIncome": 2400000,
        "interestExpense": 34300000,
        "depreciationAndAmortization": 88300000,
        "ebitda": -1422900000,
        "ebitdaratio": -2.270464337,
        "operatingIncome": -1510900000,
        "operatingIncomeRatio": -2.4108823999,
        "totalOtherIncomeExpensesNet": -34600000,
        "incomeBeforeTax": -1545500000,
        "incomeBeforeTaxRatio": -2.4660922291,
        "incomeTaxExpense": -200000,
        "netIncome": -1544200000,
        "netIncomeRatio": -2.4640178714,
        "eps": -15.79,
        "epsdiluted": -15.77,
        "weightedAverageShsOut": 97982233,
        "weightedAverageShsOutDil": 97900000,
        "link": "https://www.sec.gov/Archives/edgar/data/1064728/000106472820000026/0001064728-20-000026-index.htm",
        "finalLink": "https://www.sec.gov/Archives/edgar/data/1064728/000106472820000026/btu-20200630.htm"
    },
    {
        "date": "2020-03-31",
        "symbol": "BTU",
        "reportedCurrency": "USD",
        "cik": "0001064728",
        "fillingDate": "2020-05-06",
        "acceptedDate": "2020-05-06 16:51:17",
        "calendarYear": "2020",
        "period": "Q1",
        "revenue": 846200000,
        "costOfRevenue": 779500000,
        "grossProfit": 66700000,
        "grossProfitRatio": 0.0788229733,
        "researchAndDevelopmentExpenses": 0,
        "generalAndAdministrativeExpenses": 27700000,
        "sellingAndMarketingExpenses": -2800000,
        "sellingGeneralAndAdministrativeExpenses": 24900000,
        "otherExpenses": 135300000,
        "operatingExpenses": 160200000,
        "costAndExpenses": 939700000,
        "interestIncome": 3100000,
        "interestExpense": 33100000,
        "depreciationAndAmortization": 106000000,
        "ebitda": 12800000,
        "ebitdaratio": 0.0151264476,
        "operatingIncome": -93500000,
        "operatingIncomeRatio": -0.1104939731,
        "totalOtherIncomeExpensesNet": -32800000,
        "incomeBeforeTax": -126300000,
        "incomeBeforeTaxRatio": -0.1492554952,
        "incomeTaxExpense": 3000000,
        "netIncome": -129700000,
        "netIncomeRatio": -0.1532734578,
        "eps": -1.33,
        "epsdiluted": -1.33,
        "weightedAverageShsOut": 97200000,
        "weightedAverageShsOutDil": 97200000,
        "link": "https://www.sec.gov/Archives/edgar/data/1064728/000106472820000013/0001064728-20-000013-index.htm",
        "finalLink": "https://www.sec.gov/Archives/edgar/data/1064728/000106472820000013/btu20200331.htm"
    },
    {
        "date": "2019-12-31",
        "symbol": "BTU",
        "reportedCurrency": "USD",
        "cik": "0001064728",
        "fillingDate": "2020-02-21",
        "acceptedDate": "2020-02-21 17:04:35",
        "calendarYear": "2019",
        "period": "Q4",
        "revenue": 1117400000,
        "costOfRevenue": 825100000,
        "grossProfit": 292300000,
        "grossProfitRatio": 0.261589404,
        "researchAndDevelopmentExpenses": 0,
        "generalAndAdministrativeExpenses": 42000000,
        "sellingAndMarketingExpenses": -4800000,
        "sellingGeneralAndAdministrativeExpenses": 37200000,
        "otherExpenses": 415800000,
        "operatingExpenses": 459100000,
        "costAndExpenses": 1282900000,
        "interestIncome": 4500000,
        "interestExpense": 36800000,
        "depreciationAndAmortization": 121600000,
        "ebitda": -111800000,
        "ebitdaratio": -0.1000536961,
        "operatingIncome": -165500000,
        "operatingIncomeRatio": -0.1481116878,
        "totalOtherIncomeExpensesNet": -104700000,
        "incomeBeforeTax": -270200000,
        "incomeBeforeTaxRatio": -0.2418113478,
        "incomeTaxExpense": 20000000,
        "netIncome": -289800000,
        "netIncomeRatio": -0.2593520673,
        "eps": -2.99,
        "epsdiluted": -2.98,
        "weightedAverageShsOut": 96900000,
        "weightedAverageShsOutDil": 97300000,
        "link": "https://www.sec.gov/Archives/edgar/data/1064728/000106472820000007/0001064728-20-000007-index.htm",
        "finalLink": "https://www.sec.gov/Archives/edgar/data/1064728/000106472820000007/btu20191231-10k.htm"
    },
    {
        "date": "2019-09-30",
        "symbol": "BTU",
        "reportedCurrency": "USD",
        "cik": "0001064728",
        "fillingDate": "2019-11-05",
        "acceptedDate": "2019-11-05 17:06:24",
        "calendarYear": "2019",
        "period": "Q3",
        "revenue": 1106400000,
        "costOfRevenue": 906200000,
        "grossProfit": 200200000,
        "grossProfitRatio": 0.1809472162,
        "researchAndDevelopmentExpenses": 0,
        "generalAndAdministrativeExpenses": 37100000,
        "sellingAndMarketingExpenses": -4900000,
        "sellingGeneralAndAdministrativeExpenses": 32200000,
        "otherExpenses": 200600000,
        "operatingExpenses": 237700000,
        "costAndExpenses": 1143200000,
        "interestIncome": 7000000,
        "interestExpense": 35400000,
        "depreciationAndAmortization": 141500000,
        "ebitda": 106800000,
        "ebitdaratio": 0.0965292842,
        "operatingIncome": -36800000,
        "operatingIncomeRatio": -0.0332610268,
        "totalOtherIncomeExpensesNet": -33300000,
        "incomeBeforeTax": -70100000,
        "incomeBeforeTaxRatio": -0.0633586406,
        "incomeTaxExpense": 4200000,
        "netIncome": -82800000,
        "netIncomeRatio": -0.0748373102,
        "eps": -0.84,
        "epsdiluted": -0.81,
        "weightedAverageShsOut": 107115967,
        "weightedAverageShsOutDil": 102200000,
        "link": "https://www.sec.gov/Archives/edgar/data/1064728/000106472819000044/0001064728-19-000044-index.htm",
        "finalLink": "https://www.sec.gov/Archives/edgar/data/1064728/000106472819000044/btu20190930-10q.htm"
    },
    {
        "date": "2019-06-30",
        "symbol": "BTU",
        "reportedCurrency": "USD",
        "cik": "0001064728",
        "fillingDate": "2019-08-08",
        "acceptedDate": "2019-08-08 06:26:36",
        "calendarYear": "2019",
        "period": "Q2",
        "revenue": 1149000000,
        "costOfRevenue": 858200000,
        "grossProfit": 290800000,
        "grossProfitRatio": 0.2530896432,
        "researchAndDevelopmentExpenses": 0,
        "generalAndAdministrativeExpenses": 43700000,
        "sellingAndMarketingExpenses": -4800000,
        "sellingGeneralAndAdministrativeExpenses": 38900000,
        "otherExpenses": 172800000,
        "operatingExpenses": 211700000,
        "costAndExpenses": 1069500000,
        "interestIncome": 7200000,
        "interestExpense": 36000000,
        "depreciationAndAmortization": 165400000,
        "ebitda": 247300000,
        "ebitdaratio": 0.2152306353,
        "operatingIncome": 79500000,
        "operatingIncomeRatio": 0.0691906005,
        "totalOtherIncomeExpensesNet": -33600000,
        "incomeBeforeTax": 45900000,
        "incomeBeforeTaxRatio": 0.0399477807,
        "incomeTaxExpense": 3000000,
        "netIncome": 37100000,
        "netIncomeRatio": 0.0322889469,
        "eps": 0.35,
        "epsdiluted": 0.34,
        "weightedAverageShsOut": 100270270,
        "weightedAverageShsOutDil": 108100000,
        "link": "https://www.sec.gov/Archives/edgar/data/1064728/000106472819000029/0001064728-19-000029-index.htm",
        "finalLink": "https://www.sec.gov/Archives/edgar/data/1064728/000106472819000029/btu20190630-10q.htm"
    },
    {
        "date": "2019-03-31",
        "symbol": "BTU",
        "reportedCurrency": "USD",
        "cik": "0001064728",
        "fillingDate": "2019-05-08",
        "acceptedDate": "2019-05-08 17:07:08",
        "calendarYear": "2019",
        "period": "Q1",
        "revenue": 1250600000,
        "costOfRevenue": 948400000,
        "grossProfit": 302200000,
        "grossProfitRatio": 0.2416440109,
        "researchAndDevelopmentExpenses": 0,
        "generalAndAdministrativeExpenses": 0,
        "sellingAndMarketingExpenses": 36700000,
        "sellingGeneralAndAdministrativeExpenses": 36700000,
        "otherExpenses": 81200000,
        "operatingExpenses": 117900000,
        "costAndExpenses": 1066100000,
        "interestIncome": 8300000,
        "interestExpense": 35800000,
        "depreciationAndAmortization": 172500000,
        "ebitda": 360400000,
        "ebitdaratio": 0.2881816728,
        "operatingIncome": 184500000,
        "operatingIncomeRatio": 0.147529186,
        "totalOtherIncomeExpensesNet": -32400000,
        "incomeBeforeTax": 152100000,
        "incomeBeforeTaxRatio": 0.1216216216,
        "incomeTaxExpense": 18800000,
        "netIncome": 124200000,
        "netIncomeRatio": 0.0993123301,
        "eps": 1.14,
        "epsdiluted": 1.12,
        "weightedAverageShsOut": 108000000,
        "weightedAverageShsOutDil": 110500000,
        "link": "https://www.sec.gov/Archives/edgar/data/1064728/000106472819000022/0001064728-19-000022-index.htm",
        "finalLink": "https://www.sec.gov/Archives/edgar/data/1064728/000106472819000022/btu_20190331-10q.htm"
    },
    {
        "date": "2018-12-31",
        "symbol": "BTU",
        "reportedCurrency": "USD",
        "cik": "0001064728",
        "fillingDate": "2019-02-27",
        "acceptedDate": "2019-02-27 07:59:17",
        "calendarYear": "2018",
        "period": "Q4",
        "revenue": 1397100000,
        "costOfRevenue": 1021000000,
        "grossProfit": 376100000,
        "grossProfitRatio": 0.2692004867,
        "researchAndDevelopmentExpenses": 0,
        "generalAndAdministrativeExpenses": 42900000,
        "sellingAndMarketingExpenses": -4500000,
        "sellingGeneralAndAdministrativeExpenses": 38400000,
        "otherExpenses": 207600000,
        "operatingExpenses": 246500000,
        "costAndExpenses": 1270300000,
        "interestIncome": 9300000,
        "interestExpense": 36500000,
        "depreciationAndAmortization": 191000000,
        "ebitda": 433000000,
        "ebitdaratio": 0.3099277074,
        "operatingIncome": 126800000,
        "operatingIncomeRatio": 0.0907594302,
        "totalOtherIncomeExpensesNet": 93800000,
        "incomeBeforeTax": 220600000,
        "incomeBeforeTaxRatio": 0.157898504,
        "incomeTaxExpense": -12900000,
        "netIncome": 252600000,
        "netIncomeRatio": 0.1808030921,
        "eps": 2.29,
        "epsdiluted": 2.2,
        "weightedAverageShsOut": 110400000,
        "weightedAverageShsOutDil": 114700000,
        "link": "https://www.sec.gov/Archives/edgar/data/1064728/000106472819000013/0001064728-19-000013-index.htm",
        "finalLink": "https://www.sec.gov/Archives/edgar/data/1064728/000106472819000013/btu_20181231-10k.htm"
    },
    {
        "date": "2018-09-30",
        "symbol": "BTU",
        "reportedCurrency": "USD",
        "cik": "0001064728",
        "fillingDate": "2018-11-01",
        "acceptedDate": "2018-11-01 16:39:35",
        "calendarYear": "2018",
        "period": "Q3",
        "revenue": 1412600000,
        "costOfRevenue": 1047900000,
        "grossProfit": 364700000,
        "grossProfitRatio": 0.2581764123,
        "researchAndDevelopmentExpenses": 0,
        "generalAndAdministrativeExpenses": 43100000,
        "sellingAndMarketingExpenses": -4500000,
        "sellingGeneralAndAdministrativeExpenses": 38600000,
        "otherExpenses": 195800000,
        "operatingExpenses": 234400000,
        "costAndExpenses": 1282300000,
        "interestIncome": 10100000,
        "interestExpense": 38200000,
        "depreciationAndAmortization": 169600000,
        "ebitda": 305500000,
        "ebitdaratio": 0.2162678748,
        "operatingIncome": 130300000,
        "operatingIncomeRatio": 0.0922412573,
        "totalOtherIncomeExpensesNet": -32600000,
        "incomeBeforeTax": 97700000,
        "incomeBeforeTaxRatio": 0.0691632451,
        "incomeTaxExpense": 13800000,
        "netIncome": 71500000,
        "netIncomeRatio": 0.0506158856,
        "eps": 0.62,
        "epsdiluted": 0.59,
        "weightedAverageShsOut": 118600000,
        "weightedAverageShsOutDil": 120300000,
        "link": "https://www.sec.gov/Archives/edgar/data/1064728/000106472818000043/0001064728-18-000043-index.htm",
        "finalLink": "https://www.sec.gov/Archives/edgar/data/1064728/000106472818000043/btu_20180930-10q.htm"
    },
    {
        "date": "2018-06-30",
        "symbol": "BTU",
        "reportedCurrency": "USD",
        "cik": "0001064728",
        "fillingDate": "2018-08-03",
        "acceptedDate": "2018-08-03 16:35:12",
        "calendarYear": "2018",
        "period": "Q2",
        "revenue": 1309400000,
        "costOfRevenue": 946500000,
        "grossProfit": 362900000,
        "grossProfitRatio": 0.2771498396,
        "researchAndDevelopmentExpenses": 0,
        "generalAndAdministrativeExpenses": 48700000,
        "sellingAndMarketingExpenses": -4600000,
        "sellingGeneralAndAdministrativeExpenses": 44100000,
        "otherExpenses": 153500000,
        "operatingExpenses": 197600000,
        "costAndExpenses": 1144100000,
        "interestIncome": 7000000,
        "interestExpense": 38300000,
        "depreciationAndAmortization": 163900000,
        "ebitda": 329600000,
        "ebitdaratio": 0.2517183443,
        "operatingIncome": 165300000,
        "operatingIncomeRatio": 0.1262410264,
        "totalOtherIncomeExpensesNet": -37900000,
        "incomeBeforeTax": 127400000,
        "incomeBeforeTaxRatio": 0.0972964717,
        "incomeTaxExpense": 7400000,
        "netIncome": 113700000,
        "netIncomeRatio": 0.0868336643,
        "eps": 0.93,
        "epsdiluted": 0.9,
        "weightedAverageShsOut": 124500000,
        "weightedAverageShsOutDil": 126000000,
        "link": "https://www.sec.gov/Archives/edgar/data/1064728/000106472818000028/0001064728-18-000028-index.htm",
        "finalLink": "https://www.sec.gov/Archives/edgar/data/1064728/000106472818000028/btu_20180630-10q.htm"
    },
    {
        "date": "2018-03-31",
        "symbol": "BTU",
        "reportedCurrency": "USD",
        "cik": "0001064728",
        "fillingDate": "2018-05-10",
        "acceptedDate": "2018-05-10 06:12:33",
        "calendarYear": "2018",
        "period": "Q1",
        "revenue": 1462700000,
        "costOfRevenue": 1057200000,
        "grossProfit": 405500000,
        "grossProfitRatio": 0.2772270459,
        "researchAndDevelopmentExpenses": 0,
        "generalAndAdministrativeExpenses": 0,
        "sellingAndMarketingExpenses": 37000000,
        "sellingGeneralAndAdministrativeExpenses": 37000000,
        "otherExpenses": 129300000,
        "operatingExpenses": 166300000,
        "costAndExpenses": 1223500000,
        "interestIncome": 7200000,
        "interestExpense": 36300000,
        "depreciationAndAmortization": 169600000,
        "ebitda": 424300000,
        "ebitdaratio": 0.2900799891,
        "operatingIncome": 239200000,
        "operatingIncomeRatio": 0.163533192,
        "totalOtherIncomeExpensesNet": -20800000,
        "incomeBeforeTax": 218400000,
        "incomeBeforeTaxRatio": 0.1493129145,
        "incomeTaxExpense": 10100000,
        "netIncome": 209100000,
        "netIncomeRatio": 0.1429548096,
        "eps": 1.53,
        "epsdiluted": 1.66,
        "weightedAverageShsOut": 136895833,
        "weightedAverageShsOutDil": 126300000,
        "link": "https://www.sec.gov/Archives/edgar/data/1064728/000106472818000016/0001064728-18-000016-index.htm",
        "finalLink": "https://www.sec.gov/Archives/edgar/data/1064728/000106472818000016/btu_2018033110q.htm"
    },
    {
        "date": "2017-12-31",
        "symbol": "BTU",
        "reportedCurrency": "USD",
        "cik": "0001064728",
        "fillingDate": "2018-02-26",
        "acceptedDate": "2018-02-26 16:32:26",
        "calendarYear": "2017",
        "period": "Q4",
        "revenue": 1517100000,
        "costOfRevenue": 1078100000,
        "grossProfit": 439000000,
        "grossProfitRatio": 0.2893678729,
        "researchAndDevelopmentExpenses": 0,
        "generalAndAdministrativeExpenses": 37600000,
        "sellingAndMarketingExpenses": 0,
        "sellingGeneralAndAdministrativeExpenses": 37600000,
        "otherExpenses": 53100000,
        "operatingExpenses": 90700000,
        "costAndExpenses": 1278300000,
        "interestIncome": 2100000,
        "interestExpense": 35900000,
        "depreciationAndAmortization": 197700000,
        "ebitda": 530000000,
        "ebitdaratio": 0.349350735,
        "operatingIncome": 301700000,
        "operatingIncomeRatio": 0.198866258,
        "totalOtherIncomeExpensesNet": -5300000,
        "incomeBeforeTax": 296400000,
        "incomeBeforeTaxRatio": 0.1953727506,
        "incomeTaxExpense": -81600000,
        "netIncome": 358300000,
        "netIncomeRatio": 0.2361742799,
        "eps": 3.41,
        "epsdiluted": 2.37,
        "weightedAverageShsOut": 149291666,
        "weightedAverageShsOutDil": 106500000,
        "link": "https://www.sec.gov/Archives/edgar/data/1064728/000106472818000007/0001064728-18-000007-index.htm",
        "finalLink": "https://www.sec.gov/Archives/edgar/data/1064728/000106472818000007/btu_20171231-10k.htm"
    },
    {
        "date": "2017-09-30",
        "symbol": "BTU",
        "reportedCurrency": "USD",
        "cik": "0001064728",
        "fillingDate": "2017-11-03",
        "acceptedDate": "2017-11-03 16:09:19",
        "calendarYear": "2017",
        "period": "Q3",
        "revenue": 1477200000,
        "costOfRevenue": 1039100000,
        "grossProfit": 438100000,
        "grossProfitRatio": 0.2965746006,
        "researchAndDevelopmentExpenses": 0,
        "generalAndAdministrativeExpenses": 33400000,
        "sellingAndMarketingExpenses": 0,
        "sellingGeneralAndAdministrativeExpenses": 33400000,
        "otherExpenses": 195200000,
        "operatingExpenses": 228600000,
        "costAndExpenses": 1278500000,
        "interestIncome": 2000000,
        "interestExpense": 42400000,
        "depreciationAndAmortization": 194500000,
        "ebitda": 386500000,
        "ebitdaratio": 0.2616436501,
        "operatingIncome": 209500000,
        "operatingIncomeRatio": 0.1418223666,
        "totalOtherIncomeExpensesNet": -59900000,
        "incomeBeforeTax": 149600000,
        "incomeBeforeTaxRatio": 0.101272678,
        "incomeTaxExpense": -84100000,
        "netIncome": 224900000,
        "netIncomeRatio": 0.1522474953,
        "eps": 2.21,
        "epsdiluted": 1.47,
        "weightedAverageShsOut": 150468499,
        "weightedAverageShsOutDil": 103100000,
        "link": "https://www.sec.gov/Archives/edgar/data/1064728/000106472817000083/0001064728-17-000083-index.htm",
        "finalLink": "https://www.sec.gov/Archives/edgar/data/1064728/000106472817000083/btu_2017093010q.htm"
    },
    {
        "date": "2017-06-30",
        "symbol": "BTU",
        "reportedCurrency": "USD",
        "cik": "0001064728",
        "fillingDate": "2017-08-14",
        "acceptedDate": "2017-08-14 07:21:05",
        "calendarYear": "2017",
        "period": "Q2",
        "revenue": 1258300000,
        "costOfRevenue": 927900000,
        "grossProfit": 330400000,
        "grossProfitRatio": 0.2625764921,
        "researchAndDevelopmentExpenses": 0,
        "generalAndAdministrativeExpenses": 34400000,
        "sellingAndMarketingExpenses": 0,
        "sellingGeneralAndAdministrativeExpenses": 34400000,
        "otherExpenses": 143100000,
        "operatingExpenses": 177800000,
        "costAndExpenses": 1105700000,
        "interestIncome": 1500000,
        "interestExpense": 41400000,
        "depreciationAndAmortization": 148300000,
        "ebitda": 258100000,
        "ebitdaratio": 0.2051180164,
        "operatingIncome": 146000000,
        "operatingIncomeRatio": 0.1160295637,
        "totalOtherIncomeExpensesNet": -39900000,
        "incomeBeforeTax": 106100000,
        "incomeBeforeTaxRatio": 0.0843201144,
        "incomeTaxExpense": 4700000,
        "netIncome": 94900000,
        "netIncomeRatio": 0.0754192164,
        "eps": 0.98,
        "epsdiluted": 0.98,
        "weightedAverageShsOut": 68381158,
        "weightedAverageShsOutDil": 100200000,
        "link": "https://www.sec.gov/Archives/edgar/data/1064728/000106472817000068/0001064728-17-000068-index.htm",
        "finalLink": "https://www.sec.gov/Archives/edgar/data/1064728/000106472817000068/btu_2017063010q.htm"
    },
    {
        "date": "2017-03-31",
        "symbol": "BTU",
        "reportedCurrency": "USD",
        "cik": "0001064728",
        "fillingDate": "2017-05-11",
        "acceptedDate": "2017-05-11 16:47:29",
        "calendarYear": "2017",
        "period": "Q1",
        "revenue": 1326200000,
        "costOfRevenue": 963700000,
        "grossProfit": 362500000,
        "grossProfitRatio": 0.2733373548,
        "researchAndDevelopmentExpenses": 0,
        "generalAndAdministrativeExpenses": 37200000,
        "sellingAndMarketingExpenses": 0,
        "sellingGeneralAndAdministrativeExpenses": 37200000,
        "otherExpenses": 127200000,
        "operatingExpenses": 163500000,
        "costAndExpenses": 1113700000,
        "interestIncome": 2700000,
        "interestExpense": 32900000,
        "depreciationAndAmortization": 119900000,
        "ebitda": 328400000,
        "ebitdaratio": 0.2476247926,
        "operatingIncome": 212500000,
        "operatingIncomeRatio": 0.1602322425,
        "totalOtherIncomeExpensesNet": -86000000,
        "incomeBeforeTax": 126500000,
        "incomeBeforeTaxRatio": 0.0953853114,
        "incomeTaxExpense": -263800000,
        "netIncome": -216500000,
        "netIncomeRatio": -0.1632483788,
        "eps": -11.7,
        "epsdiluted": -11.81,
        "weightedAverageShsOut": 17919254,
        "weightedAverageShsOutDil": 18500000,
        "link": "https://www.sec.gov/Archives/edgar/data/1064728/000106472817000043/0001064728-17-000043-index.htm",
        "finalLink": "https://www.sec.gov/Archives/edgar/data/1064728/000106472817000043/btu_2017033110q.htm"
    },
    {
        "date": "2016-12-31",
        "symbol": "BTU",
        "reportedCurrency": "USD",
        "cik": "0001064728",
        "fillingDate": "2017-07-10",
        "acceptedDate": "2017-07-10 16:30:19",
        "calendarYear": "2016",
        "period": "Q4",
        "revenue": 1440800000,
        "costOfRevenue": 1126400000,
        "grossProfit": 314400000,
        "grossProfitRatio": 0.2182121044,
        "researchAndDevelopmentExpenses": 0,
        "generalAndAdministrativeExpenses": 38800000,
        "sellingAndMarketingExpenses": 0,
        "sellingGeneralAndAdministrativeExpenses": 38800000,
        "otherExpenses": 320500000,
        "operatingExpenses": 163200000,
        "costAndExpenses": 1473300000,
        "interestIncome": 1700000,
        "interestExpense": 54900000,
        "depreciationAndAmortization": 119900000,
        "ebitda": 17800000,
        "ebitdaratio": 0.0123542476,
        "operatingIncome": -44900000,
        "operatingIncomeRatio": -0.0311632426,
        "totalOtherIncomeExpensesNet": -116600000,
        "incomeBeforeTax": -161500000,
        "incomeBeforeTaxRatio": -0.1120905053,
        "incomeTaxExpense": 24700000,
        "netIncome": -203700000,
        "netIncomeRatio": -0.141379789,
        "eps": -11.13,
        "epsdiluted": -11.13,
        "weightedAverageShsOut": 19634800,
        "weightedAverageShsOutDil": 18300000,
        "link": "https://www.sec.gov/Archives/edgar/data/1064728/000106472817000045/0001064728-17-000045-index.htm",
        "finalLink": "https://www.sec.gov/Archives/edgar/data/1064728/000106472817000045/btu-20161231x10ka.htm"
    },
    {
        "date": "2016-09-30",
        "symbol": "BTU",
        "reportedCurrency": "USD",
        "cik": "0001064728",
        "fillingDate": "2016-11-03",
        "acceptedDate": "2016-11-03 10:13:16",
        "calendarYear": "2016",
        "period": "Q3",
        "revenue": 1207100000,
        "costOfRevenue": 1064800000,
        "grossProfit": 142300000,
        "grossProfitRatio": 0.1178858421,
        "researchAndDevelopmentExpenses": 0,
        "generalAndAdministrativeExpenses": 32100000,
        "sellingAndMarketingExpenses": 0,
        "sellingGeneralAndAdministrativeExpenses": 32100000,
        "otherExpenses": 131800000,
        "operatingExpenses": 161200000,
        "costAndExpenses": 1226000000,
        "interestIncome": 1300000,
        "interestExpense": 58500000,
        "depreciationAndAmortization": 117800000,
        "ebitda": 67800000,
        "ebitdaratio": 0.0561676746,
        "operatingIncome": -21600000,
        "operatingIncomeRatio": -0.0178941264,
        "totalOtherIncomeExpensesNet": -86900000,
        "incomeBeforeTax": -108500000,
        "incomeBeforeTaxRatio": -0.089884848,
        "incomeTaxExpense": -12900000,
        "netIncome": -137600000,
        "netIncomeRatio": -0.1139922127,
        "eps": -7.53,
        "epsdiluted": -7.4,
        "weightedAverageShsOut": 25294117,
        "weightedAverageShsOutDil": 18300000,
        "link": "https://www.sec.gov/Archives/edgar/data/1064728/000106472816000220/0001064728-16-000220-index.htm",
        "finalLink": "https://www.sec.gov/Archives/edgar/data/1064728/000106472816000220/btu_2016093010q.htm"
    },
    {
        "date": "2016-06-30",
        "symbol": "BTU",
        "reportedCurrency": "USD",
        "cik": "0001064728",
        "fillingDate": "2016-08-08",
        "acceptedDate": "2016-08-08 17:23:26",
        "calendarYear": "2016",
        "period": "Q2",
        "revenue": 1040200000,
        "costOfRevenue": 996200000,
        "grossProfit": 44000000,
        "grossProfitRatio": 0.0422995578,
        "researchAndDevelopmentExpenses": 0,
        "generalAndAdministrativeExpenses": 34200000,
        "sellingAndMarketingExpenses": 0,
        "sellingGeneralAndAdministrativeExpenses": 34200000,
        "otherExpenses": 117500000,
        "operatingExpenses": 134200000,
        "costAndExpenses": 1130400000,
        "interestIncome": 1300000,
        "interestExpense": 59000000,
        "depreciationAndAmortization": 115900000,
        "ebitda": -114900000,
        "ebitdaratio": -0.110459527,
        "operatingIncome": -107700000,
        "operatingIncomeRatio": -0.1035377812,
        "totalOtherIncomeExpensesNet": -153100000,
        "incomeBeforeTax": -260800000,
        "incomeBeforeTaxRatio": -0.2507210152,
        "incomeTaxExpense": -37600000,
        "netIncome": -227900000,
        "netIncomeRatio": -0.2190924822,
        "eps": -12.88,
        "epsdiluted": -12.46,
        "weightedAverageShsOut": 18528455,
        "weightedAverageShsOutDil": 18300000,
        "link": "https://www.sec.gov/Archives/edgar/data/1064728/000106472816000197/0001064728-16-000197-index.htm",
        "finalLink": "https://www.sec.gov/Archives/edgar/data/1064728/000106472816000197/btu_2016063010q.htm"
    },
    {
        "date": "2016-03-31",
        "symbol": "BTU",
        "reportedCurrency": "USD",
        "cik": "0001064728",
        "fillingDate": "2016-05-06",
        "acceptedDate": "2016-05-06 16:43:29",
        "calendarYear": "2016",
        "period": "Q1",
        "revenue": 1027200000,
        "costOfRevenue": 920200000,
        "grossProfit": 107000000,
        "grossProfitRatio": 0.1041666667,
        "researchAndDevelopmentExpenses": 0,
        "generalAndAdministrativeExpenses": 48300000,
        "sellingAndMarketingExpenses": 0,
        "sellingGeneralAndAdministrativeExpenses": 48300000,
        "otherExpenses": 161400000,
        "operatingExpenses": 213400000,
        "costAndExpenses": 1133600000,
        "interestIncome": 1400000,
        "interestExpense": 126200000,
        "depreciationAndAmortization": 111800000,
        "ebitda": 10500000,
        "ebitdaratio": 0.0102219626,
        "operatingIncome": -102700000,
        "operatingIncomeRatio": -0.0999805296,
        "totalOtherIncomeExpensesNet": -124800000,
        "incomeBeforeTax": -227500000,
        "incomeBeforeTaxRatio": -0.2214758567,
        "incomeTaxExpense": -59800000,
        "netIncome": -171100000,
        "netIncomeRatio": -0.1665693146,
        "eps": -9.03,
        "epsdiluted": -9.35,
        "weightedAverageShsOut": 18658669,
        "weightedAverageShsOutDil": 18300000,
        "link": "https://www.sec.gov/Archives/edgar/data/1064728/000106472816000177/0001064728-16-000177-index.htm",
        "finalLink": "https://www.sec.gov/Archives/edgar/data/1064728/000106472816000177/btu_2016033110q.htm"
    },
    {
        "date": "2015-12-31",
        "symbol": "BTU",
        "reportedCurrency": "USD",
        "cik": "0001064728",
        "fillingDate": "2016-03-16",
        "acceptedDate": "2016-03-15 21:04:02",
        "calendarYear": "2015",
        "period": "Q4",
        "revenue": 1313100000,
        "costOfRevenue": 1233300000,
        "grossProfit": 79800000,
        "grossProfitRatio": 0.0607722184,
        "researchAndDevelopmentExpenses": 0,
        "generalAndAdministrativeExpenses": 47600000,
        "sellingAndMarketingExpenses": 0,
        "sellingGeneralAndAdministrativeExpenses": 47600000,
        "otherExpenses": 503000000,
        "operatingExpenses": 550600000,
        "costAndExpenses": 1783800000,
        "interestIncome": 1100000,
        "interestExpense": 121400000,
        "depreciationAndAmortization": 141600000,
        "ebitda": -328100000,
        "ebitdaratio": -0.2498667276,
        "operatingIncome": -470800000,
        "operatingIncomeRatio": -0.3585408575,
        "totalOtherIncomeExpensesNet": -120300000,
        "incomeBeforeTax": -591100000,
        "incomeBeforeTaxRatio": -0.4501561191,
        "incomeTaxExpense": -93200000,
        "netIncome": -438700000,
        "netIncomeRatio": -0.33409489,
        "eps": -28.46,
        "epsdiluted": -28.43,
        "weightedAverageShsOut": 18500000,
        "weightedAverageShsOutDil": 18500000,
        "link": "https://www.sec.gov/Archives/edgar/data/1064728/000106472816000157/0001064728-16-000157-index.htm",
        "finalLink": "https://www.sec.gov/Archives/edgar/data/1064728/000106472816000157/btu-20151231x10k.htm"
    },
    {
        "date": "2015-09-30",
        "symbol": "BTU",
        "reportedCurrency": "USD",
        "cik": "0001064728",
        "fillingDate": "2015-11-09",
        "acceptedDate": "2015-11-09 16:40:27",
        "calendarYear": "2015",
        "period": "Q3",
        "revenue": 1418900000,
        "costOfRevenue": 1254000000,
        "grossProfit": 164900000,
        "grossProfitRatio": 0.1162167877,
        "researchAndDevelopmentExpenses": 0,
        "generalAndAdministrativeExpenses": 37800000,
        "sellingAndMarketingExpenses": 0,
        "sellingGeneralAndAdministrativeExpenses": 37800000,
        "otherExpenses": 147500000,
        "operatingExpenses": 160800000,
        "costAndExpenses": 1414800000,
        "interestIncome": 1400000,
        "interestExpense": 118500000,
        "depreciationAndAmortization": 136000000,
        "ebitda": 117000000,
        "ebitdaratio": 0.0824582423,
        "operatingIncome": -20400000,
        "operatingIncomeRatio": -0.0143773346,
        "totalOtherIncomeExpensesNet": -117100000,
        "incomeBeforeTax": -137500000,
        "incomeBeforeTaxRatio": -0.096906054,
        "incomeTaxExpense": 6900000,
        "netIncome": -304700000,
        "netIncomeRatio": -0.2147438156,
        "eps": -16.51,
        "epsdiluted": -16.74,
        "weightedAverageShsOut": 18451871,
        "weightedAverageShsOutDil": 18200000,
        "link": "https://www.sec.gov/Archives/edgar/data/1064728/000106472815000098/0001064728-15-000098-index.htm",
        "finalLink": "https://www.sec.gov/Archives/edgar/data/1064728/000106472815000098/btu_2015093010q.htm"
    },
    {
        "date": "2015-06-30",
        "symbol": "BTU",
        "reportedCurrency": "USD",
        "cik": "0001064728",
        "fillingDate": "2015-08-07",
        "acceptedDate": "2015-08-07 12:01:36",
        "calendarYear": "2015",
        "period": "Q2",
        "revenue": 1339300000,
        "costOfRevenue": 1198800000,
        "grossProfit": 140500000,
        "grossProfitRatio": 0.1049055477,
        "researchAndDevelopmentExpenses": 0,
        "generalAndAdministrativeExpenses": 41600000,
        "sellingAndMarketingExpenses": 0,
        "sellingGeneralAndAdministrativeExpenses": 41600000,
        "otherExpenses": 1074700000,
        "operatingExpenses": 1116300000,
        "costAndExpenses": 2313600000,
        "interestIncome": 2700000,
        "interestExpense": 118900000,
        "depreciationAndAmortization": 147100000,
        "ebitda": -834300000,
        "ebitdaratio": -0.6229373553,
        "operatingIncome": -975800000,
        "operatingIncomeRatio": -0.7285895617,
        "totalOtherIncomeExpensesNet": -124500000,
        "incomeBeforeTax": -1100300000,
        "incomeBeforeTaxRatio": -0.8215485701,
        "incomeTaxExpense": -93100000,
        "netIncome": -1045300000,
        "netIncomeRatio": -0.7804823415,
        "eps": -56.32,
        "epsdiluted": -56.32,
        "weightedAverageShsOut": 18803741,
        "weightedAverageShsOutDil": 18200000,
        "link": "https://www.sec.gov/Archives/edgar/data/1064728/000106472815000073/0001064728-15-000073-index.htm",
        "finalLink": "https://www.sec.gov/Archives/edgar/data/1064728/000106472815000073/btu_2015063010q.htm"
    },
    {
        "date": "2015-03-31",
        "symbol": "BTU",
        "reportedCurrency": "USD",
        "cik": "0001064728",
        "fillingDate": "2015-05-05",
        "acceptedDate": "2015-05-05 14:30:35",
        "calendarYear": "2015",
        "period": "Q1",
        "revenue": 1537900000,
        "costOfRevenue": 1321600000,
        "grossProfit": 216300000,
        "grossProfitRatio": 0.1406463359,
        "researchAndDevelopmentExpenses": 0,
        "generalAndAdministrativeExpenses": 49400000,
        "sellingAndMarketingExpenses": 0,
        "sellingGeneralAndAdministrativeExpenses": 49400000,
        "otherExpenses": 164700000,
        "operatingExpenses": 197400000,
        "costAndExpenses": 1519000000,
        "interestIncome": 2500000,
        "interestExpense": 106600000,
        "depreciationAndAmortization": 147500000,
        "ebitda": 92700000,
        "ebitdaratio": 0.0602770011,
        "operatingIncome": 2200000,
        "operatingIncomeRatio": 0.0014305221,
        "totalOtherIncomeExpensesNet": -163600000,
        "incomeBeforeTax": -161400000,
        "incomeBeforeTaxRatio": -0.1049483061,
        "incomeTaxExpense": 3000000,
        "netIncome": -176600000,
        "netIncomeRatio": -0.1148319136,
        "eps": -9.54,
        "epsdiluted": -9.54,
        "weightedAverageShsOut": 18955278,
        "weightedAverageShsOutDil": 18000000,
        "link": "https://www.sec.gov/Archives/edgar/data/1064728/000106472815000042/0001064728-15-000042-index.htm",
        "finalLink": "https://www.sec.gov/Archives/edgar/data/1064728/000106472815000042/btu_2015033110q.htm"
    },
    {
        "date": "2014-12-31",
        "symbol": "BTU",
        "reportedCurrency": "USD",
        "cik": "0001064728",
        "fillingDate": "2015-02-25",
        "acceptedDate": "2015-02-25 16:29:09",
        "calendarYear": "2014",
        "period": "Q4",
        "revenue": 1684500000,
        "costOfRevenue": 1401200000,
        "grossProfit": 283300000,
        "grossProfitRatio": 0.168180469,
        "researchAndDevelopmentExpenses": 0,
        "generalAndAdministrativeExpenses": 55500000,
        "sellingAndMarketingExpenses": 0,
        "sellingGeneralAndAdministrativeExpenses": 55500000,
        "otherExpenses": 434800000,
        "operatingExpenses": 261800000,
        "costAndExpenses": 1842500000,
        "interestIncome": 3700000,
        "interestExpense": 105200000,
        "depreciationAndAmortization": 171800000,
        "ebitda": -61900000,
        "ebitdaratio": -0.0367468091,
        "operatingIncome": -207000000,
        "operatingIncomeRatio": -0.1228851291,
        "totalOtherIncomeExpensesNet": -101500000,
        "incomeBeforeTax": -308500000,
        "incomeBeforeTaxRatio": -0.1831403977,
        "incomeTaxExpense": 170300000,
        "netIncome": -514600000,
        "netIncomeRatio": -0.3054912437,
        "eps": -28.41,
        "epsdiluted": -28.41,
        "weightedAverageShsOut": 19108738,
        "weightedAverageShsOutDil": 17880001,
        "link": "https://www.sec.gov/Archives/edgar/data/1064728/000106472815000021/0001064728-15-000021-index.htm",
        "finalLink": "https://www.sec.gov/Archives/edgar/data/1064728/000106472815000021/btu-20141231x10k.htm"
    },
    {
        "date": "2014-09-30",
        "symbol": "BTU",
        "reportedCurrency": "USD",
        "cik": "0001064728",
        "fillingDate": "2014-11-06",
        "acceptedDate": "2014-11-06 16:06:17",
        "calendarYear": "2014",
        "period": "Q3",
        "revenue": 1722900000,
        "costOfRevenue": 1453300000,
        "grossProfit": 269600000,
        "grossProfitRatio": 0.1564803529,
        "researchAndDevelopmentExpenses": 0,
        "generalAndAdministrativeExpenses": 52900000,
        "sellingAndMarketingExpenses": 0,
        "sellingGeneralAndAdministrativeExpenses": 52900000,
        "otherExpenses": 180500000,
        "operatingExpenses": 244800000,
        "costAndExpenses": 1698100000,
        "interestIncome": 3700000,
        "interestExpense": 114500000,
        "depreciationAndAmortization": 163600000,
        "ebitda": 203500000,
        "ebitdaratio": 0.1181148064,
        "operatingIncome": 36200000,
        "operatingIncomeRatio": 0.021011086,
        "totalOtherIncomeExpensesNet": -110800000,
        "incomeBeforeTax": -74600000,
        "incomeBeforeTaxRatio": -0.0432990887,
        "incomeTaxExpense": 79400000,
        "netIncome": -150600000,
        "netIncomeRatio": -0.0874107609,
        "eps": -8.32,
        "epsdiluted": -8.32,
        "weightedAverageShsOut": 17270642,
        "weightedAverageShsOutDil": 17900000,
        "link": "https://www.sec.gov/Archives/edgar/data/1064728/000106472814000119/0001064728-14-000119-index.htm",
        "finalLink": "https://www.sec.gov/Archives/edgar/data/1064728/000106472814000119/btu_2014093010q.htm"
    },
    {
        "date": "2014-06-30",
        "symbol": "BTU",
        "reportedCurrency": "USD",
        "cik": "0001064728",
        "fillingDate": "2014-08-08",
        "acceptedDate": "2014-08-08 10:37:02",
        "calendarYear": "2014",
        "period": "Q2",
        "revenue": 1758000000,
        "costOfRevenue": 1467600000,
        "grossProfit": 290400000,
        "grossProfitRatio": 0.1651877133,
        "researchAndDevelopmentExpenses": 0,
        "generalAndAdministrativeExpenses": 59200000,
        "sellingAndMarketingExpenses": 0,
        "sellingGeneralAndAdministrativeExpenses": 59200000,
        "otherExpenses": 198400000,
        "operatingExpenses": 257800000,
        "costAndExpenses": 1725400000,
        "interestIncome": 4400000,
        "interestExpense": 103600000,
        "depreciationAndAmortization": 163100000,
        "ebitda": 200300000,
        "ebitdaratio": 0.1139362912,
        "operatingIncome": 32800000,
        "operatingIncomeRatio": 0.0186575654,
        "totalOtherIncomeExpensesNet": -100800000,
        "incomeBeforeTax": -68000000,
        "incomeBeforeTaxRatio": -0.0386803185,
        "incomeTaxExpense": 4000000,
        "netIncome": -73300000,
        "netIncomeRatio": -0.0416951081,
        "eps": -4.05,
        "epsdiluted": -4.05,
        "weightedAverageShsOut": 17388428,
        "weightedAverageShsOutDil": 17866668,
        "link": "https://www.sec.gov/Archives/edgar/data/1064728/000106472814000101/0001064728-14-000101-index.htm",
        "finalLink": "https://www.sec.gov/Archives/edgar/data/1064728/000106472814000101/btu_2014063010q.htm"
    },
    {
        "date": "2014-03-31",
        "symbol": "BTU",
        "reportedCurrency": "USD",
        "cik": "0001064728",
        "fillingDate": "2014-05-12",
        "acceptedDate": "2014-05-12 11:14:10",
        "calendarYear": "2014",
        "period": "Q1",
        "revenue": 1626800000,
        "costOfRevenue": 1394800000,
        "grossProfit": 232000000,
        "grossProfitRatio": 0.1426112614,
        "researchAndDevelopmentExpenses": 0,
        "generalAndAdministrativeExpenses": 59500000,
        "sellingAndMarketingExpenses": 0,
        "sellingGeneralAndAdministrativeExpenses": 59500000,
        "otherExpenses": 169600000,
        "operatingExpenses": 223700000,
        "costAndExpenses": 1602900000,
        "interestIncome": 3600000,
        "interestExpense": 103300000,
        "depreciationAndAmortization": 157200000,
        "ebitda": 163700000,
        "ebitdaratio": 0.1006269978,
        "operatingIncome": 2900000,
        "operatingIncomeRatio": 0.0017826408,
        "totalOtherIncomeExpensesNet": -99700000,
        "incomeBeforeTax": -96800000,
        "incomeBeforeTaxRatio": -0.0595033194,
        "incomeTaxExpense": -52500000,
        "netIncome": -48500000,
        "netIncomeRatio": -0.0298131301,
        "eps": -2.68,
        "epsdiluted": -2.68,
        "weightedAverageShsOut": 17707295,
        "weightedAverageShsOutDil": 17853334,
        "link": "https://www.sec.gov/Archives/edgar/data/1064728/000106472814000054/0001064728-14-000054-index.htm",
        "finalLink": "https://www.sec.gov/Archives/edgar/data/1064728/000106472814000054/btu_2014033110q.htm"
    },
    {
        "date": "2013-12-31",
        "symbol": "BTU",
        "reportedCurrency": "USD",
        "cik": "0001064728",
        "fillingDate": "2014-02-21",
        "acceptedDate": "2014-02-21 15:32:17",
        "calendarYear": "2013",
        "period": "Q4",
        "revenue": 1742800000,
        "costOfRevenue": 1477400000,
        "grossProfit": 265400000,
        "grossProfitRatio": 0.1522836814,
        "researchAndDevelopmentExpenses": 0,
        "generalAndAdministrativeExpenses": 65000000,
        "sellingAndMarketingExpenses": 0,
        "sellingGeneralAndAdministrativeExpenses": 65000000,
        "otherExpenses": 752600000,
        "operatingExpenses": 817600000,
        "costAndExpenses": 2317800000,
        "interestIncome": 4500000,
        "interestExpense": 102100000,
        "depreciationAndAmortization": 197500000,
        "ebitda": -350200000,
        "ebitdaratio": -0.2009410145,
        "operatingIncome": -552200000,
        "operatingIncomeRatio": -0.316846454,
        "totalOtherIncomeExpensesNet": -97600000,
        "incomeBeforeTax": -649800000,
        "incomeBeforeTaxRatio": -0.3728482901,
        "incomeTaxExpense": -248700000,
        "netIncome": -565700000,
        "netIncomeRatio": -0.3245926096,
        "eps": -31.42,
        "epsdiluted": -31.42,
        "weightedAverageShsOut": 24820200,
        "weightedAverageShsOutDil": 17820001,
        "link": "https://www.sec.gov/Archives/edgar/data/1064728/000106472814000015/0001064728-14-000015-index.htm",
        "finalLink": "https://www.sec.gov/Archives/edgar/data/1064728/000106472814000015/btu-2013123110k.htm"
    },
    {
        "date": "2013-09-30",
        "symbol": "BTU",
        "reportedCurrency": "USD",
        "cik": "0001064728",
        "fillingDate": "2013-11-08",
        "acceptedDate": "2013-11-08 10:43:44",
        "calendarYear": "2013",
        "period": "Q3",
        "revenue": 1797600000,
        "costOfRevenue": 1432100000,
        "grossProfit": 365500000,
        "grossProfitRatio": 0.2033266578,
        "researchAndDevelopmentExpenses": 0,
        "generalAndAdministrativeExpenses": 55000000,
        "sellingAndMarketingExpenses": 0,
        "sellingGeneralAndAdministrativeExpenses": 55000000,
        "otherExpenses": 198300000,
        "operatingExpenses": 253300000,
        "costAndExpenses": 1647600000,
        "interestIncome": 4200000,
        "interestExpense": 111000000,
        "depreciationAndAmortization": 186400000,
        "ebitda": 302800000,
        "ebitdaratio": 0.168446818,
        "operatingIncome": 112200000,
        "operatingIncomeRatio": 0.0624165554,
        "totalOtherIncomeExpensesNet": -106800000,
        "incomeBeforeTax": 5400000,
        "incomeBeforeTaxRatio": 0.0030040053,
        "incomeTaxExpense": -18600000,
        "netIncome": -26100000,
        "netIncomeRatio": -0.0145193591,
        "eps": -1.45,
        "epsdiluted": -1.45,
        "weightedAverageShsOut": 29000032,
        "weightedAverageShsOutDil": 17846668,
        "link": "https://www.sec.gov/Archives/edgar/data/1064728/000106472813000119/0001064728-13-000119-index.htm",
        "finalLink": "https://www.sec.gov/Archives/edgar/data/1064728/000106472813000119/btu_2013093010q.htm"
    },
    {
        "date": "2013-06-30",
        "symbol": "BTU",
        "reportedCurrency": "USD",
        "cik": "0001064728",
        "fillingDate": "2013-08-08",
        "acceptedDate": "2013-08-08 16:27:56",
        "calendarYear": "2013",
        "period": "Q2",
        "revenue": 1725300000,
        "costOfRevenue": 1437200000,
        "grossProfit": 288100000,
        "grossProfitRatio": 0.1669854518,
        "researchAndDevelopmentExpenses": 0,
        "generalAndAdministrativeExpenses": 64000000,
        "sellingAndMarketingExpenses": 0,
        "sellingGeneralAndAdministrativeExpenses": 64000000,
        "otherExpenses": 197700000,
        "operatingExpenses": 256600000,
        "costAndExpenses": 1673200000,
        "interestIncome": 1100000,
        "interestExpense": 110800000,
        "depreciationAndAmortization": 185700000,
        "ebitda": 213200000,
        "ebitdaratio": 0.123572712,
        "operatingIncome": 26400000,
        "operatingIncomeRatio": 0.0153016867,
        "totalOtherIncomeExpensesNet": -109700000,
        "incomeBeforeTax": -83300000,
        "incomeBeforeTaxRatio": -0.0482814583,
        "incomeTaxExpense": -184700000,
        "netIncome": 90300000,
        "netIncomeRatio": 0.0523387237,
        "eps": 5.02,
        "epsdiluted": 0.33,
        "weightedAverageShsOut": 17993423,
        "weightedAverageShsOutDil": 17833334,
        "link": "https://www.sec.gov/Archives/edgar/data/1064728/000106472813000076/0001064728-13-000076-index.htm",
        "finalLink": "https://www.sec.gov/Archives/edgar/data/1064728/000106472813000076/btu_2013063010q.htm"
    },
    {
        "date": "2013-03-31",
        "symbol": "BTU",
        "reportedCurrency": "USD",
        "cik": "0001064728",
        "fillingDate": "2013-05-08",
        "acceptedDate": "2013-05-08 12:24:49",
        "calendarYear": "2013",
        "period": "Q1",
        "revenue": 1748000000,
        "costOfRevenue": 1389400000,
        "grossProfit": 358600000,
        "grossProfitRatio": 0.2051487414,
        "researchAndDevelopmentExpenses": 0,
        "generalAndAdministrativeExpenses": 65100000,
        "sellingAndMarketingExpenses": 0,
        "sellingGeneralAndAdministrativeExpenses": 65100000,
        "otherExpenses": 204700000,
        "operatingExpenses": 244500000,
        "costAndExpenses": 1633900000,
        "interestIncome": 5900000,
        "interestExpense": 101300000,
        "depreciationAndAmortization": 170700000,
        "ebitda": 265400000,
        "ebitdaratio": 0.1518306636,
        "operatingIncome": 88800000,
        "operatingIncomeRatio": 0.0508009153,
        "totalOtherIncomeExpensesNet": -95400000,
        "incomeBeforeTax": -6600000,
        "incomeBeforeTaxRatio": -0.0037757437,
        "incomeTaxExpense": 3700000,
        "netIncome": -23400000,
        "netIncomeRatio": -0.0133867277,
        "eps": -1.3,
        "epsdiluted": -1.3,
        "weightedAverageShsOut": 17793354,
        "weightedAverageShsOutDil": 17793334,
        "link": "https://www.sec.gov/Archives/edgar/data/1064728/000106472813000044/0001064728-13-000044-index.htm",
        "finalLink": "https://www.sec.gov/Archives/edgar/data/1064728/000106472813000044/btu_2013033110q.htm"
    },
    {
        "date": "2012-12-31",
        "symbol": "BTU",
        "reportedCurrency": "USD",
        "cik": "0001064728",
        "fillingDate": "2013-02-25",
        "acceptedDate": "2013-02-25 15:03:00",
        "calendarYear": "2012",
        "period": "Q4",
        "revenue": 2016900000,
        "costOfRevenue": 1543600000,
        "grossProfit": 473300000,
        "grossProfitRatio": 0.2346670633,
        "researchAndDevelopmentExpenses": 0,
        "generalAndAdministrativeExpenses": 66400000,
        "sellingAndMarketingExpenses": 0,
        "sellingGeneralAndAdministrativeExpenses": 66400000,
        "otherExpenses": 1136600000,
        "operatingExpenses": 272800000,
        "costAndExpenses": 2738900000,
        "interestIncome": 4800000,
        "interestExpense": 97300000,
        "depreciationAndAmortization": 192700000,
        "ebitda": -624700000,
        "ebitdaratio": -0.3097327582,
        "operatingIncome": -722100000,
        "operatingIncomeRatio": -0.3580246914,
        "totalOtherIncomeExpensesNet": -92400000,
        "incomeBeforeTax": -814500000,
        "incomeBeforeTaxRatio": -0.4038375725,
        "incomeTaxExpense": 176800000,
        "netIncome": -1006000000,
        "netIncomeRatio": -0.4987852645,
        "eps": -56.18,
        "epsdiluted": -56.18,
        "weightedAverageShsOut": 17753334,
        "weightedAverageShsOutDil": 17753334,
        "link": "https://www.sec.gov/Archives/edgar/data/1064728/000106472813000014/0001064728-13-000014-index.htm",
        "finalLink": "https://www.sec.gov/Archives/edgar/data/1064728/000106472813000014/btu_2012123110k.htm"
    },
    {
        "date": "2012-09-30",
        "symbol": "BTU",
        "reportedCurrency": "USD",
        "cik": "0001064728",
        "fillingDate": "2012-11-07",
        "acceptedDate": "2012-11-07 12:37:45",
        "calendarYear": "2012",
        "period": "Q3",
        "revenue": 2058800000,
        "costOfRevenue": 1509000000,
        "grossProfit": 549800000,
        "grossProfitRatio": 0.2670487663,
        "researchAndDevelopmentExpenses": 0,
        "generalAndAdministrativeExpenses": 68700000,
        "sellingAndMarketingExpenses": 0,
        "sellingGeneralAndAdministrativeExpenses": 68700000,
        "otherExpenses": 222300000,
        "operatingExpenses": 291000000,
        "costAndExpenses": 1792300000,
        "interestIncome": 5100000,
        "interestExpense": 99400000,
        "depreciationAndAmortization": 172500000,
        "ebitda": 444100000,
        "ebitdaratio": 0.2157081795,
        "operatingIncome": 266500000,
        "operatingIncomeRatio": 0.1294443365,
        "totalOtherIncomeExpensesNet": -94300000,
        "incomeBeforeTax": 172200000,
        "incomeBeforeTaxRatio": 0.0836409559,
        "incomeTaxExpense": 49300000,
        "netIncome": 42900000,
        "netIncomeRatio": 0.020837381,
        "eps": 2.4,
        "epsdiluted": 0.16,
        "weightedAverageShsOut": 17971017,
        "weightedAverageShsOutDil": 268900000,
        "link": "https://www.sec.gov/Archives/edgar/data/1064728/000106472812000079/0001064728-12-000079-index.htm",
        "finalLink": "https://www.sec.gov/Archives/edgar/data/1064728/000106472812000079/btu_2012093010q.htm"
    },
    {
        "date": "2012-06-30",
        "symbol": "BTU",
        "reportedCurrency": "USD",
        "cik": "0001064728",
        "fillingDate": "2012-08-03",
        "acceptedDate": "2012-08-03 10:32:15",
        "calendarYear": "2012",
        "period": "Q2",
        "revenue": 1998200000,
        "costOfRevenue": 1479800000,
        "grossProfit": 518400000,
        "grossProfitRatio": 0.2594334901,
        "researchAndDevelopmentExpenses": 0,
        "generalAndAdministrativeExpenses": 62700000,
        "sellingAndMarketingExpenses": 0,
        "sellingGeneralAndAdministrativeExpenses": 62700000,
        "otherExpenses": 175700000,
        "operatingExpenses": 237300000,
        "costAndExpenses": 1717100000,
        "interestIncome": 6500000,
        "interestExpense": 106900000,
        "depreciationAndAmortization": 155300000,
        "ebitda": 438500000,
        "ebitdaratio": 0.2194475028,
        "operatingIncome": 277900000,
        "operatingIncomeRatio": 0.1390751677,
        "totalOtherIncomeExpensesNet": -101600000,
        "incomeBeforeTax": 176300000,
        "incomeBeforeTaxRatio": 0.0882294065,
        "incomeTaxExpense": -38200000,
        "netIncome": 204700000,
        "netIncomeRatio": 0.102442198,
        "eps": 11.44,
        "epsdiluted": 0.75,
        "weightedAverageShsOut": 17886756,
        "weightedAverageShsOutDil": 269800000,
        "link": "https://www.sec.gov/Archives/edgar/data/1064728/000106472812000059/0001064728-12-000059-index.htm",
        "finalLink": "https://www.sec.gov/Archives/edgar/data/1064728/000106472812000059/btu_2012063010q.htm"
    },
    {
        "date": "2012-03-31",
        "symbol": "BTU",
        "reportedCurrency": "USD",
        "cik": "0001064728",
        "fillingDate": "2012-05-04",
        "acceptedDate": "2012-05-04 15:12:11",
        "calendarYear": "2012",
        "period": "Q1",
        "revenue": 2020700000,
        "costOfRevenue": 1438600000,
        "grossProfit": 582100000,
        "grossProfitRatio": 0.2880684911,
        "researchAndDevelopmentExpenses": 0,
        "generalAndAdministrativeExpenses": 71000000,
        "sellingAndMarketingExpenses": 0,
        "sellingGeneralAndAdministrativeExpenses": 71000000,
        "otherExpenses": 176600000,
        "operatingExpenses": 231100000,
        "costAndExpenses": 1669400000,
        "interestIncome": 8100000,
        "interestExpense": 102000000,
        "depreciationAndAmortization": 142900000,
        "ebitda": 503200000,
        "ebitdaratio": 0.2490226159,
        "operatingIncome": 351300000,
        "operatingIncomeRatio": 0.1738506458,
        "totalOtherIncomeExpensesNet": -93900000,
        "incomeBeforeTax": 257400000,
        "incomeBeforeTaxRatio": 0.1273816004,
        "incomeTaxExpense": 74400000,
        "netIncome": 172700000,
        "netIncomeRatio": 0.0854654328,
        "eps": 9.51,
        "epsdiluted": 0.63,
        "weightedAverageShsOut": 18153424,
        "weightedAverageShsOutDil": 270900000,
        "link": "https://www.sec.gov/Archives/edgar/data/1064728/000106472812000034/0001064728-12-000034-index.htm",
        "finalLink": "https://www.sec.gov/Archives/edgar/data/1064728/000106472812000034/btu_2012033110q.htm"
    },
    {
        "date": "2011-12-31",
        "symbol": "BTU",
        "reportedCurrency": "USD",
        "cik": "0001064728",
        "fillingDate": "2012-02-27",
        "acceptedDate": "2012-02-27 12:31:55",
        "calendarYear": "2011",
        "period": "Q4",
        "revenue": 2185600000,
        "costOfRevenue": 1430300000,
        "grossProfit": 755300000,
        "grossProfitRatio": 0.3455801611,
        "researchAndDevelopmentExpenses": 0,
        "generalAndAdministrativeExpenses": 32900000,
        "sellingAndMarketingExpenses": 0,
        "sellingGeneralAndAdministrativeExpenses": 32900000,
        "otherExpenses": 257400000,
        "operatingExpenses": 231400000,
        "costAndExpenses": 1720600000,
        "interestIncome": 7200000,
        "interestExpense": 79300000,
        "depreciationAndAmortization": 154400000,
        "ebitda": 626600000,
        "ebitdaratio": 0.2866947291,
        "operatingIncome": 465000000,
        "operatingIncomeRatio": 0.2127562225,
        "totalOtherIncomeExpensesNet": -72100000,
        "incomeBeforeTax": 392900000,
        "incomeBeforeTaxRatio": 0.1797675695,
        "incomeTaxExpense": 138500000,
        "netIncome": 210900000,
        "netIncomeRatio": 0.0964952416,
        "eps": 12.25,
        "epsdiluted": 0.82,
        "weightedAverageShsOut": 18153424,
        "weightedAverageShsOutDil": 270900000,
        "link": "https://www.sec.gov/Archives/edgar/data/1064728/000106472812000020/0001064728-12-000020-index.htm",
        "finalLink": "https://www.sec.gov/Archives/edgar/data/1064728/000106472812000020/btu-20111231x10k.htm"
    },
    {
        "date": "2011-09-30",
        "symbol": "BTU",
        "reportedCurrency": "USD",
        "cik": "0001064728",
        "fillingDate": "2011-11-04",
        "acceptedDate": "2011-11-04 15:56:53",
        "calendarYear": "2011",
        "period": "Q3",
        "revenue": 2035900000,
        "costOfRevenue": 1458800000,
        "grossProfit": 577100000,
        "grossProfitRatio": 0.2834618596,
        "researchAndDevelopmentExpenses": 0,
        "generalAndAdministrativeExpenses": 71200000,
        "sellingAndMarketingExpenses": 0,
        "sellingGeneralAndAdministrativeExpenses": 71200000,
        "otherExpenses": 124500000,
        "operatingExpenses": 199900000,
        "costAndExpenses": 1658700000,
        "interestIncome": 4100000,
        "interestExpense": 59200000,
        "depreciationAndAmortization": 113700000,
        "ebitda": 498000000,
        "ebitdaratio": 0.2446092637,
        "operatingIncome": 385500000,
        "operatingIncomeRatio": 0.1893511469,
        "totalOtherIncomeExpensesNet": -55100000,
        "incomeBeforeTax": 330400000,
        "incomeBeforeTaxRatio": 0.1622869493,
        "incomeTaxExpense": 39200000,
        "netIncome": 274100000,
        "netIncomeRatio": 0.1346333317,
        "eps": 15.18,
        "epsdiluted": 1,
        "weightedAverageShsOut": 18054655,
        "weightedAverageShsOutDil": 270600000,
        "link": "https://www.sec.gov/Archives/edgar/data/1064728/000106472811000019/0001064728-11-000019-index.htm",
        "finalLink": "https://www.sec.gov/Archives/edgar/data/1064728/000106472811000019/btu201193010q.htm"
    },
    {
        "date": "2011-06-30",
        "symbol": "BTU",
        "reportedCurrency": "USD",
        "cik": "0001064728",
        "fillingDate": "2011-08-05",
        "acceptedDate": "2011-08-05 14:53:46",
        "calendarYear": "2011",
        "period": "Q2",
        "revenue": 2008000000,
        "costOfRevenue": 1392800000,
        "grossProfit": 615200000,
        "grossProfitRatio": 0.306374502,
        "researchAndDevelopmentExpenses": 0,
        "generalAndAdministrativeExpenses": 58600000,
        "sellingAndMarketingExpenses": 15800000,
        "sellingGeneralAndAdministrativeExpenses": 74400000,
        "otherExpenses": 96900000,
        "operatingExpenses": 155500000,
        "costAndExpenses": 1501200000,
        "interestIncome": 3500000,
        "interestExpense": 48900000,
        "depreciationAndAmortization": 104100000,
        "ebitda": 586900000,
        "ebitdaratio": 0.2922808765,
        "operatingIncome": 479300000,
        "operatingIncomeRatio": 0.2386952191,
        "totalOtherIncomeExpensesNet": -45400000,
        "incomeBeforeTax": 433900000,
        "incomeBeforeTaxRatio": 0.2160856574,
        "incomeTaxExpense": 126100000,
        "netIncome": 284800000,
        "netIncomeRatio": 0.1418326693,
        "eps": 15.77,
        "epsdiluted": 1.05,
        "weightedAverageShsOut": 18055407,
        "weightedAverageShsOutDil": 270500000,
        "link": "https://www.sec.gov/Archives/edgar/data/1064728/000095012311073576/0000950123-11-073576-index.htm",
        "finalLink": "https://www.sec.gov/Archives/edgar/data/1064728/000095012311073576/c64710e10vq.htm"
    },
    {
        "date": "2011-03-31",
        "symbol": "BTU",
        "reportedCurrency": "USD",
        "cik": "0001064728",
        "fillingDate": "2011-05-06",
        "acceptedDate": "2011-05-06 17:15:49",
        "calendarYear": "2011",
        "period": "Q1",
        "revenue": 1744900000,
        "costOfRevenue": 1268100000,
        "grossProfit": 476800000,
        "grossProfitRatio": 0.2732534816,
        "researchAndDevelopmentExpenses": 0,
        "generalAndAdministrativeExpenses": 61600000,
        "sellingAndMarketingExpenses": 13100000,
        "sellingGeneralAndAdministrativeExpenses": 74700000,
        "otherExpenses": 120000000,
        "operatingExpenses": 181600000,
        "costAndExpenses": 1450600000,
        "interestIncome": 4100000,
        "interestExpense": 51000000,
        "depreciationAndAmortization": 107700000,
        "ebitda": 426100000,
        "ebitdaratio": 0.2441973752,
        "operatingIncome": 314300000,
        "operatingIncomeRatio": 0.1801249355,
        "totalOtherIncomeExpensesNet": -46900000,
        "incomeBeforeTax": 267400000,
        "incomeBeforeTaxRatio": 0.1532466044,
        "incomeTaxExpense": 72800000,
        "netIncome": 176500000,
        "netIncomeRatio": 0.1011519285,
        "eps": 9.78,
        "epsdiluted": 0.65,
        "weightedAverageShsOut": 18045259,
        "weightedAverageShsOutDil": 272800000,
        "link": "https://www.sec.gov/Archives/edgar/data/1064728/000095012311046744/0000950123-11-046744-index.htm",
        "finalLink": "https://www.sec.gov/Archives/edgar/data/1064728/000095012311046744/c63517e10vq.htm"
    },
    {
        "date": "2010-12-31",
        "symbol": "BTU",
        "reportedCurrency": "USD",
        "cik": "0001064728",
        "fillingDate": "2011-02-28",
        "acceptedDate": "2011-02-28 11:25:23",
        "calendarYear": "2010",
        "period": "Q4",
        "revenue": 1818300000,
        "costOfRevenue": 1314300000,
        "grossProfit": 504000000,
        "grossProfitRatio": 0.2771819832,
        "researchAndDevelopmentExpenses": 0,
        "generalAndAdministrativeExpenses": 117100000,
        "sellingAndMarketingExpenses": 0,
        "sellingGeneralAndAdministrativeExpenses": 117100000,
        "otherExpenses": 72500000,
        "operatingExpenses": 189600000,
        "costAndExpenses": 1503900000,
        "interestIncome": 4200000,
        "interestExpense": 52000000,
        "depreciationAndAmortization": 113600000,
        "ebitda": 432200000,
        "ebitdaratio": 0.2376945499,
        "operatingIncome": 314400000,
        "operatingIncomeRatio": 0.1729087609,
        "totalOtherIncomeExpensesNet": -47800000,
        "incomeBeforeTax": 266600000,
        "incomeBeforeTaxRatio": 0.1466204697,
        "incomeTaxExpense": 50900000,
        "netIncome": 210000000,
        "netIncomeRatio": 0.115492493,
        "eps": 11.64,
        "epsdiluted": 0.77,
        "weightedAverageShsOut": 18045259,
        "weightedAverageShsOutDil": 272800000,
        "link": "https://www.sec.gov/Archives/edgar/data/1064728/000095012311019465/0000950123-11-019465-index.htm",
        "finalLink": "https://www.sec.gov/Archives/edgar/data/1064728/000095012311019465/c61476e10vk.htm"
    },
    {
        "date": "2010-09-30",
        "symbol": "BTU",
        "reportedCurrency": "USD",
        "cik": "0001064728",
        "fillingDate": "2010-11-05",
        "acceptedDate": "2010-11-05 12:24:14",
        "calendarYear": "2010",
        "period": "Q3",
        "revenue": 1864700000,
        "costOfRevenue": 1243300000,
        "grossProfit": 621400000,
        "grossProfitRatio": 0.3332439535,
        "researchAndDevelopmentExpenses": 0,
        "generalAndAdministrativeExpenses": 64000000,
        "sellingAndMarketingExpenses": -4000000,
        "sellingGeneralAndAdministrativeExpenses": 60000000,
        "otherExpenses": 116700000,
        "operatingExpenses": 176700000,
        "costAndExpenses": 1420000000,
        "interestIncome": 2800000,
        "interestExpense": 62200000,
        "depreciationAndAmortization": 116700000,
        "ebitda": 564200000,
        "ebitdaratio": 0.3025687778,
        "operatingIncome": 444700000,
        "operatingIncomeRatio": 0.2384834022,
        "totalOtherIncomeExpensesNet": -59400000,
        "incomeBeforeTax": 385300000,
        "incomeBeforeTaxRatio": 0.2066284121,
        "incomeTaxExpense": 147700000,
        "netIncome": 224100000,
        "netIncomeRatio": 0.1201801898,
        "eps": 12.47,
        "epsdiluted": 0.83,
        "weightedAverageShsOut": 17973423,
        "weightedAverageShsOutDil": 268600000,
        "link": "https://www.sec.gov/Archives/edgar/data/1064728/000095012310101488/0000950123-10-101488-index.htm",
        "finalLink": "https://www.sec.gov/Archives/edgar/data/1064728/000095012310101488/c60142e10vq.htm"
    },
    {
        "date": "2010-06-30",
        "symbol": "BTU",
        "reportedCurrency": "USD",
        "cik": "0001064728",
        "fillingDate": "2010-08-06",
        "acceptedDate": "2010-08-06 11:55:52",
        "calendarYear": "2010",
        "period": "Q2",
        "revenue": 1661400000,
        "costOfRevenue": 1174700000,
        "grossProfit": 486700000,
        "grossProfitRatio": 0.2929457084,
        "researchAndDevelopmentExpenses": 0,
        "generalAndAdministrativeExpenses": 54100000,
        "sellingAndMarketingExpenses": 10900000,
        "sellingGeneralAndAdministrativeExpenses": 65000000,
        "otherExpenses": 97300000,
        "operatingExpenses": 162300000,
        "costAndExpenses": 1337000000,
        "interestIncome": 1600000,
        "interestExpense": 57900000,
        "depreciationAndAmortization": 105100000,
        "ebitda": 431100000,
        "ebitdaratio": 0.2594799567,
        "operatingIncome": 324400000,
        "operatingIncomeRatio": 0.1952570122,
        "totalOtherIncomeExpensesNet": -56300000,
        "incomeBeforeTax": 268100000,
        "incomeBeforeTaxRatio": 0.161369929,
        "incomeTaxExpense": 53400000,
        "netIncome": 206200000,
        "netIncomeRatio": 0.1241121945,
        "eps": 0.76,
        "epsdiluted": 0.76,
        "weightedAverageShsOut": 268300000,
        "weightedAverageShsOutDil": 268300000,
        "link": "https://www.sec.gov/Archives/edgar/data/1064728/000095012310073991/0000950123-10-073991-index.htm",
        "finalLink": "https://www.sec.gov/Archives/edgar/data/1064728/000095012310073991/c58606e10vq.htm"
    },
    {
        "date": "2010-03-31",
        "symbol": "BTU",
        "reportedCurrency": "USD",
        "cik": "0001064728",
        "fillingDate": "2010-05-07",
        "acceptedDate": "2010-05-07 17:27:48",
        "calendarYear": "2010",
        "period": "Q1",
        "revenue": 1515600000,
        "costOfRevenue": 1108700000,
        "grossProfit": 406900000,
        "grossProfitRatio": 0.2684745315,
        "researchAndDevelopmentExpenses": 0,
        "generalAndAdministrativeExpenses": 55400000,
        "sellingAndMarketingExpenses": 0,
        "sellingGeneralAndAdministrativeExpenses": 55400000,
        "otherExpenses": 99800000,
        "operatingExpenses": 155200000,
        "costAndExpenses": 1263900000,
        "interestIncome": 1000000,
        "interestExpense": 50000000,
        "depreciationAndAmortization": 105500000,
        "ebitda": 348700000,
        "ebitdaratio": 0.2300738981,
        "operatingIncome": 242200000,
        "operatingIncomeRatio": 0.1598046978,
        "totalOtherIncomeExpensesNet": -49000000,
        "incomeBeforeTax": 193200000,
        "incomeBeforeTaxRatio": 0.1274742676,
        "incomeTaxExpense": 56100000,
        "netIncome": 133700000,
        "netIncomeRatio": 0.0882158881,
        "eps": 0.5,
        "epsdiluted": 0.5,
        "weightedAverageShsOut": 267900000,
        "weightedAverageShsOutDil": 268200000,
        "link": "https://www.sec.gov/Archives/edgar/data/1064728/000095012310046563/0000950123-10-046563-index.htm",
        "finalLink": "https://www.sec.gov/Archives/edgar/data/1064728/000095012310046563/c57452e10vq.htm"
    },
    {
        "date": "2009-12-31",
        "symbol": "BTU",
        "reportedCurrency": "USD",
        "cik": "0001064728",
        "fillingDate": "2010-02-24",
        "acceptedDate": "2010-02-24 17:14:10",
        "calendarYear": "2009",
        "period": "Q4",
        "revenue": 1554200000,
        "costOfRevenue": 1157500000,
        "grossProfit": 396700000,
        "grossProfitRatio": 0.2552438554,
        "researchAndDevelopmentExpenses": 0,
        "generalAndAdministrativeExpenses": 100000000,
        "sellingAndMarketingExpenses": 0,
        "sellingGeneralAndAdministrativeExpenses": 100000000,
        "otherExpenses": 107300000,
        "operatingExpenses": 207300000,
        "costAndExpenses": 1357200000,
        "interestIncome": 1900000,
        "interestExpense": 49600000,
        "depreciationAndAmortization": 99700000,
        "ebitda": 291000000,
        "ebitdaratio": 0.1872345901,
        "operatingIncome": 189400000,
        "operatingIncomeRatio": 0.1218633381,
        "totalOtherIncomeExpensesNet": -47700000,
        "incomeBeforeTax": 141700000,
        "incomeBeforeTaxRatio": 0.0911723073,
        "incomeTaxExpense": 28200000,
        "netIncome": 92200000,
        "netIncomeRatio": 0.0593231244,
        "eps": 5.15,
        "epsdiluted": 0.34,
        "weightedAverageShsOut": 268200000,
        "weightedAverageShsOutDil": 268200000,
        "link": "https://www.sec.gov/Archives/edgar/data/1064728/000095012310016425/0000950123-10-016425-index.htm",
        "finalLink": "https://www.sec.gov/Archives/edgar/data/1064728/000095012310016425/c55100e10vk.htm"
    },
    {
        "date": "2009-09-30",
        "symbol": "BTU",
        "reportedCurrency": "USD",
        "cik": "0001064728",
        "fillingDate": "2009-11-06",
        "acceptedDate": "2009-11-06 11:05:50",
        "calendarYear": "2009",
        "period": "Q3",
        "revenue": 1667000000,
        "costOfRevenue": 1261400000,
        "grossProfit": 405600000,
        "grossProfitRatio": 0.2433113377,
        "researchAndDevelopmentExpenses": 0,
        "generalAndAdministrativeExpenses": 55300000,
        "sellingAndMarketingExpenses": 0,
        "sellingGeneralAndAdministrativeExpenses": 55300000,
        "otherExpenses": 130000000,
        "operatingExpenses": 184200000,
        "costAndExpenses": 1446700000,
        "interestIncome": 2200000,
        "interestExpense": 52300000,
        "depreciationAndAmortization": 108000000,
        "ebitda": 330500000,
        "ebitdaratio": 0.1982603479,
        "operatingIncome": 220300000,
        "operatingIncomeRatio": 0.1321535693,
        "totalOtherIncomeExpensesNet": -50100000,
        "incomeBeforeTax": 170200000,
        "incomeBeforeTaxRatio": 0.1020995801,
        "incomeTaxExpense": 57000000,
        "netIncome": 106800000,
        "netIncomeRatio": 0.0640671866,
        "eps": 5.98,
        "epsdiluted": 0.4,
        "weightedAverageShsOut": 265305755,
        "weightedAverageShsOutDil": 265305755,
        "link": "https://www.sec.gov/Archives/edgar/data/1064728/000095012309058979/0000950123-09-058979-index.htm",
        "finalLink": "https://www.sec.gov/Archives/edgar/data/1064728/000095012309058979/c54466e10vq.htm"
    },
    {
        "date": "2009-06-30",
        "symbol": "BTU",
        "reportedCurrency": "USD",
        "cik": "0001064728",
        "fillingDate": "2009-08-07",
        "acceptedDate": "2009-08-07 11:38:14",
        "calendarYear": "2009",
        "period": "Q2",
        "revenue": 1338200000,
        "costOfRevenue": 974500000,
        "grossProfit": 363700000,
        "grossProfitRatio": 0.2717829921,
        "researchAndDevelopmentExpenses": 0,
        "generalAndAdministrativeExpenses": 56000000,
        "sellingAndMarketingExpenses": -9700000,
        "sellingGeneralAndAdministrativeExpenses": 46300000,
        "otherExpenses": 107300000,
        "operatingExpenses": 152900000,
        "costAndExpenses": 1122800000,
        "interestIncome": 1200000,
        "interestExpense": 48200000,
        "depreciationAndAmortization": 101200000,
        "ebitda": 317800000,
        "ebitdaratio": 0.2374831864,
        "operatingIncome": 215400000,
        "operatingIncomeRatio": 0.1609624869,
        "totalOtherIncomeExpensesNet": -47000000,
        "incomeBeforeTax": 168400000,
        "incomeBeforeTaxRatio": 0.1258406815,
        "incomeTaxExpense": 78400000,
        "netIncome": 79200000,
        "netIncomeRatio": 0.0591839785,
        "eps": 0.29,
        "epsdiluted": 0.29,
        "weightedAverageShsOut": 267100000,
        "weightedAverageShsOutDil": 267274293,
        "link": "https://www.sec.gov/Archives/edgar/data/1064728/000095012309031817/0000950123-09-031817-index.htm",
        "finalLink": "https://www.sec.gov/Archives/edgar/data/1064728/000095012309031817/c52816e10vq.htm"
    },
    {
        "date": "2009-03-31",
        "symbol": "BTU",
        "reportedCurrency": "USD",
        "cik": "0001064728",
        "fillingDate": "2009-05-08",
        "acceptedDate": "2009-05-08 15:47:04",
        "calendarYear": "2009",
        "period": "Q1",
        "revenue": 1460100000,
        "costOfRevenue": 1086700000,
        "grossProfit": 373400000,
        "grossProfitRatio": 0.2557359085,
        "researchAndDevelopmentExpenses": 0,
        "generalAndAdministrativeExpenses": 47200000,
        "sellingAndMarketingExpenses": 0,
        "sellingGeneralAndAdministrativeExpenses": 47200000,
        "otherExpenses": 106500000,
        "operatingExpenses": 152600000,
        "costAndExpenses": 1241400000,
        "interestIncome": 2800000,
        "interestExpense": 51100000,
        "depreciationAndAmortization": 96300000,
        "ebitda": 318800000,
        "ebitdaratio": 0.2183412095,
        "operatingIncome": 219700000,
        "operatingIncomeRatio": 0.1504691459,
        "totalOtherIncomeExpensesNet": -48300000,
        "incomeBeforeTax": 171400000,
        "incomeBeforeTaxRatio": 0.1173892199,
        "incomeTaxExpense": 30200000,
        "netIncome": 170000000,
        "netIncomeRatio": 0.1164303815,
        "eps": 0.64,
        "epsdiluted": 0.63,
        "weightedAverageShsOut": 265300000,
        "weightedAverageShsOutDil": 267300000,
        "link": "https://www.sec.gov/Archives/edgar/data/1064728/000095013709003767/0000950137-09-003767-index.htm",
        "finalLink": "https://www.sec.gov/Archives/edgar/data/1064728/000095013709003767/c51171e10vq.htm"
    },
    {
        "date": "2008-12-31",
        "symbol": "BTU",
        "reportedCurrency": "USD",
        "cik": "0001064728",
        "fillingDate": "2009-02-27",
        "acceptedDate": "2009-02-27 17:17:44",
        "calendarYear": "2008",
        "period": "Q4",
        "revenue": 1880800000,
        "costOfRevenue": 1302000000,
        "grossProfit": 578800000,
        "grossProfitRatio": 0.3077413866,
        "researchAndDevelopmentExpenses": 0,
        "generalAndAdministrativeExpenses": 63600000,
        "sellingAndMarketingExpenses": 0,
        "sellingGeneralAndAdministrativeExpenses": 63600000,
        "otherExpenses": 129000000,
        "operatingExpenses": 192600000,
        "costAndExpenses": 1494600000,
        "interestIncome": 0,
        "interestExpense": 139200000,
        "depreciationAndAmortization": 121500000,
        "ebitda": 507700000,
        "ebitdaratio": 0.2699383241,
        "operatingIncome": 386200000,
        "operatingIncomeRatio": 0.205338154,
        "totalOtherIncomeExpensesNet": -52200000,
        "incomeBeforeTax": 334000000,
        "incomeBeforeTaxRatio": 0.1775840068,
        "incomeTaxExpense": 37900000,
        "netIncome": 293300000,
        "netIncomeRatio": 0.155944279,
        "eps": 1.1,
        "epsdiluted": 1.09,
        "weightedAverageShsOut": 267100000,
        "weightedAverageShsOutDil": 269000000,
        "link": "https://www.sec.gov/Archives/edgar/data/1064728/000095013709001381/0000950137-09-001381-index.htm",
        "finalLink": "https://www.sec.gov/Archives/edgar/data/1064728/000095013709001381/c48947e10vk.htm"
    },
    {
        "date": "2008-09-30",
        "symbol": "BTU",
        "reportedCurrency": "USD",
        "cik": "0001064728",
        "fillingDate": "2008-11-07",
        "acceptedDate": "2008-11-07 12:37:34",
        "calendarYear": "2008",
        "period": "Q3",
        "revenue": 1905700000,
        "costOfRevenue": 1253000000,
        "grossProfit": 652700000,
        "grossProfitRatio": 0.3424988193,
        "researchAndDevelopmentExpenses": 0,
        "generalAndAdministrativeExpenses": 44200000,
        "sellingAndMarketingExpenses": 0,
        "sellingGeneralAndAdministrativeExpenses": 44200000,
        "otherExpenses": 118300000,
        "operatingExpenses": 162500000,
        "costAndExpenses": 1415500000,
        "interestIncome": 0,
        "interestExpense": 0,
        "depreciationAndAmortization": 106600000,
        "ebitda": 596800000,
        "ebitdaratio": 0.3131657659,
        "operatingIncome": 490200000,
        "operatingIncomeRatio": 0.2572283151,
        "totalOtherIncomeExpensesNet": -50600000,
        "incomeBeforeTax": 439600000,
        "incomeBeforeTaxRatio": 0.2306763919,
        "incomeTaxExpense": 60200000,
        "netIncome": 369600000,
        "netIncomeRatio": 0.1939444823,
        "eps": 1.37,
        "epsdiluted": 1.36,
        "weightedAverageShsOut": 270192203,
        "weightedAverageShsOutDil": 272617085,
        "link": "https://www.sec.gov/Archives/edgar/data/1064728/000095013708013511/0000950137-08-013511-index.htm",
        "finalLink": "https://www.sec.gov/Archives/edgar/data/1064728/000095013708013511/c47385e10vq.htm"
    },
    {
        "date": "2008-06-30",
        "symbol": "BTU",
        "reportedCurrency": "USD",
        "cik": "0001064728",
        "fillingDate": "2008-08-07",
        "acceptedDate": "2008-08-07 17:23:11",
        "calendarYear": "2008",
        "period": "Q2",
        "revenue": 1530900000,
        "costOfRevenue": 1048500000,
        "grossProfit": 482400000,
        "grossProfitRatio": 0.3151087596,
        "researchAndDevelopmentExpenses": 0,
        "generalAndAdministrativeExpenses": 52300000,
        "sellingAndMarketingExpenses": 0,
        "sellingGeneralAndAdministrativeExpenses": 52300000,
        "otherExpenses": 86300000,
        "operatingExpenses": 137600000,
        "costAndExpenses": 1187100000,
        "interestIncome": 2500000,
        "interestExpense": 57900000,
        "depreciationAndAmortization": 95224000,
        "ebitda": 435424000,
        "ebitdaratio": 0.2844235417,
        "operatingIncome": 345100000,
        "operatingIncomeRatio": 0.2254229538,
        "totalOtherIncomeExpensesNet": -55400000,
        "incomeBeforeTax": 289700000,
        "incomeBeforeTaxRatio": 0.1892350905,
        "incomeTaxExpense": 45400000,
        "netIncome": 233300000,
        "netIncomeRatio": 0.1523940166,
        "eps": 0.86,
        "epsdiluted": 0.85,
        "weightedAverageShsOut": 269991967,
        "weightedAverageShsOutDil": 274470588,
        "link": "https://www.sec.gov/Archives/edgar/data/1064728/000095013708010397/0000950137-08-010397-index.htm",
        "finalLink": "https://www.sec.gov/Archives/edgar/data/1064728/000095013708010397/c34151e10vq.htm"
    },
    {
        "date": "2008-03-31",
        "symbol": "BTU",
        "reportedCurrency": "USD",
        "cik": "0001064728",
        "fillingDate": "2008-05-09",
        "acceptedDate": "2008-05-09 16:33:48",
        "calendarYear": "2008",
        "period": "Q1",
        "revenue": 1275951000,
        "costOfRevenue": 1013667000,
        "grossProfit": 262284000,
        "grossProfitRatio": 0.2055596179,
        "researchAndDevelopmentExpenses": 0,
        "generalAndAdministrativeExpenses": 50883000,
        "sellingAndMarketingExpenses": 0,
        "sellingGeneralAndAdministrativeExpenses": 50883000,
        "otherExpenses": 38732000,
        "operatingExpenses": 89615000,
        "costAndExpenses": 1103282000,
        "interestIncome": 0,
        "interestExpense": 0,
        "depreciationAndAmortization": 95676000,
        "ebitda": 268345000,
        "ebitdaratio": 0.2103098003,
        "operatingIncome": 172669000,
        "operatingIncomeRatio": 0.1353257296,
        "totalOtherIncomeExpensesNet": -58126000,
        "incomeBeforeTax": 114543000,
        "incomeBeforeTaxRatio": 0.0897706887,
        "incomeTaxExpense": 44118000,
        "netIncome": 57165000,
        "netIncomeRatio": 0.0448018772,
        "eps": 0.21,
        "epsdiluted": 0.21,
        "weightedAverageShsOut": 269204883,
        "weightedAverageShsOutDil": 272142973,
        "link": "https://www.sec.gov/Archives/edgar/data/1064728/000095013708007163/0000950137-08-007163-index.htm",
        "finalLink": "https://www.sec.gov/Archives/edgar/data/1064728/000095013708007163/c26468e10vq.htm"
    },
    {
        "date": "2007-12-31",
        "symbol": "BTU",
        "reportedCurrency": "USD",
        "cik": "0001064728",
        "fillingDate": "2008-02-28",
        "acceptedDate": "2008-02-28 16:57:30",
        "calendarYear": "2007",
        "period": "Q4",
        "revenue": 393873000,
        "costOfRevenue": 139949000,
        "grossProfit": 253924000,
        "grossProfitRatio": 0.6446849619,
        "researchAndDevelopmentExpenses": 0,
        "generalAndAdministrativeExpenses": 17818000,
        "sellingAndMarketingExpenses": 0,
        "sellingGeneralAndAdministrativeExpenses": 17818000,
        "otherExpenses": 100429000,
        "operatingExpenses": 118247000,
        "costAndExpenses": 258196000,
        "interestIncome": 0,
        "interestExpense": 283762000,
        "depreciationAndAmortization": 38816000,
        "ebitda": 174493000,
        "ebitdaratio": 0.4430184349,
        "operatingIncome": 135677000,
        "operatingIncomeRatio": 0.3444689024,
        "totalOtherIncomeExpensesNet": -65187000,
        "incomeBeforeTax": 70490000,
        "incomeBeforeTaxRatio": 0.1789663166,
        "incomeTaxExpense": -115848000,
        "netIncome": 35815000,
        "netIncomeRatio": 0.0909303253,
        "eps": 0.13,
        "epsdiluted": 0.13,
        "weightedAverageShsOut": 266636532,
        "weightedAverageShsOutDil": 270654632,
        "link": "https://www.sec.gov/Archives/edgar/data/1064728/000095013708002952/0000950137-08-002952-index.htm",
        "finalLink": "https://www.sec.gov/Archives/edgar/data/1064728/000095013708002952/c24071e10vk.htm"
    },
    {
        "date": "2007-09-30",
        "symbol": "BTU",
        "reportedCurrency": "USD",
        "cik": "0001064728",
        "fillingDate": "2007-11-09",
        "acceptedDate": "2007-11-09 16:32:06",
        "calendarYear": "2007",
        "period": "Q3",
        "revenue": 1493616000,
        "costOfRevenue": 1265571000,
        "grossProfit": 228045000,
        "grossProfitRatio": 0.1526798053,
        "researchAndDevelopmentExpenses": 0,
        "generalAndAdministrativeExpenses": 43698000,
        "sellingAndMarketingExpenses": 0,
        "sellingGeneralAndAdministrativeExpenses": 43698000,
        "otherExpenses": 95233000,
        "operatingExpenses": 138931000,
        "costAndExpenses": 1404502000,
        "interestIncome": 0,
        "interestExpense": 0,
        "depreciationAndAmortization": 114726000,
        "ebitda": 230426000,
        "ebitdaratio": 0.1542739232,
        "operatingIncome": 115700000,
        "operatingIncomeRatio": 0.0774630159,
        "totalOtherIncomeExpensesNet": -29900000,
        "incomeBeforeTax": 85800000,
        "incomeBeforeTaxRatio": 0.0574444837,
        "incomeTaxExpense": 5967000,
        "netIncome": 32300000,
        "netIncomeRatio": 0.0216253709,
        "eps": 0.12,
        "epsdiluted": 0.12,
        "weightedAverageShsOut": 263871330,
        "weightedAverageShsOutDil": 268940930,
        "link": "https://www.sec.gov/Archives/edgar/data/1064728/000095013707016943/0000950137-07-016943-index.htm",
        "finalLink": "https://www.sec.gov/Archives/edgar/data/1064728/000095013707016943/c21292e10vq.htm"
    },
    {
        "date": "2007-06-30",
        "symbol": "BTU",
        "reportedCurrency": "USD",
        "cik": "0001064728",
        "fillingDate": "2007-08-08",
        "acceptedDate": "2007-08-08 17:01:02",
        "calendarYear": "2007",
        "period": "Q2",
        "revenue": 1322052000,
        "costOfRevenue": 1077517000,
        "grossProfit": 244535000,
        "grossProfitRatio": 0.1849662494,
        "researchAndDevelopmentExpenses": 0,
        "generalAndAdministrativeExpenses": 42999000,
        "sellingAndMarketingExpenses": 0,
        "sellingGeneralAndAdministrativeExpenses": 42999000,
        "otherExpenses": 12934000,
        "operatingExpenses": 55933000,
        "costAndExpenses": 1133450000,
        "interestIncome": 0,
        "interestExpense": 0,
        "depreciationAndAmortization": 131108000,
        "ebitda": 309708000,
        "ebitdaratio": 0.2342631001,
        "operatingIncome": 178600000,
        "operatingIncomeRatio": 0.1350930221,
        "totalOtherIncomeExpensesNet": -57100000,
        "incomeBeforeTax": 121500000,
        "incomeBeforeTaxRatio": 0.0919025878,
        "incomeTaxExpense": 17000000,
        "netIncome": 107700000,
        "netIncomeRatio": 0.0814642692,
        "eps": 0.41,
        "epsdiluted": 0.4,
        "weightedAverageShsOut": 263479042,
        "weightedAverageShsOutDil": 268712309,
        "link": "https://www.sec.gov/Archives/edgar/data/1064728/000095013707011707/0000950137-07-011707-index.htm",
        "finalLink": "https://www.sec.gov/Archives/edgar/data/1064728/000095013707011707/c17225e10vq.htm"
    },
    {
        "date": "2007-03-31",
        "symbol": "BTU",
        "reportedCurrency": "USD",
        "cik": "0001064728",
        "fillingDate": "2007-05-04",
        "acceptedDate": "2007-05-04 12:16:33",
        "calendarYear": "2007",
        "period": "Q1",
        "revenue": 1365171000,
        "costOfRevenue": 1091781000,
        "grossProfit": 273390000,
        "grossProfitRatio": 0.2002606267,
        "researchAndDevelopmentExpenses": 0,
        "generalAndAdministrativeExpenses": 42631000,
        "sellingAndMarketingExpenses": -10909000,
        "sellingGeneralAndAdministrativeExpenses": 31722000,
        "otherExpenses": 102862000,
        "operatingExpenses": 145493000,
        "costAndExpenses": 1237274000,
        "interestIncome": 0,
        "interestExpense": 0,
        "depreciationAndAmortization": 84094000,
        "ebitda": 231478000,
        "ebitdaratio": 0.1695597108,
        "operatingIncome": 147384000,
        "operatingIncomeRatio": 0.1079601017,
        "totalOtherIncomeExpensesNet": -54722000,
        "incomeBeforeTax": 92662000,
        "incomeBeforeTaxRatio": 0.067875746,
        "incomeTaxExpense": 10995000,
        "netIncome": 88506000,
        "netIncomeRatio": 0.0648314387,
        "eps": 0.34,
        "epsdiluted": 0.33,
        "weightedAverageShsOut": 263031869,
        "weightedAverageShsOutDil": 268123462,
        "link": "https://www.sec.gov/Archives/edgar/data/1064728/000095013707006778/0000950137-07-006778-index.htm",
        "finalLink": "https://www.sec.gov/Archives/edgar/data/1064728/000095013707006778/c14873e10vq.htm"
    },
    {
        "date": "2006-12-31",
        "symbol": "BTU",
        "reportedCurrency": "USD",
        "cik": "0001064728",
        "fillingDate": "2007-09-10",
        "acceptedDate": "2007-09-07 20:24:20",
        "calendarYear": "2006",
        "period": "Q4",
        "revenue": 1363129000,
        "costOfRevenue": 1077104000,
        "grossProfit": 286025000,
        "grossProfitRatio": 0.2098297373,
        "researchAndDevelopmentExpenses": 0,
        "generalAndAdministrativeExpenses": 57148000,
        "sellingAndMarketingExpenses": 0,
        "sellingGeneralAndAdministrativeExpenses": 57148000,
        "otherExpenses": 85735000,
        "operatingExpenses": 142883000,
        "costAndExpenses": 1219987000,
        "interestIncome": 0,
        "interestExpense": 38273000,
        "depreciationAndAmortization": 116371000,
        "ebitda": 259513000,
        "ebitdaratio": 0.1903803675,
        "operatingIncome": 143142000,
        "operatingIncomeRatio": 0.1050098707,
        "totalOtherIncomeExpensesNet": -59016000,
        "incomeBeforeTax": 84126000,
        "incomeBeforeTaxRatio": 0.0617153622,
        "incomeTaxExpense": -92420000,
        "netIncome": 175033000,
        "netIncomeRatio": 0.1284053087,
        "eps": 0.66,
        "epsdiluted": 0.65,
        "weightedAverageShsOut": 263431799,
        "weightedAverageShsOutDil": 268994343,
        "link": "https://www.sec.gov/Archives/edgar/data/1064728/000095013707013944/0000950137-07-013944-index.htm",
        "finalLink": "https://www.sec.gov/Archives/edgar/data/1064728/000095013707013944/c18363a1e10vkza.htm"
    },
    {
        "date": "2006-09-30",
        "symbol": "BTU",
        "reportedCurrency": "USD",
        "cik": "0001064728",
        "fillingDate": "2006-11-07",
        "acceptedDate": "2006-11-07 15:42:56",
        "calendarYear": "2006",
        "period": "Q3",
        "revenue": 1264988000,
        "costOfRevenue": 1003004000,
        "grossProfit": 261984000,
        "grossProfitRatio": 0.2071039409,
        "researchAndDevelopmentExpenses": 0,
        "generalAndAdministrativeExpenses": 31488000,
        "sellingAndMarketingExpenses": 0,
        "sellingGeneralAndAdministrativeExpenses": 31488000,
        "otherExpenses": 57492000,
        "operatingExpenses": 88980000,
        "costAndExpenses": 1091984000,
        "interestIncome": 0,
        "interestExpense": 0,
        "depreciationAndAmortization": 92376000,
        "ebitda": 265380000,
        "ebitdaratio": 0.2097885514,
        "operatingIncome": 173004000,
        "operatingIncomeRatio": 0.1367633527,
        "totalOtherIncomeExpensesNet": -28339000,
        "incomeBeforeTax": 144665000,
        "incomeBeforeTaxRatio": 0.1143607686,
        "incomeTaxExpense": 2657000,
        "netIncome": 142008000,
        "netIncomeRatio": 0.1122603535,
        "eps": 0.54,
        "epsdiluted": 0.53,
        "weightedAverageShsOut": 263444254,
        "weightedAverageShsOutDil": 268822681,
        "link": "https://www.sec.gov/Archives/edgar/data/1064728/000095013706011949/0000950137-06-011949-index.htm",
        "finalLink": "https://www.sec.gov/Archives/edgar/data/1064728/000095013706011949/c09507e10vq.htm"
    },
    {
        "date": "2006-06-30",
        "symbol": "BTU",
        "reportedCurrency": "USD",
        "cik": "0001064728",
        "fillingDate": "2006-08-07",
        "acceptedDate": "2006-08-07 17:29:58",
        "calendarYear": "2006",
        "period": "Q2",
        "revenue": 1293658000,
        "costOfRevenue": 1053534000,
        "grossProfit": 240124000,
        "grossProfitRatio": 0.1856162912,
        "researchAndDevelopmentExpenses": 0,
        "generalAndAdministrativeExpenses": 40779000,
        "sellingAndMarketingExpenses": 0,
        "sellingGeneralAndAdministrativeExpenses": 40779000,
        "otherExpenses": 23650000,
        "operatingExpenses": 64429000,
        "costAndExpenses": 1117963000,
        "interestIncome": 0,
        "interestExpense": 0,
        "depreciationAndAmortization": 93094000,
        "ebitda": 268789000,
        "ebitdaratio": 0.2077743886,
        "operatingIncome": 175695000,
        "operatingIncomeRatio": 0.1358125563,
        "totalOtherIncomeExpensesNet": -25579000,
        "incomeBeforeTax": 150116000,
        "incomeBeforeTaxRatio": 0.1160399426,
        "incomeTaxExpense": -3318000,
        "netIncome": 153434000,
        "netIncomeRatio": 0.1186047626,
        "eps": 0.58,
        "epsdiluted": 0.57,
        "weightedAverageShsOut": 263958590,
        "weightedAverageShsOutDil": 269756666,
        "link": "https://www.sec.gov/Archives/edgar/data/1064728/000095013706008789/0000950137-06-008789-index.htm",
        "finalLink": "https://www.sec.gov/Archives/edgar/data/1064728/000095013706008789/c07452e10vq.htm"
    },
    {
        "date": "2006-03-31",
        "symbol": "BTU",
        "reportedCurrency": "USD",
        "cik": "0001064728",
        "fillingDate": "2006-05-09",
        "acceptedDate": "2006-05-09 12:17:33",
        "calendarYear": "2006",
        "period": "Q1",
        "revenue": 1311810000,
        "costOfRevenue": 1022342000,
        "grossProfit": 289468000,
        "grossProfitRatio": 0.2206630533,
        "researchAndDevelopmentExpenses": 0,
        "generalAndAdministrativeExpenses": 46526000,
        "sellingAndMarketingExpenses": 0,
        "sellingGeneralAndAdministrativeExpenses": 46526000,
        "otherExpenses": 80964000,
        "operatingExpenses": 127490000,
        "costAndExpenses": 1149832000,
        "interestIncome": 0,
        "interestExpense": 0,
        "depreciationAndAmortization": 82779000,
        "ebitda": 244757000,
        "ebitdaratio": 0.1865796114,
        "operatingIncome": 161978000,
        "operatingIncomeRatio": 0.123476723,
        "totalOtherIncomeExpensesNet": -15531000,
        "incomeBeforeTax": 146447000,
        "incomeBeforeTaxRatio": 0.111637356,
        "incomeTaxExpense": 11566000,
        "netIncome": 130222000,
        "netIncomeRatio": 0.099268949,
        "eps": 0.49,
        "epsdiluted": 0.48,
        "weightedAverageShsOut": 263491072,
        "weightedAverageShsOutDil": 269358728,
        "link": "https://www.sec.gov/Archives/edgar/data/1064728/000095013706005605/0000950137-06-005605-index.htm",
        "finalLink": "https://www.sec.gov/Archives/edgar/data/1064728/000095013706005605/c05129e10vq.htm"
    },
    {
        "date": "2005-12-31",
        "symbol": "BTU",
        "reportedCurrency": "USD",
        "cik": "0001064728",
        "fillingDate": "2006-03-06",
        "acceptedDate": "2006-03-03 19:39:19",
        "calendarYear": "2005",
        "period": "Q4",
        "revenue": 1234677000,
        "costOfRevenue": 933977000,
        "grossProfit": 300700000,
        "grossProfitRatio": 0.2435454779,
        "researchAndDevelopmentExpenses": 0,
        "generalAndAdministrativeExpenses": 54362000,
        "sellingAndMarketingExpenses": 0,
        "sellingGeneralAndAdministrativeExpenses": 54362000,
        "otherExpenses": 88952000,
        "operatingExpenses": 143314000,
        "costAndExpenses": 1077291000,
        "interestIncome": 0,
        "interestExpense": 29371000,
        "depreciationAndAmortization": 85454000,
        "ebitda": 242840000,
        "ebitdaratio": 0.1966830191,
        "operatingIncome": 157386000,
        "operatingIncomeRatio": 0.1274713954,
        "totalOtherIncomeExpensesNet": -22611000,
        "incomeBeforeTax": 134775000,
        "incomeBeforeTaxRatio": 0.1091581037,
        "incomeTaxExpense": -28340000,
        "netIncome": 162169000,
        "netIncomeRatio": 0.131345283,
        "eps": 0.62,
        "epsdiluted": 0.6,
        "weightedAverageShsOut": 261519424000,
        "weightedAverageShsOutDil": 268013476000,
        "link": "https://www.sec.gov/Archives/edgar/data/1064728/000095013706002560/0000950137-06-002560-index.htm",
        "finalLink": "https://www.sec.gov/Archives/edgar/data/1064728/000095013706002560/c02970e10vk.htm"
    },
    {
        "date": "2005-09-30",
        "symbol": "BTU",
        "reportedCurrency": "USD",
        "cik": "0001064728",
        "fillingDate": "2005-11-08",
        "acceptedDate": "2005-11-08 16:50:41",
        "calendarYear": "2005",
        "period": "Q3",
        "revenue": 1223510000,
        "costOfRevenue": 987503000,
        "grossProfit": 236007000,
        "grossProfitRatio": 0.1928933969,
        "researchAndDevelopmentExpenses": 0,
        "generalAndAdministrativeExpenses": 57009000,
        "sellingAndMarketingExpenses": 0,
        "sellingGeneralAndAdministrativeExpenses": 57009000,
        "otherExpenses": 28113000,
        "operatingExpenses": 85122000,
        "costAndExpenses": 1072625000,
        "interestIncome": 0,
        "interestExpense": 0,
        "depreciationAndAmortization": 78871000,
        "ebitda": 229756000,
        "ebitdaratio": 0.1877843254,
        "operatingIncome": 150885000,
        "operatingIncomeRatio": 0.1233214277,
        "totalOtherIncomeExpensesNet": -22831000,
        "incomeBeforeTax": 128054000,
        "incomeBeforeTaxRatio": 0.1046611797,
        "incomeTaxExpense": 14714000,
        "netIncome": 113340000,
        "netIncomeRatio": 0.0926351235,
        "eps": 0.86,
        "epsdiluted": 0.84,
        "weightedAverageShsOut": 131216197,
        "weightedAverageShsOutDil": 134260988,
        "link": "https://www.sec.gov/Archives/edgar/data/1064728/000095013705013489/0000950137-05-013489-index.htm",
        "finalLink": "https://www.sec.gov/Archives/edgar/data/1064728/000095013705013489/c99755e10vq.htm"
    },
    {
        "date": "2005-06-30",
        "symbol": "BTU",
        "reportedCurrency": "USD",
        "cik": "0001064728",
        "fillingDate": "2005-08-08",
        "acceptedDate": "2005-08-08 14:36:20",
        "calendarYear": "2005",
        "period": "Q2",
        "revenue": 1108786000,
        "costOfRevenue": 880274000,
        "grossProfit": 228512000,
        "grossProfitRatio": 0.2060920683,
        "researchAndDevelopmentExpenses": 0,
        "generalAndAdministrativeExpenses": 40671000,
        "sellingAndMarketingExpenses": 0,
        "sellingGeneralAndAdministrativeExpenses": 40671000,
        "otherExpenses": 58532000,
        "operatingExpenses": 81501000,
        "costAndExpenses": 960508000,
        "interestIncome": 0,
        "interestExpense": 0,
        "depreciationAndAmortization": 80979000,
        "ebitda": 210288000,
        "ebitdaratio": 0.1896560743,
        "operatingIncome": 129309000,
        "operatingIncomeRatio": 0.1166221435,
        "totalOtherIncomeExpensesNet": -23893000,
        "incomeBeforeTax": 105416000,
        "incomeBeforeTaxRatio": 0.0950733505,
        "incomeTaxExpense": 10162000,
        "netIncome": 95254000,
        "netIncomeRatio": 0.0859083719,
        "eps": 0.36,
        "epsdiluted": 0.36,
        "weightedAverageShsOut": 261630146,
        "weightedAverageShsOutDil": 267620416,
        "link": "https://www.sec.gov/Archives/edgar/data/1064728/000095013705009777/0000950137-05-009777-index.htm",
        "finalLink": "https://www.sec.gov/Archives/edgar/data/1064728/000095013705009777/c96425e10vq.htm"
    },
    {
        "date": "2005-03-31",
        "symbol": "BTU",
        "reportedCurrency": "USD",
        "cik": "0001064728",
        "fillingDate": "2005-05-06",
        "acceptedDate": "2005-05-06 17:21:03",
        "calendarYear": "2005",
        "period": "Q1",
        "revenue": 1082611000,
        "costOfRevenue": 919213000,
        "grossProfit": 163398000,
        "grossProfitRatio": 0.1509295583,
        "researchAndDevelopmentExpenses": 0,
        "generalAndAdministrativeExpenses": 46955000,
        "sellingAndMarketingExpenses": 0,
        "sellingGeneralAndAdministrativeExpenses": 46955000,
        "otherExpenses": 35640000,
        "operatingExpenses": 82595000,
        "costAndExpenses": 1001808000,
        "interestIncome": 0,
        "interestExpense": 0,
        "depreciationAndAmortization": 77748000,
        "ebitda": 128536000,
        "ebitdaratio": 0.1187277794,
        "operatingIncome": 80803000,
        "operatingIncomeRatio": 0.0746371504,
        "totalOtherIncomeExpensesNet": -24489000,
        "incomeBeforeTax": 56314000,
        "incomeBeforeTaxRatio": 0.0520168371,
        "incomeTaxExpense": 4424000,
        "netIncome": 51890000,
        "netIncomeRatio": 0.0479304201,
        "eps": 0.2,
        "epsdiluted": 0.19,
        "weightedAverageShsOut": 260693518,
        "weightedAverageShsOutDil": 266801306,
        "link": "https://www.sec.gov/Archives/edgar/data/1064728/000095013705005531/0000950137-05-005531-index.htm",
        "finalLink": "https://www.sec.gov/Archives/edgar/data/1064728/000095013705005531/c95011e10vq.htm"
    },
    {
        "date": "2004-12-31",
        "symbol": "BTU",
        "reportedCurrency": "USD",
        "cik": "0001064728",
        "fillingDate": "2005-03-16",
        "acceptedDate": "2005-03-16 16:37:37",
        "calendarYear": "2004",
        "period": "Q4",
        "revenue": 999809000,
        "costOfRevenue": 821253000,
        "grossProfit": 178556000,
        "grossProfitRatio": 0.1785901107,
        "researchAndDevelopmentExpenses": 0,
        "generalAndAdministrativeExpenses": 49466000,
        "sellingAndMarketingExpenses": 0,
        "sellingGeneralAndAdministrativeExpenses": 49466000,
        "otherExpenses": 42115000,
        "operatingExpenses": 91581000,
        "costAndExpenses": 912834000,
        "interestIncome": 0,
        "interestExpense": 23089000,
        "depreciationAndAmortization": 69400000,
        "ebitda": 156375000,
        "ebitdaratio": 0.1564048733,
        "operatingIncome": 86975000,
        "operatingIncomeRatio": 0.0869916154,
        "totalOtherIncomeExpensesNet": -26546000,
        "incomeBeforeTax": 60429000,
        "incomeBeforeTaxRatio": 0.0604405441,
        "incomeTaxExpense": -10681000,
        "netIncome": 67889000,
        "netIncomeRatio": 0.0679019693,
        "eps": 0.52,
        "epsdiluted": 0.51,
        "weightedAverageShsOut": 130346759,
        "weightedAverageShsOutDil": 133400653,
        "link": "https://www.sec.gov/Archives/edgar/data/1064728/000095013705003132/0000950137-05-003132-index.htm",
        "finalLink": "https://www.sec.gov/Archives/edgar/data/1064728/000095013705003132/c92938e10vk.htm"
    },
    {
        "date": "2004-09-30",
        "symbol": "BTU",
        "reportedCurrency": "USD",
        "cik": "0001064728",
        "fillingDate": "2004-12-10",
        "acceptedDate": "2004-12-09 20:16:35",
        "calendarYear": "2004",
        "period": "Q3",
        "revenue": 918989000,
        "costOfRevenue": 737055000,
        "grossProfit": 181934000,
        "grossProfitRatio": 0.1979719017,
        "researchAndDevelopmentExpenses": 0,
        "generalAndAdministrativeExpenses": 33623000,
        "sellingAndMarketingExpenses": 0,
        "sellingGeneralAndAdministrativeExpenses": 33623000,
        "otherExpenses": 78488000,
        "operatingExpenses": 112111000,
        "costAndExpenses": 845084000,
        "interestIncome": 0,
        "interestExpense": 0,
        "depreciationAndAmortization": 72259000,
        "ebitda": 146164000,
        "ebitdaratio": 0.1590486937,
        "operatingIncome": 73905000,
        "operatingIncomeRatio": 0.0804198962,
        "totalOtherIncomeExpensesNet": -23536000,
        "incomeBeforeTax": 50369000,
        "incomeBeforeTaxRatio": 0.0548091435,
        "incomeTaxExpense": 6933000,
        "netIncome": 43437000,
        "netIncomeRatio": 0.0472660717,
        "eps": 0.34,
        "epsdiluted": 0.33,
        "weightedAverageShsOut": 128557174,
        "weightedAverageShsOutDil": 131558064,
        "link": "https://www.sec.gov/Archives/edgar/data/1064728/000095013704010924/0000950137-04-010924-index.htm",
        "finalLink": "https://www.sec.gov/Archives/edgar/data/1064728/000095013704010924/c90376e10vqza.htm"
    },
    {
        "date": "2004-06-30",
        "symbol": "BTU",
        "reportedCurrency": "USD",
        "cik": "0001064728",
        "fillingDate": "2004-08-06",
        "acceptedDate": "2004-08-06 15:54:57",
        "calendarYear": "2004",
        "period": "Q2",
        "revenue": 920107000,
        "costOfRevenue": 759337000,
        "grossProfit": 160770000,
        "grossProfitRatio": 0.1747296782,
        "researchAndDevelopmentExpenses": 0,
        "generalAndAdministrativeExpenses": 32144000,
        "sellingAndMarketingExpenses": 0,
        "sellingGeneralAndAdministrativeExpenses": 32144000,
        "otherExpenses": 79740000,
        "operatingExpenses": 107258000,
        "costAndExpenses": 864944000,
        "interestIncome": 0,
        "interestExpense": 0,
        "depreciationAndAmortization": 75091000,
        "ebitda": 126918000,
        "ebitdaratio": 0.137938305,
        "operatingIncome": 51827000,
        "operatingIncomeRatio": 0.0563271446,
        "totalOtherIncomeExpensesNet": -23386000,
        "incomeBeforeTax": 28441000,
        "incomeBeforeTaxRatio": 0.0309105354,
        "incomeTaxExpense": -15194000,
        "netIncome": 41481000,
        "netIncomeRatio": 0.0450828002,
        "eps": 0.32,
        "epsdiluted": 0.32,
        "weightedAverageShsOut": 127927900,
        "weightedAverageShsOutDil": 130876522,
        "link": "https://www.sec.gov/Archives/edgar/data/1064728/000095013704006343/0000950137-04-006343-index.htm",
        "finalLink": "https://www.sec.gov/Archives/edgar/data/1064728/000095013704006343/c87247e10vq.htm"
    },
    {
        "date": "2004-03-31",
        "symbol": "BTU",
        "reportedCurrency": "USD",
        "cik": "0001064728",
        "fillingDate": "2004-05-10",
        "acceptedDate": "2004-05-10 16:55:01",
        "calendarYear": "2004",
        "period": "Q1",
        "revenue": 788598000,
        "costOfRevenue": 651564000,
        "grossProfit": 137034000,
        "grossProfitRatio": 0.1737691447,
        "researchAndDevelopmentExpenses": 0,
        "generalAndAdministrativeExpenses": 27792000,
        "sellingAndMarketingExpenses": 0,
        "sellingGeneralAndAdministrativeExpenses": 27792000,
        "otherExpenses": 72307000,
        "operatingExpenses": 83794000,
        "costAndExpenses": 733570000,
        "interestIncome": 0,
        "interestExpense": 0,
        "depreciationAndAmortization": 61739000,
        "ebitda": 100462000,
        "ebitdaratio": 0.1273931712,
        "operatingIncome": 38723000,
        "operatingIncomeRatio": 0.049103599,
        "totalOtherIncomeExpensesNet": -20409000,
        "incomeBeforeTax": 18314000,
        "incomeBeforeTaxRatio": 0.0232234928,
        "incomeTaxExpense": -5602000,
        "netIncome": 22580000,
        "netIncomeRatio": 0.0286330932,
        "eps": 0.2,
        "epsdiluted": 0.2,
        "weightedAverageShsOut": 111576252,
        "weightedAverageShsOutDil": 114309698,
        "link": "https://www.sec.gov/Archives/edgar/data/1064728/000095013704003851/0000950137-04-003851-index.htm",
        "finalLink": "https://www.sec.gov/Archives/edgar/data/1064728/000095013704003851/c85170e10vq.htm"
    },
    {
        "date": "2003-12-31",
        "symbol": "BTU",
        "reportedCurrency": "USD",
        "cik": "0001064728",
        "fillingDate": "2004-03-04",
        "acceptedDate": "2004-03-04 17:20:22",
        "calendarYear": "2003",
        "period": "Q4",
        "revenue": 752986000,
        "costOfRevenue": 610180000,
        "grossProfit": 142806000,
        "grossProfitRatio": 0.1896529285,
        "researchAndDevelopmentExpenses": 0,
        "generalAndAdministrativeExpenses": 0,
        "sellingAndMarketingExpenses": 0,
        "sellingGeneralAndAdministrativeExpenses": 11476000,
        "otherExpenses": 86956000,
        "operatingExpenses": 98432000,
        "costAndExpenses": 708612000,
        "interestIncome": 0,
        "interestExpense": 49655000,
        "depreciationAndAmortization": 59770000,
        "ebitda": 104144000,
        "ebitdaratio": 0.1383080164,
        "operatingIncome": 44374000,
        "operatingIncomeRatio": 0.0589307105,
        "totalOtherIncomeExpensesNet": -19612000,
        "incomeBeforeTax": 24762000,
        "incomeBeforeTaxRatio": 0.0328850736,
        "incomeTaxExpense": 1913000,
        "netIncome": 22215000,
        "netIncomeRatio": 0.0295025406,
        "eps": 0.4,
        "epsdiluted": 0.39,
        "weightedAverageShsOut": 55788126,
        "weightedAverageShsOutDil": 57154849,
        "link": "https://www.sec.gov/Archives/edgar/data/1064728/000095013704001462/0000950137-04-001462-index.htm",
        "finalLink": "https://www.sec.gov/Archives/edgar/data/1064728/000095013704001462/c83412e10vk.htm"
    },
    {
        "date": "2003-09-30",
        "symbol": "BTU",
        "reportedCurrency": "USD",
        "cik": "0001064728",
        "fillingDate": "2003-11-13",
        "acceptedDate": "2003-11-13 16:52:35",
        "calendarYear": "2003",
        "period": "Q3",
        "revenue": 701955000,
        "costOfRevenue": 578997000,
        "grossProfit": 122958000,
        "grossProfitRatio": 0.1751650747,
        "researchAndDevelopmentExpenses": 0,
        "generalAndAdministrativeExpenses": 30132000,
        "sellingAndMarketingExpenses": 0,
        "sellingGeneralAndAdministrativeExpenses": 30132000,
        "otherExpenses": 57237000,
        "operatingExpenses": 87369000,
        "costAndExpenses": 666366000,
        "interestIncome": 0,
        "interestExpense": 18682000,
        "depreciationAndAmortization": 63080000,
        "ebitda": 98669000,
        "ebitdaratio": 0.1405631415,
        "operatingIncome": 35589000,
        "operatingIncomeRatio": 0.0506998312,
        "totalOtherIncomeExpensesNet": -21976000,
        "incomeBeforeTax": 13613000,
        "incomeBeforeTaxRatio": 0.019392981,
        "incomeTaxExpense": -8598000,
        "netIncome": 21518000,
        "netIncomeRatio": 0.0306543867,
        "eps": 0.4,
        "epsdiluted": 0.39,
        "weightedAverageShsOut": 54002659,
        "weightedAverageShsOutDil": 55225879,
        "link": "https://www.sec.gov/Archives/edgar/data/1064728/000095013403015228/0000950134-03-015228-index.htm",
        "finalLink": "https://www.sec.gov/Archives/edgar/data/1064728/000095013403015228/c80999e10vq.txt"
    },
    {
        "date": "2003-06-30",
        "symbol": "BTU",
        "reportedCurrency": "USD",
        "cik": "0001064728",
        "fillingDate": "2003-08-14",
        "acceptedDate": "2003-08-14 12:33:49",
        "calendarYear": "2003",
        "period": "Q2",
        "revenue": 670962000,
        "costOfRevenue": 580003000,
        "grossProfit": 90959000,
        "grossProfitRatio": 0.1355650544,
        "researchAndDevelopmentExpenses": 0,
        "generalAndAdministrativeExpenses": 28502000,
        "sellingAndMarketingExpenses": 0,
        "sellingGeneralAndAdministrativeExpenses": 28502000,
        "otherExpenses": 32165000,
        "operatingExpenses": 60667000,
        "costAndExpenses": 640670000,
        "interestIncome": 0,
        "interestExpense": 65349000,
        "depreciationAndAmortization": 61308000,
        "ebitda": 91600000,
        "ebitdaratio": 0.1365203991,
        "operatingIncome": 30292000,
        "operatingIncomeRatio": 0.0451471171,
        "totalOtherIncomeExpensesNet": -59715000,
        "incomeBeforeTax": -29423000,
        "incomeBeforeTaxRatio": -0.0438519618,
        "incomeTaxExpense": -28777000,
        "netIncome": -1304000,
        "netIncomeRatio": -0.0019434782,
        "eps": -0.0247,
        "epsdiluted": -0.0247,
        "weightedAverageShsOut": 52751999,
        "weightedAverageShsOutDil": 52751999,
        "link": "https://www.sec.gov/Archives/edgar/data/1064728/000095013403011777/0000950134-03-011777-index.htm",
        "finalLink": "https://www.sec.gov/Archives/edgar/data/1064728/000095013403011777/c78972e10vq.txt"
    },
    {
        "date": "2003-03-31",
        "symbol": "BTU",
        "reportedCurrency": "USD",
        "cik": "0001064728",
        "fillingDate": "2003-05-13",
        "acceptedDate": "2003-05-13 16:18:02",
        "calendarYear": "2003",
        "period": "Q1",
        "revenue": 681294000,
        "costOfRevenue": 566620000,
        "grossProfit": 114674000,
        "grossProfitRatio": 0.1683179362,
        "researchAndDevelopmentExpenses": 0,
        "generalAndAdministrativeExpenses": 25324000,
        "sellingAndMarketingExpenses": 0,
        "sellingGeneralAndAdministrativeExpenses": 25324000,
        "otherExpenses": 54819000,
        "operatingExpenses": 80143000,
        "costAndExpenses": 646763000,
        "interestIncome": 0,
        "interestExpense": 77814000,
        "depreciationAndAmortization": 58336000,
        "ebitda": 92867000,
        "ebitdaratio": 0.1363097283,
        "operatingIncome": 34531000,
        "operatingIncomeRatio": 0.0506844329,
        "totalOtherIncomeExpensesNet": -47714000,
        "incomeBeforeTax": -13183000,
        "incomeBeforeTaxRatio": -0.0193499429,
        "incomeTaxExpense": -12246000,
        "netIncome": -11081000,
        "netIncomeRatio": -0.0162646376,
        "eps": -0.21,
        "epsdiluted": -0.21,
        "weightedAverageShsOut": 52414041,
        "weightedAverageShsOutDil": 52414041,
        "link": "https://www.sec.gov/Archives/edgar/data/1064728/000095013403007757/0000950134-03-007757-index.htm",
        "finalLink": "https://www.sec.gov/Archives/edgar/data/1064728/000095013403007757/c77011e10vq.txt"
    },
    {
        "date": "2002-12-31",
        "symbol": "BTU",
        "reportedCurrency": "USD",
        "cik": "0001064728",
        "fillingDate": "2003-03-07",
        "acceptedDate": "2003-03-07 16:58:58",
        "calendarYear": "2002",
        "period": "Q4",
        "revenue": 669781000,
        "costOfRevenue": 584674000,
        "grossProfit": 85107000,
        "grossProfitRatio": 0.1270669069,
        "researchAndDevelopmentExpenses": 0,
        "generalAndAdministrativeExpenses": 29223000,
        "sellingAndMarketingExpenses": 0,
        "sellingGeneralAndAdministrativeExpenses": 29223000,
        "otherExpenses": 43710000,
        "operatingExpenses": 72933000,
        "costAndExpenses": 657607000,
        "interestIncome": 0,
        "interestExpense": 14789000,
        "depreciationAndAmortization": 58366000,
        "ebitda": 70540000,
        "ebitdaratio": 0.1053180069,
        "operatingIncome": 12174000,
        "operatingIncomeRatio": 0.0181760904,
        "totalOtherIncomeExpensesNet": -24733000,
        "incomeBeforeTax": -12559000,
        "incomeBeforeTaxRatio": -0.0187509051,
        "incomeTaxExpense": -44575000,
        "netIncome": 29672000,
        "netIncomeRatio": 0.0443010477,
        "eps": 0.57,
        "epsdiluted": 0.57,
        "weightedAverageShsOut": 52343863,
        "weightedAverageShsOutDil": 52414041,
        "link": "https://www.sec.gov/Archives/edgar/data/1064728/000095013403003569/0000950134-03-003569-index.htm",
        "finalLink": "https://www.sec.gov/Archives/edgar/data/1064728/000095013403003569/c75152e10vk.txt"
    },
    {
        "date": "2002-09-30",
        "symbol": "BTU",
        "reportedCurrency": "USD",
        "cik": "0001064728",
        "fillingDate": "2002-11-14",
        "acceptedDate": "2002-11-14 14:28:26",
        "calendarYear": "2002",
        "period": "Q3",
        "revenue": 714611000,
        "costOfRevenue": 579449000,
        "grossProfit": 135162000,
        "grossProfitRatio": 0.1891406653,
        "researchAndDevelopmentExpenses": 0,
        "generalAndAdministrativeExpenses": 25132000,
        "sellingAndMarketingExpenses": 0,
        "sellingGeneralAndAdministrativeExpenses": 25132000,
        "otherExpenses": 58710000,
        "operatingExpenses": 83842000,
        "costAndExpenses": 663291000,
        "interestIncome": 0,
        "interestExpense": 23360000,
        "depreciationAndAmortization": 61398000,
        "ebitda": 112718000,
        "ebitdaratio": 0.1577333682,
        "operatingIncome": 51320000,
        "operatingIncomeRatio": 0.0718152953,
        "totalOtherIncomeExpensesNet": -20278000,
        "incomeBeforeTax": 31042000,
        "incomeBeforeTaxRatio": 0.0434390179,
        "incomeTaxExpense": -1465000,
        "netIncome": 29036000,
        "netIncomeRatio": 0.0406318962,
        "eps": 0.56,
        "epsdiluted": 0.54,
        "weightedAverageShsOut": 52176646,
        "weightedAverageShsOutDil": 53649383,
        "link": "https://www.sec.gov/Archives/edgar/data/1064728/000095013402014392/0000950134-02-014392-index.htm",
        "finalLink": "https://www.sec.gov/Archives/edgar/data/1064728/000095013402014392/c72677e10vq.txt"
    },
    {
        "date": "2002-06-30",
        "symbol": "BTU",
        "reportedCurrency": "USD",
        "cik": "0001064728",
        "fillingDate": "2002-08-07",
        "acceptedDate": "2002-08-07 16:11:48",
        "calendarYear": "2002",
        "period": "Q2",
        "revenue": 702838000,
        "costOfRevenue": 570957000,
        "grossProfit": 131881000,
        "grossProfitRatio": 0.1876406796,
        "researchAndDevelopmentExpenses": 0,
        "generalAndAdministrativeExpenses": 20777000,
        "sellingAndMarketingExpenses": 0,
        "sellingGeneralAndAdministrativeExpenses": 20777000,
        "otherExpenses": 55859000,
        "operatingExpenses": 76636000,
        "costAndExpenses": 647593000,
        "interestIncome": 0,
        "interestExpense": 26519000,
        "depreciationAndAmortization": 60881000,
        "ebitda": 116126000,
        "ebitdaratio": 0.1652244187,
        "operatingIncome": 55245000,
        "operatingIncomeRatio": 0.0786027506,
        "totalOtherIncomeExpensesNet": -25489000,
        "incomeBeforeTax": 29756000,
        "incomeBeforeTaxRatio": 0.0423369254,
        "incomeTaxExpense": 1448000,
        "netIncome": 24497000,
        "netIncomeRatio": 0.0348544046,
        "eps": 0.47,
        "epsdiluted": 0.45,
        "weightedAverageShsOut": 52122455,
        "weightedAverageShsOutDil": 53859275,
        "link": "https://www.sec.gov/Archives/edgar/data/1064728/000095013402009121/0000950134-02-009121-index.htm",
        "finalLink": "https://www.sec.gov/Archives/edgar/data/1064728/000095013402009121/c70989e10vq.txt"
    },
    {
        "date": "2002-03-31",
        "symbol": "BTU",
        "reportedCurrency": "USD",
        "cik": "0001064728",
        "fillingDate": "2002-05-13",
        "acceptedDate": "2002-05-13 17:16:16",
        "calendarYear": "2002",
        "period": "Q1",
        "revenue": 710629000,
        "costOfRevenue": 571024000,
        "grossProfit": 139605000,
        "grossProfitRatio": 0.1964527201,
        "researchAndDevelopmentExpenses": 0,
        "generalAndAdministrativeExpenses": 26283000,
        "sellingAndMarketingExpenses": 0,
        "sellingGeneralAndAdministrativeExpenses": 26283000,
        "otherExpenses": 58372000,
        "operatingExpenses": 84655000,
        "costAndExpenses": 655679000,
        "interestIncome": 0,
        "interestExpense": 27745000,
        "depreciationAndAmortization": 61536000,
        "ebitda": 116486000,
        "ebitdaratio": 0.1639195698,
        "operatingIncome": 54950000,
        "operatingIncomeRatio": 0.077325862,
        "totalOtherIncomeExpensesNet": -24384000,
        "incomeBeforeTax": 30566000,
        "incomeBeforeTaxRatio": 0.0430125987,
        "incomeTaxExpense": 4585000,
        "netIncome": 22315000,
        "netIncomeRatio": 0.0314017582,
        "eps": 0.43,
        "epsdiluted": 0.42,
        "weightedAverageShsOut": 52018238,
        "weightedAverageShsOutDil": 53731426,
        "link": "https://www.sec.gov/Archives/edgar/data/1064728/000095012402001739/0000950124-02-001739-index.htm",
        "finalLink": "https://www.sec.gov/Archives/edgar/data/1064728/000095012402001739/c69447e10-q.txt"
    },
    {
        "date": "2001-09-30",
        "symbol": "BTU",
        "reportedCurrency": "USD",
        "cik": "0001064728",
        "fillingDate": "2001-10-30",
        "acceptedDate": "2001-10-30 00:00:00",
        "calendarYear": "2001",
        "period": "Q3",
        "revenue": 682304000,
        "costOfRevenue": 565517000,
        "grossProfit": 116787000,
        "grossProfitRatio": 0.1711656388,
        "researchAndDevelopmentExpenses": 0,
        "generalAndAdministrativeExpenses": 0,
        "sellingAndMarketingExpenses": 0,
        "sellingGeneralAndAdministrativeExpenses": 25579000,
        "otherExpenses": 54902000,
        "operatingExpenses": 80481000,
        "costAndExpenses": 645998000,
        "interestIncome": 0,
        "interestExpense": 0,
        "depreciationAndAmortization": 59128000,
        "ebitda": 95434000,
        "ebitdaratio": 0.1398702045,
        "operatingIncome": 36306000,
        "operatingIncomeRatio": 0.0532108855,
        "totalOtherIncomeExpensesNet": -31249000,
        "incomeBeforeTax": 5057000,
        "incomeBeforeTaxRatio": 0.0074116523,
        "incomeTaxExpense": 997000,
        "netIncome": 4060000,
        "netIncomeRatio": 0.0059504268,
        "eps": 0.08,
        "epsdiluted": 0.08,
        "weightedAverageShsOut": 51943624,
        "weightedAverageShsOutDil": 53653950,
        "link": "https://www.sec.gov/Archives/edgar/data/1064728/000095012401503661/0000950124-01-503661-index.htm",
        "finalLink": "https://www.sec.gov/Archives/edgar/data/1064728/000095012401503661/c65656e10-q.htm"
    },
    {
        "date": "2001-06-30",
        "symbol": "BTU",
        "reportedCurrency": "USD",
        "cik": "0001064728",
        "fillingDate": "2001-08-13",
        "acceptedDate": "2001-08-13 00:00:00",
        "calendarYear": "2001",
        "period": "Q2",
        "revenue": 657262000,
        "costOfRevenue": 555427000,
        "grossProfit": 101835000,
        "grossProfitRatio": 0.1549382134,
        "researchAndDevelopmentExpenses": 0,
        "generalAndAdministrativeExpenses": 0,
        "sellingAndMarketingExpenses": 0,
        "sellingGeneralAndAdministrativeExpenses": 22526000,
        "otherExpenses": 52263000,
        "operatingExpenses": -79227000,
        "costAndExpenses": 607235000,
        "interestIncome": 0,
        "interestExpense": 56400000,
        "depreciationAndAmortization": 62829000,
        "ebitda": 271628000,
        "ebitdaratio": 0.4132720285,
        "operatingIncome": 208799000,
        "operatingIncomeRatio": 0.3176800119,
        "totalOtherIncomeExpensesNet": -42492000,
        "incomeBeforeTax": 166307000,
        "incomeBeforeTaxRatio": 0.2530299941,
        "incomeTaxExpense": 39007000,
        "netIncome": 134127000,
        "netIncomeRatio": 0.2040693057,
        "eps": 2.85,
        "epsdiluted": 2.74,
        "weightedAverageShsOut": 47079751,
        "weightedAverageShsOutDil": 48933892,
        "link": "https://www.sec.gov/Archives/edgar/data/1064728/000106472801500005/0001064728-01-500005-index.htm",
        "finalLink": "https://www.sec.gov/Archives/edgar/data/1064728/000106472801500005/june3001_10q.txt"
    },
    {
        "date": "2001-03-31",
        "symbol": "BTU",
        "reportedCurrency": "USD",
        "cik": "0001064728",
        "fillingDate": "2001-06-28",
        "acceptedDate": "2001-06-28 00:00:00",
        "calendarYear": "2001",
        "period": "Q1",
        "revenue": 684999000,
        "costOfRevenue": 0,
        "grossProfit": 684999000,
        "grossProfitRatio": 1,
        "researchAndDevelopmentExpenses": 0,
        "generalAndAdministrativeExpenses": 0,
        "sellingAndMarketingExpenses": 0,
        "sellingGeneralAndAdministrativeExpenses": 33452000,
        "otherExpenses": 443848000,
        "operatingExpenses": 477300000,
        "costAndExpenses": 477300000,
        "interestIncome": 0,
        "interestExpense": 52755000,
        "depreciationAndAmortization": 75274000,
        "ebitda": 282973000,
        "ebitdaratio": 0.4130998731,
        "operatingIncome": 207699000,
        "operatingIncomeRatio": 0.3032106616,
        "totalOtherIncomeExpensesNet": -50016000,
        "incomeBeforeTax": 157683000,
        "incomeBeforeTaxRatio": 0.2301944966,
        "incomeTaxExpense": 39007000,
        "netIncome": 115937000,
        "netIncomeRatio": 0.169251342,
        "eps": 2.75,
        "epsdiluted": 2.62,
        "weightedAverageShsOut": 42215878,
        "weightedAverageShsOutDil": 44213833,
        "link": "https://www.sec.gov/Archives/edgar/data/1064728/000095012401502196/0000950124-01-502196-index.htm",
        "finalLink": "https://www.sec.gov/Archives/edgar/data/1064728/000095012401502196/c63452e10-k405.txt"
    },
    {
        "date": "2000-12-31",
        "symbol": "BTU",
        "reportedCurrency": "USD",
        "cik": "0001064728",
        "fillingDate": "2001-02-12",
        "acceptedDate": "2001-02-12 00:00:00",
        "calendarYear": "2000",
        "period": "Q4",
        "revenue": 634081000,
        "costOfRevenue": 0,
        "grossProfit": 634081000,
        "grossProfitRatio": 1,
        "researchAndDevelopmentExpenses": 0,
        "generalAndAdministrativeExpenses": 0,
        "sellingAndMarketingExpenses": 0,
        "sellingGeneralAndAdministrativeExpenses": 22386000,
        "otherExpenses": 557872000,
        "operatingExpenses": 580258000,
        "costAndExpenses": 580258000,
        "interestIncome": 0,
        "interestExpense": 73551000,
        "depreciationAndAmortization": 35609000,
        "ebitda": 112686000,
        "ebitdaratio": 0.1777154654,
        "operatingIncome": 53823000,
        "operatingIncomeRatio": 0.084883477,
        "totalOtherIncomeExpensesNet": -49281000,
        "incomeBeforeTax": 4542000,
        "incomeBeforeTaxRatio": 0.0071631227,
        "incomeTaxExpense": 4460000,
        "netIncome": -934000,
        "netIncomeRatio": -0.0014729979,
        "eps": -0.051,
        "epsdiluted": -0.051,
        "weightedAverageShsOut": 18300000,
        "weightedAverageShsOutDil": 18300000,
        "link": "https://www.sec.gov/Archives/edgar/data/1064728/000095013001000748/0000950130-01-000748-index.htm",
        "finalLink": "https://www.sec.gov/Archives/edgar/data/1064728/000095013001000748/0000950130-01-000748-0001.txt"
    },
    {
        "date": "2000-09-30",
        "symbol": "BTU",
        "reportedCurrency": "USD",
        "cik": "0001064728",
        "fillingDate": "2000-11-14",
        "acceptedDate": "2000-11-14 00:00:00",
        "calendarYear": "2000",
        "period": "Q3",
        "revenue": 677591000,
        "costOfRevenue": 0,
        "grossProfit": 677591000,
        "grossProfitRatio": 1,
        "researchAndDevelopmentExpenses": 0,
        "generalAndAdministrativeExpenses": 0,
        "sellingAndMarketingExpenses": 0,
        "sellingGeneralAndAdministrativeExpenses": 20626000,
        "otherExpenses": 617605000,
        "operatingExpenses": 638231000,
        "costAndExpenses": 638231000,
        "interestIncome": 0,
        "interestExpense": 46540000,
        "depreciationAndAmortization": 60809000,
        "ebitda": 100169000,
        "ebitdaratio": 0.1478310662,
        "operatingIncome": 39360000,
        "operatingIncomeRatio": 0.0580881387,
        "totalOtherIncomeExpensesNet": -50262000,
        "incomeBeforeTax": -10902000,
        "incomeBeforeTaxRatio": -0.0160893518,
        "incomeTaxExpense": 1113000,
        "netIncome": -8293000,
        "netIncomeRatio": -0.0122389465,
        "eps": -0.45,
        "epsdiluted": -0.45,
        "weightedAverageShsOut": 18300000,
        "weightedAverageShsOutDil": 18300000,
        "link": "https://www.sec.gov/Archives/edgar/data/1064728/000106472800000017/0001064728-00-000017-index.htm",
        "finalLink": "https://www.sec.gov/Archives/edgar/data/1064728/000106472800000017/0001064728-00-000017-0001.txt"
    },
    {
        "date": "2000-06-30",
        "symbol": "BTU",
        "reportedCurrency": "USD",
        "cik": "0001064728",
        "fillingDate": "2000-08-11",
        "acceptedDate": "2000-08-11 00:00:00",
        "calendarYear": "2000",
        "period": "Q2",
        "revenue": 673021000,
        "costOfRevenue": 0,
        "grossProfit": 673021000,
        "grossProfitRatio": 1,
        "researchAndDevelopmentExpenses": 0,
        "generalAndAdministrativeExpenses": 0,
        "sellingAndMarketingExpenses": 0,
        "sellingGeneralAndAdministrativeExpenses": 22803000,
        "otherExpenses": 609261000,
        "operatingExpenses": 632064000,
        "costAndExpenses": 632064000,
        "interestIncome": 0,
        "interestExpense": 40271000,
        "depreciationAndAmortization": 60467000,
        "ebitda": 101424000,
        "ebitdaratio": 0.1506996067,
        "operatingIncome": 40957000,
        "operatingIncomeRatio": 0.0608554562,
        "totalOtherIncomeExpensesNet": -46910000,
        "incomeBeforeTax": -5953000,
        "incomeBeforeTaxRatio": -0.0088451921,
        "incomeTaxExpense": 336000,
        "netIncome": 350000,
        "netIncomeRatio": 0.0005200432,
        "eps": 0.0191,
        "epsdiluted": 0.0191,
        "weightedAverageShsOut": 18300000,
        "weightedAverageShsOutDil": 18300000,
        "link": "https://www.sec.gov/Archives/edgar/data/1064728/000106472800000013/0001064728-00-000013-index.htm",
        "finalLink": "https://www.sec.gov/Archives/edgar/data/1064728/000106472800000013/0001064728-00-000013-0001.txt"
    },
    {
        "date": "2000-03-31",
        "symbol": "BTU",
        "reportedCurrency": "USD",
        "cik": "0001064728",
        "fillingDate": "2000-06-28",
        "acceptedDate": "2000-06-28 00:00:00",
        "calendarYear": "2000",
        "period": "Q1",
        "revenue": 761107000,
        "costOfRevenue": 0,
        "grossProfit": 761107000,
        "grossProfitRatio": 1,
        "researchAndDevelopmentExpenses": 0,
        "generalAndAdministrativeExpenses": 31860000,
        "sellingAndMarketingExpenses": 0,
        "sellingGeneralAndAdministrativeExpenses": 31860000,
        "otherExpenses": 658311000,
        "operatingExpenses": 690171000,
        "costAndExpenses": 690171000,
        "interestIncome": 0,
        "interestExpense": 153025000,
        "depreciationAndAmortization": 63333000,
        "ebitda": 134269000,
        "ebitdaratio": 0.1764127777,
        "operatingIncome": 70936000,
        "operatingIncomeRatio": 0.0932010874,
        "totalOtherIncomeExpensesNet": -53151000,
        "incomeBeforeTax": 17785000,
        "incomeBeforeTaxRatio": 0.0233672795,
        "incomeTaxExpense": -142760000,
        "netIncome": 60671000,
        "netIncomeRatio": 0.0797141532,
        "eps": 8.77,
        "epsdiluted": 8.77,
        "weightedAverageShsOut": 18300000,
        "weightedAverageShsOutDil": 18300000,
        "link": "https://www.sec.gov/Archives/edgar/data/1064728/000106880000000281/0001068800-00-000281-index.htm",
        "finalLink": "https://www.sec.gov/Archives/edgar/data/1064728/000106880000000281/0001068800-00-000281-0001.txt"
    },
    {
        "date": "1999-12-31",
        "symbol": "BTU",
        "reportedCurrency": "USD",
        "cik": "0001064728",
        "fillingDate": "2000-02-14",
        "acceptedDate": "2000-02-14 00:00:00",
        "calendarYear": "1999",
        "period": "Q4",
        "revenue": 670725000,
        "costOfRevenue": 0,
        "grossProfit": 670725000,
        "grossProfitRatio": 1,
        "researchAndDevelopmentExpenses": 0,
        "generalAndAdministrativeExpenses": 22229000,
        "sellingAndMarketingExpenses": 0,
        "sellingGeneralAndAdministrativeExpenses": 22229000,
        "otherExpenses": 603202000,
        "operatingExpenses": 625431000,
        "costAndExpenses": 625431000,
        "interestIncome": 0,
        "interestExpense": 51972000,
        "depreciationAndAmortization": 61150000,
        "ebitda": 106444000,
        "ebitdaratio": 0.1586999143,
        "operatingIncome": 45294000,
        "operatingIncomeRatio": 0.0675299117,
        "totalOtherIncomeExpensesNet": -48727000,
        "incomeBeforeTax": -3433000,
        "incomeBeforeTaxRatio": -0.0051183421,
        "incomeTaxExpense": 1242000,
        "netIncome": -10070000,
        "netIncomeRatio": -0.0150136047,
        "eps": -0.55,
        "epsdiluted": -0.55,
        "weightedAverageShsOut": 18300000,
        "weightedAverageShsOutDil": 18300000,
        "link": "https://www.sec.gov/Archives/edgar/data/1064728/000106472800000003/0001064728-00-000003-index.html",
        "finalLink": "https://www.sec.gov/Archives/edgar/data/1064728/000106472800000003/"
    },
    {
        "date": "1999-09-30",
        "symbol": "BTU",
        "reportedCurrency": "USD",
        "cik": "0001064728",
        "fillingDate": "1999-11-04",
        "acceptedDate": "1999-11-04 00:00:00",
        "calendarYear": "1999",
        "period": "Q3",
        "revenue": 678300000,
        "costOfRevenue": 550600000,
        "grossProfit": 127700000,
        "grossProfitRatio": 0.1882647796,
        "researchAndDevelopmentExpenses": 0,
        "generalAndAdministrativeExpenses": 21700000,
        "sellingAndMarketingExpenses": 59300000,
        "sellingGeneralAndAdministrativeExpenses": 81000000,
        "otherExpenses": 0,
        "operatingExpenses": 81000000,
        "costAndExpenses": 631600000,
        "interestIncome": 0,
        "interestExpense": -50900000,
        "depreciationAndAmortization": 62100000,
        "ebitda": 3300000,
        "ebitdaratio": 0.0048651039,
        "operatingIncome": -58800000,
        "operatingIncomeRatio": -0.0866873065,
        "totalOtherIncomeExpensesNet": 54600000,
        "incomeBeforeTax": -4200000,
        "incomeBeforeTaxRatio": -0.0061919505,
        "incomeTaxExpense": 200000,
        "netIncome": -4400000,
        "netIncomeRatio": -0.0064868052,
        "eps": -0.59,
        "epsdiluted": -0.59,
        "weightedAverageShsOut": 7400000,
        "weightedAverageShsOutDil": 7400000,
        "link": "https://www.sec.gov/Archives/edgar/data/1064728/000106472899000024/0001064728-99-000024-index.html",
        "finalLink": "https://www.sec.gov/Archives/edgar/data/1064728/000106472899000024/"
    },
    {
        "date": "1999-06-30",
        "symbol": "BTU",
        "reportedCurrency": "USD",
        "cik": "0001064728",
        "fillingDate": "1999-08-13",
        "acceptedDate": "1999-08-13 00:00:00",
        "calendarYear": "1999",
        "period": "Q2",
        "revenue": 664400000,
        "costOfRevenue": 535500000,
        "grossProfit": 128900000,
        "grossProfitRatio": 0.1940096328,
        "researchAndDevelopmentExpenses": 0,
        "generalAndAdministrativeExpenses": 21500000,
        "sellingAndMarketingExpenses": 65400000,
        "sellingGeneralAndAdministrativeExpenses": 86900000,
        "otherExpenses": 0,
        "operatingExpenses": 86900000,
        "costAndExpenses": 622400000,
        "interestIncome": 0,
        "interestExpense": -49600000,
        "depreciationAndAmortization": 65600000,
        "ebitda": 2000000,
        "ebitdaratio": 0.0030102348,
        "operatingIncome": -63600000,
        "operatingIncomeRatio": -0.0957254666,
        "totalOtherIncomeExpensesNet": 55900000,
        "incomeBeforeTax": -7700000,
        "incomeBeforeTaxRatio": -0.011589404,
        "incomeTaxExpense": -1100000,
        "netIncome": -6600000,
        "netIncomeRatio": -0.0099337748,
        "eps": -0.89,
        "epsdiluted": -0.89,
        "weightedAverageShsOut": 7400000,
        "weightedAverageShsOutDil": 7400000,
        "link": "https://www.sec.gov/Archives/edgar/data/1064728/000106472899000016/0001064728-99-000016-index.html",
        "finalLink": "https://www.sec.gov/Archives/edgar/data/1064728/000106472899000016/"
    },
    {
        "date": "1999-03-31",
        "symbol": "BTU",
        "reportedCurrency": "USD",
        "cik": "0001064728",
        "fillingDate": "1999-06-18",
        "acceptedDate": "1999-06-18 00:00:00",
        "calendarYear": "1999",
        "period": "Q1",
        "revenue": 399000000,
        "costOfRevenue": 279500000,
        "grossProfit": 119500000,
        "grossProfitRatio": 0.2994987469,
        "researchAndDevelopmentExpenses": 0,
        "generalAndAdministrativeExpenses": 11600000,
        "sellingAndMarketingExpenses": 27300000,
        "sellingGeneralAndAdministrativeExpenses": 38900000,
        "otherExpenses": 0,
        "operatingExpenses": 38900000,
        "costAndExpenses": 318400000,
        "interestIncome": 0,
        "interestExpense": -44200000,
        "depreciationAndAmortization": 204700000,
        "ebitda": 195000000,
        "ebitdaratio": 0.4887218045,
        "operatingIncome": -9700000,
        "operatingIncomeRatio": -0.0243107769,
        "totalOtherIncomeExpensesNet": 46100000,
        "incomeBeforeTax": 36400000,
        "incomeBeforeTaxRatio": 0.0912280702,
        "incomeTaxExpense": 9900000,
        "netIncome": 26500000,
        "netIncomeRatio": 0.0664160401,
        "eps": 3.68,
        "epsdiluted": 3.68,
        "weightedAverageShsOut": 7200000,
        "weightedAverageShsOutDil": 7200000,
        "link": "https://www.sec.gov/Archives/edgar/data/1064728/000106880099000273/0001068800-99-000273-index.html",
        "finalLink": "https://www.sec.gov/Archives/edgar/data/1064728/000106880099000273/"
    },
    {
        "date": "1998-12-31",
        "symbol": "BTU",
        "reportedCurrency": "USD",
        "cik": "0001064728",
        "fillingDate": "1999-02-12",
        "acceptedDate": "1999-02-12 00:00:00",
        "calendarYear": "1998",
        "period": "Q4",
        "revenue": 582600000,
        "costOfRevenue": 460000000,
        "grossProfit": 122600000,
        "grossProfitRatio": 0.2104359767,
        "researchAndDevelopmentExpenses": 0,
        "generalAndAdministrativeExpenses": 18400000,
        "sellingAndMarketingExpenses": 53100000,
        "sellingGeneralAndAdministrativeExpenses": 71500000,
        "otherExpenses": 0,
        "operatingExpenses": 71500000,
        "costAndExpenses": 531500000,
        "interestIncome": 0,
        "interestExpense": -42700000,
        "depreciationAndAmortization": -85400000,
        "ebitda": -34300000,
        "ebitdaratio": -0.058874013,
        "operatingIncome": 51100000,
        "operatingIncomeRatio": 0.0877102643,
        "totalOtherIncomeExpensesNet": -42700000,
        "incomeBeforeTax": 8400000,
        "incomeBeforeTaxRatio": 0.0144181256,
        "incomeTaxExpense": 3300000,
        "netIncome": 5100000,
        "netIncomeRatio": 0.008753862,
        "eps": 0.71,
        "epsdiluted": 0.71,
        "weightedAverageShsOut": 7200000,
        "weightedAverageShsOutDil": 7200000,
        "link": "https://www.sec.gov/Archives/edgar/data/1064728/000106472899000003/0001064728-99-000003-index.html",
        "finalLink": "https://www.sec.gov/Archives/edgar/data/1064728/"
    }
]