[
    {
        "date": "2025-06-30",
        "symbol": "BUD",
        "reportedCurrency": "USD",
        "cik": "0001668717",
        "fillingDate": "2025-07-31",
        "acceptedDate": "2025-07-31 08:37:29",
        "calendarYear": "2025",
        "period": "Q2",
        "revenue": 15004000000,
        "costOfRevenue": 6558000000,
        "grossProfit": 8446000000,
        "grossProfitRatio": 0.5629165556,
        "researchAndDevelopmentExpenses": 0,
        "generalAndAdministrativeExpenses": 2262000000,
        "sellingAndMarketingExpenses": 6550000000,
        "sellingGeneralAndAdministrativeExpenses": 8882562000,
        "otherExpenses": -7942562000,
        "operatingExpenses": 940000000,
        "costAndExpenses": 7498000000,
        "interestIncome": 241922000,
        "interestExpense": 1918238000,
        "depreciationAndAmortization": 904500000,
        "ebitda": 4862500000,
        "ebitdaratio": 0.3240802453,
        "operatingIncome": 7339303000,
        "operatingIncomeRatio": 0.489156425,
        "totalOtherIncomeExpensesNet": -1319482000,
        "incomeBeforeTax": 6019821000,
        "incomeBeforeTaxRatio": 0.4012144095,
        "incomeTaxExpense": 740000000,
        "netIncome": 1676000000,
        "netIncomeRatio": 0.1117035457,
        "eps": 0.84,
        "epsdiluted": 0.84,
        "weightedAverageShsOut": 1994000000,
        "weightedAverageShsOutDil": 1994000000,
        "link": "https://www.sec.gov/Archives/edgar/data/1668717/000119312525170135/0001193125-25-170135-index.htm",
        "finalLink": "https://www.sec.gov/Archives/edgar/data/1668717/000119312525170135/0001193125-25-170135.txt"
    },
    {
        "date": "2025-03-31",
        "symbol": "BUD",
        "reportedCurrency": "USD",
        "cik": "0001668717",
        "fillingDate": "2025-03-31",
        "acceptedDate": "2025-03-31 00:00:00",
        "calendarYear": "2025",
        "period": "Q1",
        "revenue": 13628000000,
        "costOfRevenue": 6044000000,
        "grossProfit": 7583000000,
        "grossProfitRatio": 0.5564279425,
        "researchAndDevelopmentExpenses": 0,
        "generalAndAdministrativeExpenses": 0,
        "sellingAndMarketingExpenses": 0,
        "sellingGeneralAndAdministrativeExpenses": 4188000000,
        "otherExpenses": -18000000,
        "operatingExpenses": 4170000000,
        "costAndExpenses": 10041000000,
        "interestIncome": 0,
        "interestExpense": 818000000,
        "depreciationAndAmortization": 966750000,
        "ebitda": 4572750000,
        "ebitdaratio": 0.3355407984,
        "operatingIncome": 3414000000,
        "operatingIncomeRatio": 0.2505136484,
        "totalOtherIncomeExpensesNet": -206000000,
        "incomeBeforeTax": 3208000000,
        "incomeBeforeTaxRatio": 0.2353977106,
        "incomeTaxExpense": 664000000,
        "netIncome": 2148000000,
        "netIncomeRatio": 0.1576166716,
        "eps": 1.08,
        "epsdiluted": 1.08,
        "weightedAverageShsOut": 1994000000,
        "weightedAverageShsOutDil": 1994000000,
        "link": null,
        "finalLink": null
    },
    {
        "date": "2024-12-31",
        "symbol": "BUD",
        "reportedCurrency": "USD",
        "cik": "0001668717",
        "fillingDate": "2025-03-12",
        "acceptedDate": "2025-03-12 16:37:47",
        "calendarYear": "2024",
        "period": "Q4",
        "revenue": 14841000000,
        "costOfRevenue": 6644000000,
        "grossProfit": 8197000000,
        "grossProfitRatio": 0.5523212722,
        "researchAndDevelopmentExpenses": 0,
        "generalAndAdministrativeExpenses": 4983000000,
        "sellingAndMarketingExpenses": -381000000,
        "sellingGeneralAndAdministrativeExpenses": 4602000000,
        "otherExpenses": -254000000,
        "operatingExpenses": 4348000000,
        "costAndExpenses": 10992000000,
        "interestIncome": 0,
        "interestExpense": 1431921000,
        "depreciationAndAmortization": 966750000,
        "ebitda": 4633750000,
        "ebitdaratio": 0.3122262651,
        "operatingIncome": 3849000000,
        "operatingIncomeRatio": 0.2593491005,
        "totalOtherIncomeExpensesNet": -1310000000,
        "incomeBeforeTax": 2539000000,
        "incomeBeforeTaxRatio": 0.1710801159,
        "incomeTaxExpense": 848000000,
        "netIncome": 1220000000,
        "netIncomeRatio": 0.0822047032,
        "eps": 0.61,
        "epsdiluted": 0.61,
        "weightedAverageShsOut": 2018153000,
        "weightedAverageShsOutDil": 2003000000,
        "link": "https://www.sec.gov/Archives/edgar/data/1668717/000119312525052976/0001193125-25-052976-index.htm",
        "finalLink": "https://www.sec.gov/Archives/edgar/data/1668717/000119312525052976/d899194d20f.htm"
    },
    {
        "date": "2024-09-30",
        "symbol": "BUD",
        "reportedCurrency": "USD",
        "cik": "0001668717",
        "fillingDate": "2024-09-30",
        "acceptedDate": "2024-09-30 00:00:00",
        "calendarYear": "2024",
        "period": "Q3",
        "revenue": 15046000000,
        "costOfRevenue": 6680000000,
        "grossProfit": 8366000000,
        "grossProfitRatio": 0.5560281802,
        "researchAndDevelopmentExpenses": 0,
        "generalAndAdministrativeExpenses": 0,
        "sellingAndMarketingExpenses": 0,
        "sellingGeneralAndAdministrativeExpenses": 4490000000,
        "otherExpenses": -215000000,
        "operatingExpenses": 4275000000,
        "costAndExpenses": 10955000000,
        "interestIncome": 34000000,
        "interestExpense": 1155079000,
        "depreciationAndAmortization": 957250000,
        "ebitda": 5026250000,
        "ebitdaratio": 0.3340588861,
        "operatingIncome": 4091000000,
        "operatingIncomeRatio": 0.2718995082,
        "totalOtherIncomeExpensesNet": -843000000,
        "incomeBeforeTax": 3248000000,
        "incomeBeforeTaxRatio": 0.2158713279,
        "incomeTaxExpense": 758000000,
        "netIncome": 2071000000,
        "netIncomeRatio": 0.1376445567,
        "eps": 1.03,
        "epsdiluted": 1.03,
        "weightedAverageShsOut": 2005000000,
        "weightedAverageShsOutDil": 2043000000,
        "link": null,
        "finalLink": null
    },
    {
        "date": "2024-06-30",
        "symbol": "BUD",
        "reportedCurrency": "USD",
        "cik": "0001668717",
        "fillingDate": "2024-06-30",
        "acceptedDate": "2024-06-29 20:00:00",
        "calendarYear": "2024",
        "period": "Q2",
        "revenue": 15333000000,
        "costOfRevenue": 6766000000,
        "grossProfit": 8567000000,
        "grossProfitRatio": 0.5587295376,
        "researchAndDevelopmentExpenses": 0,
        "generalAndAdministrativeExpenses": 0,
        "sellingAndMarketingExpenses": 6731000000,
        "sellingGeneralAndAdministrativeExpenses": 4813000000,
        "otherExpenses": -151000000,
        "operatingExpenses": 4662000000,
        "costAndExpenses": 11428000000,
        "interestIncome": 292542000,
        "interestExpense": 2131666000,
        "depreciationAndAmortization": 2583959000,
        "ebitda": 9354371000,
        "ebitdaratio": 0.6100809365,
        "operatingIncome": 3905000000,
        "operatingIncomeRatio": 0.2546794496,
        "totalOtherIncomeExpensesNet": -1402000000,
        "incomeBeforeTax": 2503000000,
        "incomeBeforeTaxRatio": 0.1632426792,
        "incomeTaxExpense": 752000000,
        "netIncome": 1472000000,
        "netIncomeRatio": 0.096002087,
        "eps": 0.73,
        "epsdiluted": 0.73,
        "weightedAverageShsOut": 2005000000,
        "weightedAverageShsOutDil": 2043000000,
        "link": "",
        "finalLink": ""
    },
    {
        "date": "2024-03-31",
        "symbol": "BUD",
        "reportedCurrency": "USD",
        "cik": "0001668717",
        "fillingDate": "2024-03-31",
        "acceptedDate": "2024-03-30 20:00:00",
        "calendarYear": "2024",
        "period": "Q1",
        "revenue": 14547000000,
        "costOfRevenue": 6653000000,
        "grossProfit": 7894000000,
        "grossProfitRatio": 0.5426548429,
        "researchAndDevelopmentExpenses": 0,
        "generalAndAdministrativeExpenses": 0,
        "sellingAndMarketingExpenses": 0,
        "sellingGeneralAndAdministrativeExpenses": 4435000000,
        "otherExpenses": -183000000,
        "operatingExpenses": 4252000000,
        "costAndExpenses": 10905000000,
        "interestIncome": 0,
        "interestExpense": 1178079000,
        "depreciationAndAmortization": 957250000,
        "ebitda": 4577250000,
        "ebitdaratio": 0.3146525057,
        "operatingIncome": 3642000000,
        "operatingIncomeRatio": 0.2503608992,
        "totalOtherIncomeExpensesNet": -1364000000,
        "incomeBeforeTax": 2278000000,
        "incomeBeforeTaxRatio": 0.1565958617,
        "incomeTaxExpense": 794000000,
        "netIncome": 1091000000,
        "netIncomeRatio": 0.0749982814,
        "eps": 0.54,
        "epsdiluted": 0.54,
        "weightedAverageShsOut": 2015001000,
        "weightedAverageShsOutDil": 2015000000,
        "link": "",
        "finalLink": ""
    },
    {
        "date": "2023-12-31",
        "symbol": "BUD",
        "reportedCurrency": "USD",
        "cik": "0001668717",
        "fillingDate": "2024-03-11",
        "acceptedDate": "2024-03-11 16:17:39",
        "calendarYear": "2023",
        "period": "Q4",
        "revenue": 14473000000,
        "costOfRevenue": 6679000000,
        "grossProfit": 7794000000,
        "grossProfitRatio": 0.5385200028,
        "researchAndDevelopmentExpenses": 256000000,
        "generalAndAdministrativeExpenses": 4738000000,
        "sellingAndMarketingExpenses": 0,
        "sellingGeneralAndAdministrativeExpenses": 4564000000,
        "otherExpenses": 107000000,
        "operatingExpenses": 4927000000,
        "costAndExpenses": 11606000000,
        "interestIncome": 340500000,
        "interestExpense": 2514690000,
        "depreciationAndAmortization": 2909269000,
        "ebitda": 10517431000,
        "ebitdaratio": 0.7266932219,
        "operatingIncome": 2867000000,
        "operatingIncomeRatio": 0.1980930008,
        "totalOtherIncomeExpensesNet": -221000000,
        "incomeBeforeTax": 2646000000,
        "incomeBeforeTaxRatio": 0.182823188,
        "incomeTaxExpense": 376000000,
        "netIncome": 1891000000,
        "netIncomeRatio": 0.1306570856,
        "eps": 0.94,
        "epsdiluted": 0.94,
        "weightedAverageShsOut": 1983828000,
        "weightedAverageShsOutDil": 2016000000,
        "link": "https://www.sec.gov/Archives/edgar/data/1668717/000119312524064823/0001193125-24-064823-index.htm",
        "finalLink": "https://www.sec.gov/Archives/edgar/data/1668717/000119312524064823/d801635d20f.htm"
    },
    {
        "date": "2023-09-30",
        "symbol": "BUD",
        "reportedCurrency": "USD",
        "cik": "0001668717",
        "fillingDate": "2023-09-30",
        "acceptedDate": "2023-09-29 20:00:00",
        "calendarYear": "2023",
        "period": "Q3",
        "revenue": 15574000000,
        "costOfRevenue": 7180000000,
        "grossProfit": 8394000000,
        "grossProfitRatio": 0.5389752151,
        "researchAndDevelopmentExpenses": 0,
        "generalAndAdministrativeExpenses": 0,
        "sellingAndMarketingExpenses": 0,
        "sellingGeneralAndAdministrativeExpenses": 4583000000,
        "otherExpenses": 0,
        "operatingExpenses": 4366000000,
        "costAndExpenses": 11546000000,
        "interestIncome": 29000000,
        "interestExpense": 1005000000,
        "depreciationAndAmortization": 948750000,
        "ebitda": 4954750000,
        "ebitdaratio": 0.3181424168,
        "operatingIncome": 4027000000,
        "operatingIncomeRatio": 0.2585719789,
        "totalOtherIncomeExpensesNet": -1395000000,
        "incomeBeforeTax": 2632000000,
        "incomeBeforeTaxRatio": 0.1689996147,
        "incomeTaxExpense": 666000000,
        "netIncome": 1472000000,
        "netIncomeRatio": 0.0945165019,
        "eps": 0.73,
        "epsdiluted": 0.73,
        "weightedAverageShsOut": 2016000000,
        "weightedAverageShsOutDil": 2016000000,
        "link": "",
        "finalLink": ""
    },
    {
        "date": "2023-06-30",
        "symbol": "BUD",
        "reportedCurrency": "USD",
        "cik": "0001668717",
        "fillingDate": "2023-06-30",
        "acceptedDate": "2023-06-29 20:00:00",
        "calendarYear": "2023",
        "period": "Q2",
        "revenue": 15120000000,
        "costOfRevenue": 7020000000,
        "grossProfit": 8100000000,
        "grossProfitRatio": 0.5357142857,
        "researchAndDevelopmentExpenses": 0,
        "generalAndAdministrativeExpenses": 2350000000,
        "sellingAndMarketingExpenses": 6701000000,
        "sellingGeneralAndAdministrativeExpenses": 9051000000,
        "otherExpenses": -9299000000,
        "operatingExpenses": -4592000000,
        "costAndExpenses": 2428000000,
        "interestIncome": 272000000,
        "interestExpense": 1272000000,
        "depreciationAndAmortization": 894500000,
        "ebitda": 2474000000,
        "ebitdaratio": 0.1636243386,
        "operatingIncome": 3508000000,
        "operatingIncomeRatio": 0.232010582,
        "totalOtherIncomeExpensesNet": -2367000000,
        "incomeBeforeTax": 1202000000,
        "incomeBeforeTaxRatio": 0.0794973545,
        "incomeTaxExpense": 595000000,
        "netIncome": 339000000,
        "netIncomeRatio": 0.0224206349,
        "eps": 0.17,
        "epsdiluted": 0.17,
        "weightedAverageShsOut": 2016000000,
        "weightedAverageShsOutDil": 2017000000,
        "link": "",
        "finalLink": ""
    },
    {
        "date": "2023-03-31",
        "symbol": "BUD",
        "reportedCurrency": "USD",
        "cik": "0001668717",
        "fillingDate": "2023-03-31",
        "acceptedDate": "2023-03-30 20:00:00",
        "calendarYear": "2023",
        "period": "Q1",
        "revenue": 14213000000,
        "costOfRevenue": 6517000000,
        "grossProfit": 7696000000,
        "grossProfitRatio": 0.5414761134,
        "researchAndDevelopmentExpenses": 0,
        "generalAndAdministrativeExpenses": 0,
        "sellingAndMarketingExpenses": 0,
        "sellingGeneralAndAdministrativeExpenses": 4344000000,
        "otherExpenses": -8583000000,
        "operatingExpenses": -4239000000,
        "costAndExpenses": 2278000000,
        "interestIncome": 31000000,
        "interestExpense": 1010000000,
        "depreciationAndAmortization": 948750000,
        "ebitda": 4431750000,
        "ebitdaratio": 0.3118096109,
        "operatingIncome": 3457000000,
        "operatingIncomeRatio": 0.2432280307,
        "totalOtherIncomeExpensesNet": -856000000,
        "incomeBeforeTax": 2645000000,
        "incomeBeforeTaxRatio": 0.1860972349,
        "incomeTaxExpense": 597000000,
        "netIncome": 1639000000,
        "netIncomeRatio": 0.1153169633,
        "eps": 0.81,
        "epsdiluted": 0.81,
        "weightedAverageShsOut": 2015000000,
        "weightedAverageShsOutDil": 2015000000,
        "link": "",
        "finalLink": ""
    },
    {
        "date": "2022-12-31",
        "symbol": "BUD",
        "reportedCurrency": "USD",
        "cik": "0001668717",
        "fillingDate": "2022-12-31",
        "acceptedDate": "2022-12-31 00:00:00",
        "calendarYear": "2022",
        "period": "Q4",
        "revenue": 14668000000,
        "costOfRevenue": 6661000000,
        "grossProfit": 8007000000,
        "grossProfitRatio": 0.5458821925,
        "researchAndDevelopmentExpenses": 268000000,
        "generalAndAdministrativeExpenses": 4414000000,
        "sellingAndMarketingExpenses": 13141000000,
        "sellingGeneralAndAdministrativeExpenses": 4592000000,
        "otherExpenses": 0,
        "operatingExpenses": 4902000000,
        "costAndExpenses": 11563000000,
        "interestIncome": 316000000,
        "interestExpense": 1328000000,
        "depreciationAndAmortization": 1068250000,
        "ebitda": 4328000000,
        "ebitdaratio": 0.2950640851,
        "operatingIncome": 3158000000,
        "operatingIncomeRatio": 0.2152986092,
        "totalOtherIncomeExpensesNet": -314000000,
        "incomeBeforeTax": 3292000000,
        "incomeBeforeTaxRatio": 0.2244341424,
        "incomeTaxExpense": -5000000,
        "netIncome": 2844000000,
        "netIncomeRatio": 0.1938914644,
        "eps": 1.41,
        "epsdiluted": 1.41,
        "weightedAverageShsOut": 1983786137,
        "weightedAverageShsOutDil": 2012000000,
        "link": "",
        "finalLink": ""
    },
    {
        "date": "2022-09-30",
        "symbol": "BUD",
        "reportedCurrency": "USD",
        "cik": "0001668717",
        "fillingDate": "2022-09-30",
        "acceptedDate": "2022-09-30 00:00:00",
        "calendarYear": "2022",
        "period": "Q3",
        "revenue": 15091000000,
        "costOfRevenue": 6860000000,
        "grossProfit": 8231000000,
        "grossProfitRatio": 0.5454244252,
        "researchAndDevelopmentExpenses": 0,
        "generalAndAdministrativeExpenses": 0,
        "sellingAndMarketingExpenses": 0,
        "sellingGeneralAndAdministrativeExpenses": 4347000000,
        "otherExpenses": -170000000,
        "operatingExpenses": 4177000000,
        "costAndExpenses": 11037000000,
        "interestIncome": 34000000,
        "interestExpense": 1059000000,
        "depreciationAndAmortization": 935750000,
        "ebitda": 4971750000,
        "ebitdaratio": 0.3294513286,
        "operatingIncome": 4693000000,
        "operatingIncomeRatio": 0.3109800543,
        "totalOtherIncomeExpensesNet": -1540000000,
        "incomeBeforeTax": 2515000000,
        "incomeBeforeTaxRatio": 0.1666556226,
        "incomeTaxExpense": 688000000,
        "netIncome": 1433000000,
        "netIncomeRatio": 0.0949572593,
        "eps": 0.71,
        "epsdiluted": 0.71,
        "weightedAverageShsOut": 2012000000,
        "weightedAverageShsOutDil": 2012000000,
        "link": "",
        "finalLink": ""
    },
    {
        "date": "2022-06-30",
        "symbol": "BUD",
        "reportedCurrency": "USD",
        "cik": "0001668717",
        "fillingDate": "2022-06-30",
        "acceptedDate": "2022-06-30 00:00:00",
        "calendarYear": "2022",
        "period": "Q2",
        "revenue": 14792000000,
        "costOfRevenue": 6795000000,
        "grossProfit": 7997000000,
        "grossProfitRatio": 0.5406300703,
        "researchAndDevelopmentExpenses": 0,
        "generalAndAdministrativeExpenses": 2237000000,
        "sellingAndMarketingExpenses": 6380000000,
        "sellingGeneralAndAdministrativeExpenses": 8617000000,
        "otherExpenses": -314000000,
        "operatingExpenses": 4187000000,
        "costAndExpenses": 10982000000,
        "interestIncome": 149000000,
        "interestExpense": 1126000000,
        "depreciationAndAmortization": 1238500000,
        "ebitda": 5029500000,
        "ebitdaratio": 0.3400148729,
        "operatingIncome": 3706000000,
        "operatingIncomeRatio": 0.2505408329,
        "totalOtherIncomeExpensesNet": -1115000000,
        "incomeBeforeTax": 2895000000,
        "incomeBeforeTaxRatio": 0.1957138994,
        "incomeTaxExpense": 720000000,
        "netIncome": 2175000000,
        "netIncomeRatio": 0.14703894,
        "eps": 1.08,
        "epsdiluted": 1.08,
        "weightedAverageShsOut": 2012000000,
        "weightedAverageShsOutDil": 2012000000,
        "link": "",
        "finalLink": ""
    },
    {
        "date": "2022-03-31",
        "symbol": "BUD",
        "reportedCurrency": "USD",
        "cik": "0001668717",
        "fillingDate": "2022-03-31",
        "acceptedDate": "2022-03-31 00:00:00",
        "calendarYear": "2022",
        "period": "Q1",
        "revenue": 13235000000,
        "costOfRevenue": 5989000000,
        "grossProfit": 7246000000,
        "grossProfitRatio": 0.5474877219,
        "researchAndDevelopmentExpenses": 0,
        "generalAndAdministrativeExpenses": 0,
        "sellingAndMarketingExpenses": 0,
        "sellingGeneralAndAdministrativeExpenses": 4116000000,
        "otherExpenses": -164000000,
        "operatingExpenses": 3952000000,
        "costAndExpenses": 9941000000,
        "interestIncome": 48000000,
        "interestExpense": 1014000000,
        "depreciationAndAmortization": 935750000,
        "ebitda": 4211750000,
        "ebitdaratio": 0.3182281828,
        "operatingIncome": 3294000000,
        "operatingIncomeRatio": 0.2488855308,
        "totalOtherIncomeExpensesNet": -2271000000,
        "incomeBeforeTax": 823000000,
        "incomeBeforeTaxRatio": 0.0621836041,
        "incomeTaxExpense": 524000000,
        "netIncome": 299000000,
        "netIncomeRatio": 0.0225916131,
        "eps": 0.15,
        "epsdiluted": 0.15,
        "weightedAverageShsOut": 2012000000,
        "weightedAverageShsOutDil": 2012000000,
        "link": "",
        "finalLink": ""
    },
    {
        "date": "2021-12-31",
        "symbol": "BUD",
        "reportedCurrency": "USD",
        "cik": "0001668717",
        "fillingDate": "2021-12-31",
        "acceptedDate": "2021-12-31 00:00:00",
        "calendarYear": "2021",
        "period": "Q4",
        "revenue": 14198000000,
        "costOfRevenue": 6096000000,
        "grossProfit": 8102000000,
        "grossProfitRatio": 0.5706437526,
        "researchAndDevelopmentExpenses": 298000000,
        "generalAndAdministrativeExpenses": 4394000000,
        "sellingAndMarketingExpenses": 13181000000,
        "sellingGeneralAndAdministrativeExpenses": 4625000000,
        "otherExpenses": 192000000,
        "operatingExpenses": 4744000000,
        "costAndExpenses": 10840000000,
        "interestIncome": 329000000,
        "interestExpense": 2470000000,
        "depreciationAndAmortization": 1030000000,
        "ebitda": 3934000000,
        "ebitdaratio": 0.2770812791,
        "operatingIncome": 3036000000,
        "operatingIncomeRatio": 0.2138329342,
        "totalOtherIncomeExpensesNet": -251000000,
        "incomeBeforeTax": 2785000000,
        "incomeBeforeTaxRatio": 0.1961543879,
        "incomeTaxExpense": 440000000,
        "netIncome": 1963000000,
        "netIncomeRatio": 0.1382589097,
        "eps": 1.17,
        "epsdiluted": 1.17,
        "weightedAverageShsOut": 1981024587,
        "weightedAverageShsOutDil": 2006000000,
        "link": "",
        "finalLink": ""
    },
    {
        "date": "2021-09-30",
        "symbol": "BUD",
        "reportedCurrency": "USD",
        "cik": "0001668717",
        "fillingDate": "2021-09-30",
        "acceptedDate": "2021-09-30 00:00:00",
        "calendarYear": "2021",
        "period": "Q3",
        "revenue": 14274000000,
        "costOfRevenue": 6039000000,
        "grossProfit": 8235000000,
        "grossProfitRatio": 0.5769230769,
        "researchAndDevelopmentExpenses": 0,
        "generalAndAdministrativeExpenses": 0,
        "sellingAndMarketingExpenses": 0,
        "sellingGeneralAndAdministrativeExpenses": 4379000000,
        "otherExpenses": -163000000,
        "operatingExpenses": 4216000000,
        "costAndExpenses": 10255000000,
        "interestIncome": 12000000,
        "interestExpense": 896000000,
        "depreciationAndAmortization": 920500000,
        "ebitda": 3932000000,
        "ebitdaratio": 0.275465882,
        "operatingIncome": 4020000000,
        "operatingIncomeRatio": 0.2816309374,
        "totalOtherIncomeExpensesNet": -2646000000,
        "incomeBeforeTax": 1372000000,
        "incomeBeforeTaxRatio": 0.0961188174,
        "incomeTaxExpense": 679000000,
        "netIncome": 250000000,
        "netIncomeRatio": 0.0175143618,
        "eps": 0.12,
        "epsdiluted": 0.12,
        "weightedAverageShsOut": 2006000000,
        "weightedAverageShsOutDil": 2006000000,
        "link": "",
        "finalLink": ""
    },
    {
        "date": "2021-06-30",
        "symbol": "BUD",
        "reportedCurrency": "USD",
        "cik": "0001668717",
        "fillingDate": "2021-06-30",
        "acceptedDate": "2021-06-30 00:00:00",
        "calendarYear": "2021",
        "period": "Q2",
        "revenue": 13539000000,
        "costOfRevenue": 5720000000,
        "grossProfit": 7819000000,
        "grossProfitRatio": 0.5775168033,
        "researchAndDevelopmentExpenses": 0,
        "generalAndAdministrativeExpenses": 2247000000,
        "sellingAndMarketingExpenses": 6323000000,
        "sellingGeneralAndAdministrativeExpenses": 8570000000,
        "otherExpenses": -316000000,
        "operatingExpenses": 4194000000,
        "costAndExpenses": 9914000000,
        "interestIncome": 361000000,
        "interestExpense": 1127000000,
        "depreciationAndAmortization": 1183500000,
        "ebitda": 4820500000,
        "ebitdaratio": 0.3560454982,
        "operatingIncome": 3438000000,
        "operatingIncomeRatio": 0.2539330822,
        "totalOtherIncomeExpensesNet": -554000000,
        "incomeBeforeTax": 2884000000,
        "incomeBeforeTaxRatio": 0.2130142551,
        "incomeTaxExpense": 702000000,
        "netIncome": 1863000000,
        "netIncomeRatio": 0.1376024817,
        "eps": 0.93,
        "epsdiluted": 0.93,
        "weightedAverageShsOut": 2005000000,
        "weightedAverageShsOutDil": 2006000000,
        "link": "",
        "finalLink": ""
    },
    {
        "date": "2021-03-31",
        "symbol": "BUD",
        "reportedCurrency": "USD",
        "cik": "0001668717",
        "fillingDate": "2021-03-31",
        "acceptedDate": "2021-03-31 00:00:00",
        "calendarYear": "2021",
        "period": "Q1",
        "revenue": 12293000000,
        "costOfRevenue": 5243000000,
        "grossProfit": 7050000000,
        "grossProfitRatio": 0.5734971122,
        "researchAndDevelopmentExpenses": 0,
        "generalAndAdministrativeExpenses": 0,
        "sellingAndMarketingExpenses": 0,
        "sellingGeneralAndAdministrativeExpenses": 4060000000,
        "otherExpenses": -123000000,
        "operatingExpenses": 3937000000,
        "costAndExpenses": 9180000000,
        "interestIncome": 5000000,
        "interestExpense": 927000000,
        "depreciationAndAmortization": 920500000,
        "ebitda": 4015500000,
        "ebitdaratio": 0.3266493126,
        "operatingIncome": 3113000000,
        "operatingIncomeRatio": 0.2532335475,
        "totalOtherIncomeExpensesNet": -1692000000,
        "incomeBeforeTax": 1421000000,
        "incomeBeforeTaxRatio": 0.1155942406,
        "incomeTaxExpense": 529000000,
        "netIncome": 595000000,
        "netIncomeRatio": 0.0484015293,
        "eps": 0.3,
        "epsdiluted": 0.3,
        "weightedAverageShsOut": 2003000000,
        "weightedAverageShsOutDil": 2003000000,
        "link": "",
        "finalLink": ""
    },
    {
        "date": "2020-12-31",
        "symbol": "BUD",
        "reportedCurrency": "USD",
        "cik": "0001668717",
        "fillingDate": "2020-12-31",
        "acceptedDate": "2020-12-31 00:00:00",
        "calendarYear": "2020",
        "period": "Q4",
        "revenue": 12767000000,
        "costOfRevenue": 5282000000,
        "grossProfit": 7485000000,
        "grossProfitRatio": 0.5862771207,
        "researchAndDevelopmentExpenses": 296000000,
        "generalAndAdministrativeExpenses": 3404000000,
        "sellingAndMarketingExpenses": 11965000000,
        "sellingGeneralAndAdministrativeExpenses": 4169000000,
        "otherExpenses": 89000000,
        "operatingExpenses": 3618000000,
        "costAndExpenses": 8900000000,
        "interestIncome": 50223827,
        "interestExpense": 2258140548,
        "depreciationAndAmortization": 1005000000,
        "ebitda": 4105000000,
        "ebitdaratio": 0.3215320749,
        "operatingIncome": 3867000000,
        "operatingIncomeRatio": 0.302890264,
        "totalOtherIncomeExpensesNet": -430000000,
        "incomeBeforeTax": 3437000000,
        "incomeBeforeTaxRatio": 0.2692096812,
        "incomeTaxExpense": 830000000,
        "netIncome": 2265000000,
        "netIncomeRatio": 0.1774105115,
        "eps": 1.13,
        "epsdiluted": 1.13,
        "weightedAverageShsOut": 1972249406,
        "weightedAverageShsOutDil": 1984000000,
        "link": "",
        "finalLink": ""
    },
    {
        "date": "2020-09-30",
        "symbol": "BUD",
        "reportedCurrency": "USD",
        "cik": "0001668717",
        "fillingDate": "2020-09-30",
        "acceptedDate": "2020-09-30 00:00:00",
        "calendarYear": "2020",
        "period": "Q3",
        "revenue": 12816000000,
        "costOfRevenue": 5256000000,
        "grossProfit": 7560000000,
        "grossProfitRatio": 0.5898876404,
        "researchAndDevelopmentExpenses": 0,
        "generalAndAdministrativeExpenses": 0,
        "sellingAndMarketingExpenses": 0,
        "sellingGeneralAndAdministrativeExpenses": 3942000000,
        "otherExpenses": -135000000,
        "operatingExpenses": 3807000000,
        "costAndExpenses": 9063000000,
        "interestIncome": 0,
        "interestExpense": 1155000000,
        "depreciationAndAmortization": 947000000,
        "ebitda": 4680000000,
        "ebitdaratio": 0.3651685393,
        "operatingIncome": 3754000000,
        "operatingIncomeRatio": 0.2929151061,
        "totalOtherIncomeExpensesNet": -1860000000,
        "incomeBeforeTax": 1894000000,
        "incomeBeforeTaxRatio": 0.14778402,
        "incomeTaxExpense": 610000000,
        "netIncome": 1040000000,
        "netIncomeRatio": 0.0811485643,
        "eps": 0.52,
        "epsdiluted": 0.52,
        "weightedAverageShsOut": 1997000000,
        "weightedAverageShsOutDil": 1997000000,
        "link": "",
        "finalLink": ""
    },
    {
        "date": "2020-06-30",
        "symbol": "BUD",
        "reportedCurrency": "USD",
        "cik": "0001668717",
        "fillingDate": "2020-06-30",
        "acceptedDate": "2020-06-30 00:00:00",
        "calendarYear": "2020",
        "period": "Q2",
        "revenue": 10294000000,
        "costOfRevenue": 4524000000,
        "grossProfit": 5770000000,
        "grossProfitRatio": 0.5605206917,
        "researchAndDevelopmentExpenses": 0,
        "generalAndAdministrativeExpenses": 1578000000,
        "sellingAndMarketingExpenses": 5679000000,
        "sellingGeneralAndAdministrativeExpenses": 7257000000,
        "otherExpenses": -15000000,
        "operatingExpenses": 3473000000,
        "costAndExpenses": 7997000000,
        "interestIncome": 0,
        "interestExpense": 1059000000,
        "depreciationAndAmortization": 1079000000,
        "ebitda": -51000000,
        "ebitdaratio": -0.0049543423,
        "operatingIncome": 2297000000,
        "operatingIncomeRatio": 0.223139693,
        "totalOtherIncomeExpensesNet": -805000000,
        "incomeBeforeTax": -1304000000,
        "incomeBeforeTaxRatio": -0.1266757334,
        "incomeTaxExpense": 174000000,
        "netIncome": 349000000,
        "netIncomeRatio": 0.0339032446,
        "eps": 0.18,
        "epsdiluted": 0.18,
        "weightedAverageShsOut": 1971156658,
        "weightedAverageShsOutDil": 1971156658,
        "link": "",
        "finalLink": ""
    },
    {
        "date": "2020-03-31",
        "symbol": "BUD",
        "reportedCurrency": "USD",
        "cik": "0001668717",
        "fillingDate": "2020-03-31",
        "acceptedDate": "2020-03-31 00:00:00",
        "calendarYear": "2020",
        "period": "Q1",
        "revenue": 11003000000,
        "costOfRevenue": 4573000000,
        "grossProfit": 6430000000,
        "grossProfitRatio": 0.5843860765,
        "researchAndDevelopmentExpenses": 0,
        "generalAndAdministrativeExpenses": 0,
        "sellingAndMarketingExpenses": 0,
        "sellingGeneralAndAdministrativeExpenses": 3721000000,
        "otherExpenses": -95000000,
        "operatingExpenses": 3626000000,
        "costAndExpenses": 8199000000,
        "interestIncome": 0,
        "interestExpense": 894000000,
        "depreciationAndAmortization": 947000000,
        "ebitda": 2586000000,
        "ebitdaratio": 0.2350268109,
        "operatingIncome": 2805000000,
        "operatingIncomeRatio": 0.2549304735,
        "totalOtherIncomeExpensesNet": -4753000000,
        "incomeBeforeTax": -1948000000,
        "incomeBeforeTaxRatio": -0.1770426247,
        "incomeTaxExpense": 318000000,
        "netIncome": -2250000000,
        "netIncomeRatio": -0.2044896846,
        "eps": -1.15,
        "epsdiluted": -1.15,
        "weightedAverageShsOut": 1959379126,
        "weightedAverageShsOutDil": 1959379126,
        "link": "",
        "finalLink": ""
    },
    {
        "date": "2019-12-31",
        "symbol": "BUD",
        "reportedCurrency": "USD",
        "cik": "0001668717",
        "fillingDate": "2019-12-31",
        "acceptedDate": "2019-12-31 00:00:00",
        "calendarYear": "2019",
        "period": "Q4",
        "revenue": 13334000000,
        "costOfRevenue": 5269000000,
        "grossProfit": 8065000000,
        "grossProfitRatio": 0.6048447578,
        "researchAndDevelopmentExpenses": 291000000,
        "generalAndAdministrativeExpenses": 3548000000,
        "sellingAndMarketingExpenses": 12873000000,
        "sellingGeneralAndAdministrativeExpenses": 4149000000,
        "otherExpenses": 408000000,
        "operatingExpenses": 3936000000,
        "costAndExpenses": 9205000000,
        "interestIncome": 0,
        "interestExpense": 642000000,
        "depreciationAndAmortization": 1027500000,
        "ebitda": 5377000000,
        "ebitdaratio": 0.4032548373,
        "operatingIncome": 4128000000,
        "operatingIncomeRatio": 0.3095845208,
        "totalOtherIncomeExpensesNet": -3150000000,
        "incomeBeforeTax": 813000000,
        "incomeBeforeTaxRatio": 0.0609719514,
        "incomeTaxExpense": 454000000,
        "netIncome": 113000000,
        "netIncomeRatio": 0.0084745763,
        "eps": 0.0577,
        "epsdiluted": 0.0577,
        "weightedAverageShsOut": 1959379126,
        "weightedAverageShsOutDil": 1959379126,
        "link": "",
        "finalLink": ""
    },
    {
        "date": "2019-09-30",
        "symbol": "BUD",
        "reportedCurrency": "USD",
        "cik": "0001668717",
        "fillingDate": "2019-09-30",
        "acceptedDate": "2019-09-30 00:00:00",
        "calendarYear": "2019",
        "period": "Q3",
        "revenue": 13172000000,
        "costOfRevenue": 5140000000,
        "grossProfit": 8032000000,
        "grossProfitRatio": 0.6097783176,
        "researchAndDevelopmentExpenses": 0,
        "generalAndAdministrativeExpenses": 0,
        "sellingAndMarketingExpenses": 0,
        "sellingGeneralAndAdministrativeExpenses": 4193000000,
        "otherExpenses": -275000000,
        "operatingExpenses": 3918000000,
        "costAndExpenses": 9058000000,
        "interestIncome": 0,
        "interestExpense": 1030000000,
        "depreciationAndAmortization": 978500000,
        "ebitda": 5068500000,
        "ebitdaratio": 0.3847935014,
        "operatingIncome": 4114000000,
        "operatingIncomeRatio": 0.3123291831,
        "totalOtherIncomeExpensesNet": -120000000,
        "incomeBeforeTax": 3994000000,
        "incomeBeforeTaxRatio": 0.3032189493,
        "incomeTaxExpense": 768000000,
        "netIncome": 3003000000,
        "netIncomeRatio": 0.2279836016,
        "eps": 1.51,
        "epsdiluted": 1.51,
        "weightedAverageShsOut": 1982000000,
        "weightedAverageShsOutDil": 1982000000,
        "link": "",
        "finalLink": ""
    },
    {
        "date": "2019-06-30",
        "symbol": "BUD",
        "reportedCurrency": "USD",
        "cik": "0001668717",
        "fillingDate": "2019-06-30",
        "acceptedDate": "2019-06-30 00:00:00",
        "calendarYear": "2019",
        "period": "Q2",
        "revenue": 13599000000,
        "costOfRevenue": 5176000000,
        "grossProfit": 8423000000,
        "grossProfitRatio": 0.6193837782,
        "researchAndDevelopmentExpenses": 0,
        "generalAndAdministrativeExpenses": 0,
        "sellingAndMarketingExpenses": 0,
        "sellingGeneralAndAdministrativeExpenses": 4139000000,
        "otherExpenses": -200000000,
        "operatingExpenses": 3910000000,
        "costAndExpenses": 9086000000,
        "interestIncome": 0,
        "interestExpense": 884000000,
        "depreciationAndAmortization": 1036500000,
        "ebitda": 5356500000,
        "ebitdaratio": 0.3938892566,
        "operatingIncome": 4513000000,
        "operatingIncomeRatio": 0.331862637,
        "totalOtherIncomeExpensesNet": -700000000,
        "incomeBeforeTax": 3539000000,
        "incomeBeforeTaxRatio": 0.2602397235,
        "incomeTaxExpense": 894000000,
        "netIncome": 2484000000,
        "netIncomeRatio": 0.1826604897,
        "eps": 1.25,
        "epsdiluted": 1.25,
        "weightedAverageShsOut": 1980000000,
        "weightedAverageShsOutDil": 1980000000,
        "link": "",
        "finalLink": ""
    },
    {
        "date": "2019-03-31",
        "symbol": "BUD",
        "reportedCurrency": "USD",
        "cik": "0001668717",
        "fillingDate": "2019-03-31",
        "acceptedDate": "2019-03-31 00:00:00",
        "calendarYear": "2019",
        "period": "Q1",
        "revenue": 12589000000,
        "costOfRevenue": 4875000000,
        "grossProfit": 7714000000,
        "grossProfitRatio": 0.612757169,
        "researchAndDevelopmentExpenses": 0,
        "generalAndAdministrativeExpenses": 0,
        "sellingAndMarketingExpenses": 0,
        "sellingGeneralAndAdministrativeExpenses": 4036000000,
        "otherExpenses": -160000000,
        "operatingExpenses": 3876000000,
        "costAndExpenses": 8751000000,
        "interestIncome": 0,
        "interestExpense": 1117000000,
        "depreciationAndAmortization": 978500000,
        "ebitda": 3918000000,
        "ebitdaratio": 0.3112240845,
        "operatingIncome": 3793000000,
        "operatingIncomeRatio": 0.3012947812,
        "totalOtherIncomeExpensesNet": 767000000,
        "incomeBeforeTax": 4605000000,
        "incomeBeforeTaxRatio": 0.3657955358,
        "incomeTaxExpense": 723000000,
        "netIncome": 3570000000,
        "netIncomeRatio": 0.283580904,
        "eps": 1.82,
        "epsdiluted": 1.82,
        "weightedAverageShsOut": 1956500000,
        "weightedAverageShsOutDil": 1956500000,
        "link": "",
        "finalLink": ""
    },
    {
        "date": "2018-12-31",
        "symbol": "BUD",
        "reportedCurrency": "USD",
        "cik": "0001668717",
        "fillingDate": "2018-12-31",
        "acceptedDate": "2018-12-31 00:00:00",
        "calendarYear": "2018",
        "period": "Q4",
        "revenue": 14250000000,
        "costOfRevenue": 5193000000,
        "grossProfit": 9057000000,
        "grossProfitRatio": 0.6355789474,
        "researchAndDevelopmentExpenses": 0,
        "generalAndAdministrativeExpenses": 0,
        "sellingAndMarketingExpenses": 0,
        "sellingGeneralAndAdministrativeExpenses": 4154000000,
        "otherExpenses": 254000000,
        "operatingExpenses": 4657000000,
        "costAndExpenses": 9850000000,
        "interestIncome": 0,
        "interestExpense": 1160000000,
        "depreciationAndAmortization": -941000000,
        "ebitda": 3413000000,
        "ebitdaratio": 0.2395087719,
        "operatingIncome": 4354000000,
        "operatingIncomeRatio": 0.3055438596,
        "totalOtherIncomeExpensesNet": -2067000000,
        "incomeBeforeTax": 1595000000,
        "incomeBeforeTaxRatio": 0.1119298246,
        "incomeTaxExpense": 754000000,
        "netIncome": 457000000,
        "netIncomeRatio": 0.0320701754,
        "eps": 0.23,
        "epsdiluted": 0.23,
        "weightedAverageShsOut": 1956500000,
        "weightedAverageShsOutDil": 1979000000,
        "link": "",
        "finalLink": ""
    },
    {
        "date": "2018-09-30",
        "symbol": "BUD",
        "reportedCurrency": "USD",
        "cik": "0001668717",
        "fillingDate": "2018-09-30",
        "acceptedDate": "2018-09-30 00:00:00",
        "calendarYear": "2018",
        "period": "Q3",
        "revenue": 13282000000,
        "costOfRevenue": 4982000000,
        "grossProfit": 8300000000,
        "grossProfitRatio": 0.6249058877,
        "researchAndDevelopmentExpenses": 0,
        "generalAndAdministrativeExpenses": 0,
        "sellingAndMarketingExpenses": 0,
        "sellingGeneralAndAdministrativeExpenses": 4173000000,
        "otherExpenses": -181000000,
        "operatingExpenses": 3992000000,
        "costAndExpenses": 8974000000,
        "interestIncome": 0,
        "interestExpense": 1004000000,
        "depreciationAndAmortization": -111000000,
        "ebitda": 4197000000,
        "ebitdaratio": 0.3159915675,
        "operatingIncome": 4308000000,
        "operatingIncomeRatio": 0.3243487427,
        "totalOtherIncomeExpensesNet": -2545000000,
        "incomeBeforeTax": 1904000000,
        "incomeBeforeTaxRatio": 0.1433519048,
        "incomeTaxExpense": 650000000,
        "netIncome": 959000000,
        "netIncomeRatio": 0.0722029815,
        "eps": 0.49,
        "epsdiluted": 0.49,
        "weightedAverageShsOut": 1975000000,
        "weightedAverageShsOutDil": 1975000000,
        "link": "",
        "finalLink": ""
    },
    {
        "date": "2018-06-30",
        "symbol": "BUD",
        "reportedCurrency": "USD",
        "cik": "0001668717",
        "fillingDate": "2018-06-30",
        "acceptedDate": "2018-06-30 00:00:00",
        "calendarYear": "2018",
        "period": "Q2",
        "revenue": 14014000000,
        "costOfRevenue": 5196000000,
        "grossProfit": 8818000000,
        "grossProfitRatio": 0.6292279149,
        "researchAndDevelopmentExpenses": 0,
        "generalAndAdministrativeExpenses": 1799000000,
        "sellingAndMarketingExpenses": 7040000000,
        "sellingGeneralAndAdministrativeExpenses": 8839000000,
        "otherExpenses": -114000000,
        "operatingExpenses": 4379000000,
        "costAndExpenses": 9575000000,
        "interestIncome": 539000000,
        "interestExpense": 1261000000,
        "depreciationAndAmortization": 1360000000,
        "ebitda": 5692500000,
        "ebitdaratio": 0.4062009419,
        "operatingIncome": 4313000000,
        "operatingIncomeRatio": 0.3077636649,
        "totalOtherIncomeExpensesNet": -1345000000,
        "incomeBeforeTax": 3009000000,
        "incomeBeforeTaxRatio": 0.2147138576,
        "incomeTaxExpense": 763000000,
        "netIncome": 1935000000,
        "netIncomeRatio": 0.1380762095,
        "eps": 0.98,
        "epsdiluted": 0.98,
        "weightedAverageShsOut": 1970000000,
        "weightedAverageShsOutDil": 1970000000,
        "link": "",
        "finalLink": ""
    },
    {
        "date": "2018-03-31",
        "symbol": "BUD",
        "reportedCurrency": "USD",
        "cik": "0001668717",
        "fillingDate": "2018-03-31",
        "acceptedDate": "2018-03-31 00:00:00",
        "calendarYear": "2018",
        "period": "Q1",
        "revenue": 13073000000,
        "costOfRevenue": 4988000000,
        "grossProfit": 8085000000,
        "grossProfitRatio": 0.618450241,
        "researchAndDevelopmentExpenses": 0,
        "generalAndAdministrativeExpenses": 0,
        "sellingAndMarketingExpenses": 0,
        "sellingGeneralAndAdministrativeExpenses": 4298000000,
        "otherExpenses": -149000000,
        "operatingExpenses": 4149000000,
        "costAndExpenses": 9137000000,
        "interestIncome": 0,
        "interestExpense": 1049000000,
        "depreciationAndAmortization": -975000000,
        "ebitda": 3117000000,
        "ebitdaratio": 0.2384303526,
        "operatingIncome": 3935000000,
        "operatingIncomeRatio": 0.3010020653,
        "totalOtherIncomeExpensesNet": -1922000000,
        "incomeBeforeTax": 2022000000,
        "incomeBeforeTaxRatio": 0.1546699304,
        "incomeTaxExpense": 673000000,
        "netIncome": 1021000000,
        "netIncomeRatio": 0.0780999006,
        "eps": 0.52,
        "epsdiluted": 0.52,
        "weightedAverageShsOut": 1963461538,
        "weightedAverageShsOutDil": 1974000000,
        "link": "",
        "finalLink": ""
    },
    {
        "date": "2017-12-31",
        "symbol": "BUD",
        "reportedCurrency": "USD",
        "cik": "0001668717",
        "fillingDate": "2017-12-31",
        "acceptedDate": "2017-12-31 00:00:00",
        "calendarYear": "2017",
        "period": "Q4",
        "revenue": 14600000000,
        "costOfRevenue": 5166000000,
        "grossProfit": 9434000000,
        "grossProfitRatio": 0.6461643836,
        "researchAndDevelopmentExpenses": 276000000,
        "generalAndAdministrativeExpenses": 3841000000,
        "sellingAndMarketingExpenses": 14258000000,
        "sellingGeneralAndAdministrativeExpenses": 4668000000,
        "otherExpenses": -85000000,
        "operatingExpenses": 4818000000,
        "costAndExpenses": 9984000000,
        "interestIncome": 327000000,
        "interestExpense": 1417000000,
        "depreciationAndAmortization": 546000000,
        "ebitda": 5397000000,
        "ebitdaratio": 0.3696575342,
        "operatingIncome": 4851000000,
        "operatingIncomeRatio": 0.332260274,
        "totalOtherIncomeExpensesNet": -1744000000,
        "incomeBeforeTax": 2872000000,
        "incomeBeforeTaxRatio": 0.1967123288,
        "incomeTaxExpense": -567000000,
        "netIncome": 3033000000,
        "netIncomeRatio": 0.207739726,
        "eps": 1.54,
        "epsdiluted": 1.54,
        "weightedAverageShsOut": 1959000000,
        "weightedAverageShsOutDil": 1974000000,
        "link": "",
        "finalLink": ""
    },
    {
        "date": "2017-09-30",
        "symbol": "BUD",
        "reportedCurrency": "USD",
        "cik": "0001668717",
        "fillingDate": "2017-09-30",
        "acceptedDate": "2017-09-30 00:00:00",
        "calendarYear": "2017",
        "period": "Q3",
        "revenue": 14740000000,
        "costOfRevenue": 5546000000,
        "grossProfit": 9194000000,
        "grossProfitRatio": 0.6237449118,
        "researchAndDevelopmentExpenses": 0,
        "generalAndAdministrativeExpenses": 0,
        "sellingAndMarketingExpenses": 0,
        "sellingGeneralAndAdministrativeExpenses": 4652000000,
        "otherExpenses": -139000000,
        "operatingExpenses": 4513000000,
        "costAndExpenses": 10059000000,
        "interestIncome": 0,
        "interestExpense": 1148000000,
        "depreciationAndAmortization": 83000000,
        "ebitda": 4813000000,
        "ebitdaratio": 0.3265264586,
        "operatingIncome": 4681000000,
        "operatingIncomeRatio": 0.3175712347,
        "totalOtherIncomeExpensesNet": -1043000000,
        "incomeBeforeTax": 3638000000,
        "incomeBeforeTaxRatio": 0.2468113976,
        "incomeTaxExpense": 1494000000,
        "netIncome": 2055000000,
        "netIncomeRatio": 0.1394165536,
        "eps": 1.04,
        "epsdiluted": 1.04,
        "weightedAverageShsOut": 1970000393,
        "weightedAverageShsOutDil": 1975000000,
        "link": "",
        "finalLink": ""
    },
    {
        "date": "2017-06-30",
        "symbol": "BUD",
        "reportedCurrency": "USD",
        "cik": "0001668717",
        "fillingDate": "2017-06-30",
        "acceptedDate": "2017-06-30 00:00:00",
        "calendarYear": "2017",
        "period": "Q2",
        "revenue": 14182000000,
        "costOfRevenue": 5445000000,
        "grossProfit": 8737000000,
        "grossProfitRatio": 0.6160626146,
        "researchAndDevelopmentExpenses": 0,
        "generalAndAdministrativeExpenses": 1857000000,
        "sellingAndMarketingExpenses": 6922000000,
        "sellingGeneralAndAdministrativeExpenses": 8779000000,
        "otherExpenses": -220000000,
        "operatingExpenses": 4425000000,
        "costAndExpenses": 9870000000,
        "interestIncome": 59000000,
        "interestExpense": 1247000000,
        "depreciationAndAmortization": 390000000,
        "ebitda": 4442000000,
        "ebitdaratio": 0.3132139332,
        "operatingIncome": 4052000000,
        "operatingIncomeRatio": 0.2857142857,
        "totalOtherIncomeExpensesNet": -1648000000,
        "incomeBeforeTax": 2404000000,
        "incomeBeforeTaxRatio": 0.1695106473,
        "incomeTaxExpense": 576000000,
        "netIncome": 1503000000,
        "netIncomeRatio": 0.1059794105,
        "eps": 1.41,
        "epsdiluted": 1.41,
        "weightedAverageShsOut": 1970000000,
        "weightedAverageShsOutDil": 1970000000,
        "link": "",
        "finalLink": ""
    },
    {
        "date": "2017-03-31",
        "symbol": "BUD",
        "reportedCurrency": "USD",
        "cik": "0001668717",
        "fillingDate": "2017-03-31",
        "acceptedDate": "2017-03-31 00:00:00",
        "calendarYear": "2017",
        "period": "Q1",
        "revenue": 12922000000,
        "costOfRevenue": 5229000000,
        "grossProfit": 7693000000,
        "grossProfitRatio": 0.5953412784,
        "researchAndDevelopmentExpenses": 0,
        "generalAndAdministrativeExpenses": 0,
        "sellingAndMarketingExpenses": 0,
        "sellingGeneralAndAdministrativeExpenses": 4228000000,
        "otherExpenses": -256000000,
        "operatingExpenses": 3972000000,
        "costAndExpenses": 9201000000,
        "interestIncome": 0,
        "interestExpense": 1282000000,
        "depreciationAndAmortization": 0,
        "ebitda": 3444000000,
        "ebitdaratio": 0.2665222102,
        "operatingIncome": 3721000000,
        "operatingIncomeRatio": 0.2879585204,
        "totalOtherIncomeExpensesNet": -1559000000,
        "incomeBeforeTax": 2162000000,
        "incomeBeforeTaxRatio": 0.1673115617,
        "incomeTaxExpense": 418000000,
        "netIncome": 1406000000,
        "netIncomeRatio": 0.1088066863,
        "eps": 0.71,
        "epsdiluted": 0.71,
        "weightedAverageShsOut": 1970000000,
        "weightedAverageShsOutDil": 1970000000,
        "link": "",
        "finalLink": ""
    },
    {
        "date": "2016-12-31",
        "symbol": "BUD",
        "reportedCurrency": "USD",
        "cik": "0001668717",
        "fillingDate": "2016-12-31",
        "acceptedDate": "2016-12-31 00:00:00",
        "calendarYear": "2016",
        "period": "Q4",
        "revenue": 14202000000,
        "costOfRevenue": 5408000000,
        "grossProfit": 8794000000,
        "grossProfitRatio": 0.6192085622,
        "researchAndDevelopmentExpenses": 0,
        "generalAndAdministrativeExpenses": 1107000000,
        "sellingAndMarketingExpenses": 3704000000,
        "sellingGeneralAndAdministrativeExpenses": 4811000000,
        "otherExpenses": -56000000,
        "operatingExpenses": 5003000000,
        "costAndExpenses": 10411000000,
        "interestIncome": 0,
        "interestExpense": 1333000000,
        "depreciationAndAmortization": -1996000000,
        "ebitda": 3418000000,
        "ebitdaratio": 0.2406703281,
        "operatingIncome": 3753000000,
        "operatingIncomeRatio": 0.2642585551,
        "totalOtherIncomeExpensesNet": -2259000000,
        "incomeBeforeTax": 1494000000,
        "incomeBeforeTaxRatio": 0.1051964512,
        "incomeTaxExpense": 554000000,
        "netIncome": 399000000,
        "netIncomeRatio": 0.0280946346,
        "eps": 0.24,
        "epsdiluted": 0.2,
        "weightedAverageShsOut": 1641000000,
        "weightedAverageShsOutDil": 1970000000,
        "link": "",
        "finalLink": ""
    },
    {
        "date": "2016-09-30",
        "symbol": "BUD",
        "reportedCurrency": "USD",
        "cik": "0001668717",
        "fillingDate": "2016-09-30",
        "acceptedDate": "2016-09-30 00:00:00",
        "calendarYear": "2016",
        "period": "Q3",
        "revenue": 11109000000,
        "costOfRevenue": 4393000000,
        "grossProfit": 6716000000,
        "grossProfitRatio": 0.6045548654,
        "researchAndDevelopmentExpenses": 0,
        "generalAndAdministrativeExpenses": 597000000,
        "sellingAndMarketingExpenses": 3052000000,
        "sellingGeneralAndAdministrativeExpenses": 3649000000,
        "otherExpenses": -147000000,
        "operatingExpenses": 3502000000,
        "costAndExpenses": 7895000000,
        "interestIncome": 0,
        "interestExpense": 1024000000,
        "depreciationAndAmortization": -220000000,
        "ebitda": 2994000000,
        "ebitdaratio": 0.2695112071,
        "operatingIncome": 3214000000,
        "operatingIncomeRatio": 0.2893149698,
        "totalOtherIncomeExpensesNet": -2039000000,
        "incomeBeforeTax": 1175000000,
        "incomeBeforeTaxRatio": 0.1057700963,
        "incomeTaxExpense": 225000000,
        "netIncome": 557000000,
        "netIncomeRatio": 0.0501395265,
        "eps": 0.34,
        "epsdiluted": 0.34,
        "weightedAverageShsOut": 1641000000,
        "weightedAverageShsOutDil": 1641000000,
        "link": "",
        "finalLink": ""
    },
    {
        "date": "2016-06-30",
        "symbol": "BUD",
        "reportedCurrency": "USD",
        "cik": "0001668717",
        "fillingDate": "2016-06-30",
        "acceptedDate": "2016-06-30 00:00:00",
        "calendarYear": "2016",
        "period": "Q2",
        "revenue": 10806000000,
        "costOfRevenue": 4224000000,
        "grossProfit": 6582000000,
        "grossProfitRatio": 0.6091060522,
        "researchAndDevelopmentExpenses": 0,
        "generalAndAdministrativeExpenses": 624000000,
        "sellingAndMarketingExpenses": 2995000000,
        "sellingGeneralAndAdministrativeExpenses": 3619000000,
        "otherExpenses": -235000000,
        "operatingExpenses": 3384000000,
        "costAndExpenses": 7608000000,
        "interestIncome": 0,
        "interestExpense": 986000000,
        "depreciationAndAmortization": -1360000000,
        "ebitda": 2180000000,
        "ebitdaratio": 0.2017397742,
        "operatingIncome": 3116000000,
        "operatingIncomeRatio": 0.2883583195,
        "totalOtherIncomeExpensesNet": -2174000000,
        "incomeBeforeTax": 908000000,
        "incomeBeforeTaxRatio": 0.0840273922,
        "incomeTaxExpense": 497000000,
        "netIncome": 154000000,
        "netIncomeRatio": 0.0142513418,
        "eps": 0.094,
        "epsdiluted": 0.094,
        "weightedAverageShsOut": 1641000000,
        "weightedAverageShsOutDil": 1642000000,
        "link": "",
        "finalLink": ""
    },
    {
        "date": "2016-03-31",
        "symbol": "BUD",
        "reportedCurrency": "USD",
        "cik": "0001668717",
        "fillingDate": "2016-03-31",
        "acceptedDate": "2016-03-31 00:00:00",
        "calendarYear": "2016",
        "period": "Q1",
        "revenue": 9400000000,
        "costOfRevenue": 3778000000,
        "grossProfit": 5622000000,
        "grossProfitRatio": 0.5980851064,
        "researchAndDevelopmentExpenses": 0,
        "generalAndAdministrativeExpenses": 555000000,
        "sellingAndMarketingExpenses": 2537000000,
        "sellingGeneralAndAdministrativeExpenses": 3092000000,
        "otherExpenses": -163000000,
        "operatingExpenses": 2929000000,
        "costAndExpenses": 6707000000,
        "interestIncome": 0,
        "interestExpense": 853000000,
        "depreciationAndAmortization": 0,
        "ebitda": 1610000000,
        "ebitdaratio": 0.1712765957,
        "operatingIncome": 2693000000,
        "operatingIncomeRatio": 0.2864893617,
        "totalOtherIncomeExpensesNet": -1936000000,
        "incomeBeforeTax": 757000000,
        "incomeBeforeTaxRatio": 0.0805319149,
        "incomeTaxExpense": 338000000,
        "netIncome": 132000000,
        "netIncomeRatio": 0.0140425532,
        "eps": 0.0804,
        "epsdiluted": 0.067,
        "weightedAverageShsOut": 1641000000,
        "weightedAverageShsOutDil": 1970000000,
        "link": "",
        "finalLink": ""
    },
    {
        "date": "2015-12-31",
        "symbol": "BUD",
        "reportedCurrency": "USD",
        "cik": "0001668717",
        "fillingDate": "2015-12-31",
        "acceptedDate": "2015-12-31 00:00:00",
        "calendarYear": "2015",
        "period": "Q4",
        "revenue": 10723000000,
        "costOfRevenue": 4031000000,
        "grossProfit": 6692000000,
        "grossProfitRatio": 0.6240790823,
        "researchAndDevelopmentExpenses": 207000000,
        "generalAndAdministrativeExpenses": 682000000,
        "sellingAndMarketingExpenses": 2792000000,
        "sellingGeneralAndAdministrativeExpenses": 3474000000,
        "otherExpenses": -239000000,
        "operatingExpenses": 3537000000,
        "costAndExpenses": 7568000000,
        "interestIncome": 0,
        "interestExpense": 451000000,
        "depreciationAndAmortization": -78000000,
        "ebitda": 3379000000,
        "ebitdaratio": 0.3151170381,
        "operatingIncome": 3457000000,
        "operatingIncomeRatio": 0.3223911219,
        "totalOtherIncomeExpensesNet": -267000000,
        "incomeBeforeTax": 3408000000,
        "incomeBeforeTaxRatio": 0.3178215052,
        "incomeTaxExpense": 674000000,
        "netIncome": 2288000000,
        "netIncomeRatio": 0.2133731232,
        "eps": 1.39,
        "epsdiluted": 1.39,
        "weightedAverageShsOut": 1635000000,
        "weightedAverageShsOutDil": 1641000000,
        "link": "",
        "finalLink": ""
    },
    {
        "date": "2015-09-30",
        "symbol": "BUD",
        "reportedCurrency": "USD",
        "cik": "0001668717",
        "fillingDate": "2015-09-30",
        "acceptedDate": "2015-09-30 00:00:00",
        "calendarYear": "2015",
        "period": "Q3",
        "revenue": 11376000000,
        "costOfRevenue": 4444000000,
        "grossProfit": 6932000000,
        "grossProfitRatio": 0.6093530239,
        "researchAndDevelopmentExpenses": 0,
        "generalAndAdministrativeExpenses": 615000000,
        "sellingAndMarketingExpenses": 2912000000,
        "sellingGeneralAndAdministrativeExpenses": 3527000000,
        "otherExpenses": -229000000,
        "operatingExpenses": 3298000000,
        "costAndExpenses": 7742000000,
        "interestIncome": 0,
        "interestExpense": 432000000,
        "depreciationAndAmortization": -345000000,
        "ebitda": 3289000000,
        "ebitdaratio": 0.2891174402,
        "operatingIncome": 3634000000,
        "operatingIncomeRatio": 0.3194444444,
        "totalOtherIncomeExpensesNet": -1067000000,
        "incomeBeforeTax": 2567000000,
        "incomeBeforeTaxRatio": 0.2256504923,
        "incomeTaxExpense": 795000000,
        "netIncome": 1375000000,
        "netIncomeRatio": 0.1208684951,
        "eps": 0.84,
        "epsdiluted": 0.84,
        "weightedAverageShsOut": 1639000000,
        "weightedAverageShsOutDil": 1639000000,
        "link": "",
        "finalLink": ""
    },
    {
        "date": "2015-06-30",
        "symbol": "BUD",
        "reportedCurrency": "USD",
        "cik": "0001668717",
        "fillingDate": "2015-06-30",
        "acceptedDate": "2015-06-30 00:00:00",
        "calendarYear": "2015",
        "period": "Q2",
        "revenue": 11052000000,
        "costOfRevenue": 4462000000,
        "grossProfit": 6590000000,
        "grossProfitRatio": 0.5962721679,
        "researchAndDevelopmentExpenses": 0,
        "generalAndAdministrativeExpenses": 618000000,
        "sellingAndMarketingExpenses": 2823000000,
        "sellingGeneralAndAdministrativeExpenses": 3441000000,
        "otherExpenses": -255000000,
        "operatingExpenses": 3233000000,
        "costAndExpenses": 7695000000,
        "interestIncome": 0,
        "interestExpense": 425000000,
        "depreciationAndAmortization": -184000000,
        "ebitda": 3425000000,
        "ebitdaratio": 0.3098986609,
        "operatingIncome": 3393000000,
        "operatingIncomeRatio": 0.3070032573,
        "totalOtherIncomeExpensesNet": -598000000,
        "incomeBeforeTax": 2795000000,
        "incomeBeforeTaxRatio": 0.2528954035,
        "incomeTaxExpense": 532000000,
        "netIncome": 1929000000,
        "netIncomeRatio": 0.1745385451,
        "eps": 1.98,
        "epsdiluted": 1.98,
        "weightedAverageShsOut": 1635828221,
        "weightedAverageShsOutDil": 1639000000,
        "link": "",
        "finalLink": ""
    },
    {
        "date": "2015-03-31",
        "symbol": "BUD",
        "reportedCurrency": "USD",
        "cik": "0001668717",
        "fillingDate": "2015-03-31",
        "acceptedDate": "2015-03-31 00:00:00",
        "calendarYear": "2015",
        "period": "Q1",
        "revenue": 10453000000,
        "costOfRevenue": 4200000000,
        "grossProfit": 6253000000,
        "grossProfitRatio": 0.5982014733,
        "researchAndDevelopmentExpenses": 0,
        "generalAndAdministrativeExpenses": 645000000,
        "sellingAndMarketingExpenses": 2645000000,
        "sellingGeneralAndAdministrativeExpenses": 3290000000,
        "otherExpenses": -203000000,
        "operatingExpenses": 3040000000,
        "costAndExpenses": 7240000000,
        "interestIncome": 0,
        "interestExpense": 514000000,
        "depreciationAndAmortization": 606000000,
        "ebitda": 3819000000,
        "ebitdaratio": 0.3653496604,
        "operatingIncome": 3213000000,
        "operatingIncomeRatio": 0.307375873,
        "totalOtherIncomeExpensesNet": 478000000,
        "incomeBeforeTax": 3691000000,
        "incomeBeforeTaxRatio": 0.353104372,
        "incomeTaxExpense": 593000000,
        "netIncome": 2680000000,
        "netIncomeRatio": 0.2563857266,
        "eps": 1.63,
        "epsdiluted": 1.63,
        "weightedAverageShsOut": 1642000926,
        "weightedAverageShsOutDil": 1644171779,
        "link": "",
        "finalLink": ""
    },
    {
        "date": "2014-12-31",
        "symbol": "BUD",
        "reportedCurrency": "USD",
        "cik": "0001668717",
        "fillingDate": "2014-12-31",
        "acceptedDate": "2014-12-31 00:00:00",
        "calendarYear": "2014",
        "period": "Q4",
        "revenue": 12018000000,
        "costOfRevenue": 4636000000,
        "grossProfit": 7382000000,
        "grossProfitRatio": 0.6142452987,
        "researchAndDevelopmentExpenses": 217000000,
        "generalAndAdministrativeExpenses": 781000000,
        "sellingAndMarketingExpenses": 2755000000,
        "sellingGeneralAndAdministrativeExpenses": 3536000000,
        "otherExpenses": 0,
        "operatingExpenses": 3762000000,
        "costAndExpenses": 8398000000,
        "interestIncome": 0,
        "interestExpense": 865000000,
        "depreciationAndAmortization": 596000000,
        "ebitda": 4890000000,
        "ebitdaratio": 0.4068896655,
        "operatingIncome": 4193000000,
        "operatingIncomeRatio": 0.3488933267,
        "totalOtherIncomeExpensesNet": -168000000,
        "incomeBeforeTax": 4025000000,
        "incomeBeforeTaxRatio": 0.3349142952,
        "incomeTaxExpense": 749000000,
        "netIncome": 2527000000,
        "netIncomeRatio": 0.2102679314,
        "eps": 1.54,
        "epsdiluted": 1.54,
        "weightedAverageShsOut": 1637000000,
        "weightedAverageShsOutDil": 1642000000,
        "link": "",
        "finalLink": ""
    },
    {
        "date": "2014-09-30",
        "symbol": "BUD",
        "reportedCurrency": "USD",
        "cik": "0001668717",
        "fillingDate": "2014-09-30",
        "acceptedDate": "2014-09-30 00:00:00",
        "calendarYear": "2014",
        "period": "Q3",
        "revenue": 12239000000,
        "costOfRevenue": 4966000000,
        "grossProfit": 7273000000,
        "grossProfitRatio": 0.5942478961,
        "researchAndDevelopmentExpenses": 0,
        "generalAndAdministrativeExpenses": 651000000,
        "sellingAndMarketingExpenses": 3008000000,
        "sellingGeneralAndAdministrativeExpenses": 3659000000,
        "otherExpenses": -281000000,
        "operatingExpenses": 3378000000,
        "costAndExpenses": 8344000000,
        "interestIncome": 127000000,
        "interestExpense": 493000000,
        "depreciationAndAmortization": 129000000,
        "ebitda": 4193000000,
        "ebitdaratio": 0.3425933491,
        "operatingIncome": 3895000000,
        "operatingIncomeRatio": 0.3182449547,
        "totalOtherIncomeExpensesNet": -195000000,
        "incomeBeforeTax": 3700000000,
        "incomeBeforeTaxRatio": 0.3023122804,
        "incomeTaxExpense": 684000000,
        "netIncome": 2499000000,
        "netIncomeRatio": 0.2041833483,
        "eps": 1.53,
        "epsdiluted": 1.53,
        "weightedAverageShsOut": 1633000000,
        "weightedAverageShsOutDil": 1633000000,
        "link": "",
        "finalLink": ""
    },
    {
        "date": "2014-06-30",
        "symbol": "BUD",
        "reportedCurrency": "USD",
        "cik": "0001668717",
        "fillingDate": "2014-06-30",
        "acceptedDate": "2014-06-30 00:00:00",
        "calendarYear": "2014",
        "period": "Q2",
        "revenue": 12201000000,
        "costOfRevenue": 4867000000,
        "grossProfit": 7334000000,
        "grossProfitRatio": 0.6010982706,
        "researchAndDevelopmentExpenses": 0,
        "generalAndAdministrativeExpenses": 670000000,
        "sellingAndMarketingExpenses": 3126000000,
        "sellingGeneralAndAdministrativeExpenses": 3796000000,
        "otherExpenses": -495000000,
        "operatingExpenses": 3301000000,
        "costAndExpenses": 8168000000,
        "interestIncome": 0,
        "interestExpense": 698000000,
        "depreciationAndAmortization": 747000000,
        "ebitda": 4556000000,
        "ebitdaratio": 0.3734120154,
        "operatingIncome": 3968000000,
        "operatingIncomeRatio": 0.3252192443,
        "totalOtherIncomeExpensesNet": -90000000,
        "incomeBeforeTax": 3858000000,
        "incomeBeforeTaxRatio": 0.3162035899,
        "incomeTaxExpense": 647000000,
        "netIncome": 2818000000,
        "netIncomeRatio": 0.230964675,
        "eps": 1.73,
        "epsdiluted": 1.73,
        "weightedAverageShsOut": 1632000648,
        "weightedAverageShsOutDil": 1633000000,
        "link": "",
        "finalLink": ""
    },
    {
        "date": "2014-03-31",
        "symbol": "BUD",
        "reportedCurrency": "USD",
        "cik": "0001668717",
        "fillingDate": "2014-03-31",
        "acceptedDate": "2014-03-31 00:00:00",
        "calendarYear": "2014",
        "period": "Q1",
        "revenue": 10605000000,
        "costOfRevenue": 4287000000,
        "grossProfit": 6318000000,
        "grossProfitRatio": 0.5957567185,
        "researchAndDevelopmentExpenses": 0,
        "generalAndAdministrativeExpenses": 689000000,
        "sellingAndMarketingExpenses": 2705000000,
        "sellingGeneralAndAdministrativeExpenses": 3394000000,
        "otherExpenses": -203000000,
        "operatingExpenses": 3191000000,
        "costAndExpenses": 7478000000,
        "interestIncome": 0,
        "interestExpense": 516000000,
        "depreciationAndAmortization": -292000000,
        "ebitda": 2764000000,
        "ebitdaratio": 0.2606317775,
        "operatingIncome": 3107000000,
        "operatingIncomeRatio": 0.2929750118,
        "totalOtherIncomeExpensesNet": -909000000,
        "incomeBeforeTax": 2218000000,
        "incomeBeforeTaxRatio": 0.2091466289,
        "incomeTaxExpense": 419000000,
        "netIncome": 1372000000,
        "netIncomeRatio": 0.1293729373,
        "eps": 0.84,
        "epsdiluted": 0.84,
        "weightedAverageShsOut": 1631000000,
        "weightedAverageShsOutDil": 1631000000,
        "link": "",
        "finalLink": ""
    },
    {
        "date": "2013-12-31",
        "symbol": "BUD",
        "reportedCurrency": "USD",
        "cik": "0001668717",
        "fillingDate": "2013-12-31",
        "acceptedDate": "2013-12-31 00:00:00",
        "calendarYear": "2013",
        "period": "Q4",
        "revenue": 11711000000,
        "costOfRevenue": 4482000000,
        "grossProfit": 7229000000,
        "grossProfitRatio": 0.6172828964,
        "researchAndDevelopmentExpenses": 185000000,
        "generalAndAdministrativeExpenses": 802000000,
        "sellingAndMarketingExpenses": 2524000000,
        "sellingGeneralAndAdministrativeExpenses": 3326000000,
        "otherExpenses": -383000000,
        "operatingExpenses": 3363000000,
        "costAndExpenses": 7845000000,
        "interestIncome": 0,
        "interestExpense": 839000000,
        "depreciationAndAmortization": -5604000000,
        "ebitda": 4660000000,
        "ebitdaratio": 0.3979164888,
        "operatingIncome": 10605000000,
        "operatingIncomeRatio": 0.9055588763,
        "totalOtherIncomeExpensesNet": -6784000000,
        "incomeBeforeTax": 3821000000,
        "incomeBeforeTaxRatio": 0.3262744428,
        "incomeTaxExpense": 468000000,
        "netIncome": 2519000000,
        "netIncomeRatio": 0.2150969174,
        "eps": 1.54,
        "epsdiluted": 1.54,
        "weightedAverageShsOut": 1629000000,
        "weightedAverageShsOutDil": 1631000000,
        "link": "",
        "finalLink": ""
    },
    {
        "date": "2013-09-30",
        "symbol": "BUD",
        "reportedCurrency": "USD",
        "cik": "0001668717",
        "fillingDate": "2013-09-30",
        "acceptedDate": "2013-09-30 00:00:00",
        "calendarYear": "2013",
        "period": "Q3",
        "revenue": 11729000000,
        "costOfRevenue": 4757000000,
        "grossProfit": 6972000000,
        "grossProfitRatio": 0.5944240771,
        "researchAndDevelopmentExpenses": 0,
        "generalAndAdministrativeExpenses": 663000000,
        "sellingAndMarketingExpenses": 2691000000,
        "sellingGeneralAndAdministrativeExpenses": 3354000000,
        "otherExpenses": -186000000,
        "operatingExpenses": 3064000000,
        "costAndExpenses": 7821000000,
        "interestIncome": 0,
        "interestExpense": 513000000,
        "depreciationAndAmortization": -4000000,
        "ebitda": 4048000000,
        "ebitdaratio": 0.3451274618,
        "operatingIncome": 3908000000,
        "operatingIncomeRatio": 0.3331912354,
        "totalOtherIncomeExpensesNet": -413000000,
        "incomeBeforeTax": 3495000000,
        "incomeBeforeTaxRatio": 0.2979793674,
        "incomeTaxExpense": 699000000,
        "netIncome": 2366000000,
        "netIncomeRatio": 0.201722227,
        "eps": 1.44,
        "epsdiluted": 1.44,
        "weightedAverageShsOut": 1613000000,
        "weightedAverageShsOutDil": 1613000000,
        "link": "",
        "finalLink": ""
    },
    {
        "date": "2013-06-30",
        "symbol": "BUD",
        "reportedCurrency": "USD",
        "cik": "0001668717",
        "fillingDate": "2013-06-30",
        "acceptedDate": "2013-06-30 00:00:00",
        "calendarYear": "2013",
        "period": "Q2",
        "revenue": 10587000000,
        "costOfRevenue": 4451000000,
        "grossProfit": 6136000000,
        "grossProfitRatio": 0.5795787286,
        "researchAndDevelopmentExpenses": 0,
        "generalAndAdministrativeExpenses": 583000000,
        "sellingAndMarketingExpenses": 2589000000,
        "sellingGeneralAndAdministrativeExpenses": 3172000000,
        "otherExpenses": -190000000,
        "operatingExpenses": 2982000000,
        "costAndExpenses": 7433000000,
        "interestIncome": 540000000,
        "interestExpense": 0,
        "depreciationAndAmortization": -125000000,
        "ebitda": 3029000000,
        "ebitdaratio": 0.2861056012,
        "operatingIncome": 3154000000,
        "operatingIncomeRatio": 0.2979125342,
        "totalOtherIncomeExpensesNet": 5204000000,
        "incomeBeforeTax": 8358000000,
        "incomeBeforeTaxRatio": 0.7894587702,
        "incomeTaxExpense": 516000000,
        "netIncome": 7458000000,
        "netIncomeRatio": 0.7044488524,
        "eps": 4.62,
        "epsdiluted": 4.62,
        "weightedAverageShsOut": 1603400000,
        "weightedAverageShsOutDil": 1613000000,
        "link": "",
        "finalLink": ""
    },
    {
        "date": "2013-03-31",
        "symbol": "BUD",
        "reportedCurrency": "USD",
        "cik": "0001668717",
        "fillingDate": "2013-03-31",
        "acceptedDate": "2013-03-31 00:00:00",
        "calendarYear": "2013",
        "period": "Q1",
        "revenue": 9169000000,
        "costOfRevenue": 3904000000,
        "grossProfit": 5265000000,
        "grossProfitRatio": 0.5742174719,
        "researchAndDevelopmentExpenses": 0,
        "generalAndAdministrativeExpenses": 491000000,
        "sellingAndMarketingExpenses": 2216000000,
        "sellingGeneralAndAdministrativeExpenses": 2707000000,
        "otherExpenses": -193000000,
        "operatingExpenses": 2514000000,
        "costAndExpenses": 6418000000,
        "interestIncome": 287000000,
        "interestExpense": 550000000,
        "depreciationAndAmortization": 454000000,
        "ebitda": 3410000000,
        "ebitdaratio": 0.3719053332,
        "operatingIncome": 2751000000,
        "operatingIncomeRatio": 0.3000327189,
        "totalOtherIncomeExpensesNet": 109000000,
        "incomeBeforeTax": 2860000000,
        "incomeBeforeTaxRatio": 0.311920602,
        "incomeTaxExpense": 333000000,
        "netIncome": 2051000000,
        "netIncomeRatio": 0.2236885157,
        "eps": 1.28,
        "epsdiluted": 1.28,
        "weightedAverageShsOut": 1602000821,
        "weightedAverageShsOutDil": 1607209135,
        "link": "",
        "finalLink": ""
    },
    {
        "date": "2012-12-31",
        "symbol": "BUD",
        "reportedCurrency": "USD",
        "cik": "0001668717",
        "fillingDate": "2012-12-31",
        "acceptedDate": "2012-12-31 00:00:00",
        "calendarYear": "2012",
        "period": "Q4",
        "revenue": 10287000000,
        "costOfRevenue": 4106000000,
        "grossProfit": 6181000000,
        "grossProfitRatio": 0.6008554486,
        "researchAndDevelopmentExpenses": 182000000,
        "generalAndAdministrativeExpenses": 562000000,
        "sellingAndMarketingExpenses": 2171000000,
        "sellingGeneralAndAdministrativeExpenses": 2733000000,
        "otherExpenses": -130000000,
        "operatingExpenses": 2684000000,
        "costAndExpenses": 6790000000,
        "interestIncome": 0,
        "interestExpense": 524000000,
        "depreciationAndAmortization": 673000000,
        "ebitda": 4339000000,
        "ebitdaratio": 0.4217944979,
        "operatingIncome": 3643000000,
        "operatingIncomeRatio": 0.3541362885,
        "totalOtherIncomeExpensesNet": -644000000,
        "incomeBeforeTax": 2999000000,
        "incomeBeforeTaxRatio": 0.2915330028,
        "incomeTaxExpense": 502000000,
        "netIncome": 1756000000,
        "netIncomeRatio": 0.1707008846,
        "eps": 1.1,
        "epsdiluted": 1.1,
        "weightedAverageShsOut": 1600000000,
        "weightedAverageShsOutDil": 1602000000,
        "link": "",
        "finalLink": ""
    },
    {
        "date": "2012-09-30",
        "symbol": "BUD",
        "reportedCurrency": "USD",
        "cik": "0001668717",
        "fillingDate": "2012-09-30",
        "acceptedDate": "2012-09-30 00:00:00",
        "calendarYear": "2012",
        "period": "Q3",
        "revenue": 10268000000,
        "costOfRevenue": 4276000000,
        "grossProfit": 5992000000,
        "grossProfitRatio": 0.5835605765,
        "researchAndDevelopmentExpenses": 0,
        "generalAndAdministrativeExpenses": 597000000,
        "sellingAndMarketingExpenses": 2283000000,
        "sellingGeneralAndAdministrativeExpenses": 2880000000,
        "otherExpenses": -186000000,
        "operatingExpenses": 2694000000,
        "costAndExpenses": 6970000000,
        "interestIncome": 0,
        "interestExpense": 556000000,
        "depreciationAndAmortization": 21000000,
        "ebitda": 3365000000,
        "ebitdaratio": 0.3277171796,
        "operatingIncome": 3298000000,
        "operatingIncomeRatio": 0.321192053,
        "totalOtherIncomeExpensesNet": -528000000,
        "incomeBeforeTax": 2806000000,
        "incomeBeforeTaxRatio": 0.2732761979,
        "incomeTaxExpense": 465000000,
        "netIncome": 1818000000,
        "netIncomeRatio": 0.1770549279,
        "eps": 1,
        "epsdiluted": 1,
        "weightedAverageShsOut": 1599000000,
        "weightedAverageShsOutDil": 1599000000,
        "link": "",
        "finalLink": ""
    },
    {
        "date": "2012-06-30",
        "symbol": "BUD",
        "reportedCurrency": "USD",
        "cik": "0001668717",
        "fillingDate": "2012-06-30",
        "acceptedDate": "2012-06-29 20:00:00",
        "calendarYear": "2012",
        "period": "Q2",
        "revenue": 9870000000,
        "costOfRevenue": 4209000000,
        "grossProfit": 5661000000,
        "grossProfitRatio": 0.573556231,
        "researchAndDevelopmentExpenses": 0,
        "generalAndAdministrativeExpenses": 519000000,
        "sellingAndMarketingExpenses": 2382000000,
        "sellingGeneralAndAdministrativeExpenses": 2901000000,
        "otherExpenses": 125000000,
        "operatingExpenses": 3026000000,
        "costAndExpenses": 7235000000,
        "interestIncome": 0,
        "interestExpense": 0,
        "depreciationAndAmortization": 486000000,
        "ebitda": 3683000000,
        "ebitdaratio": 0.3731509625,
        "operatingIncome": 2928000000,
        "operatingIncomeRatio": 0.296656535,
        "totalOtherIncomeExpensesNet": -239000000,
        "incomeBeforeTax": 2689000000,
        "incomeBeforeTaxRatio": 0.2724417427,
        "incomeTaxExpense": 313000000,
        "netIncome": 1428000000,
        "netIncomeRatio": 0.1446808511,
        "eps": 0.89,
        "epsdiluted": 0.89,
        "weightedAverageShsOut": 1599000000,
        "weightedAverageShsOutDil": 1599000000,
        "link": "",
        "finalLink": ""
    },
    {
        "date": "2012-03-31",
        "symbol": "BUD",
        "reportedCurrency": "USD",
        "cik": "0001668717",
        "fillingDate": "2012-03-31",
        "acceptedDate": "2012-03-30 20:00:00",
        "calendarYear": "2012",
        "period": "Q1",
        "revenue": 9332000000,
        "costOfRevenue": 3855000000,
        "grossProfit": 5477000000,
        "grossProfitRatio": 0.5869052722,
        "researchAndDevelopmentExpenses": 0,
        "generalAndAdministrativeExpenses": 508000000,
        "sellingAndMarketingExpenses": 2207000000,
        "sellingGeneralAndAdministrativeExpenses": 2715000000,
        "otherExpenses": -125000000,
        "operatingExpenses": 2590000000,
        "costAndExpenses": 6445000000,
        "interestIncome": 109000000,
        "interestExpense": 531000000,
        "depreciationAndAmortization": -24000000,
        "ebitda": 2863000000,
        "ebitdaratio": 0.3067938277,
        "operatingIncome": 2887000000,
        "operatingIncomeRatio": 0.3093656237,
        "totalOtherIncomeExpensesNet": -269000000,
        "incomeBeforeTax": 2657000000,
        "incomeBeforeTaxRatio": 0.2847192456,
        "incomeTaxExpense": 437000000,
        "netIncome": 1666000000,
        "netIncomeRatio": 0.1785255036,
        "eps": 0.61,
        "epsdiluted": 0.61,
        "weightedAverageShsOut": 1598000000,
        "weightedAverageShsOutDil": 1598000000,
        "link": "",
        "finalLink": ""
    },
    {
        "date": "2011-12-31",
        "symbol": "BUD",
        "reportedCurrency": "USD",
        "cik": "0001668717",
        "fillingDate": "2011-12-31",
        "acceptedDate": "2011-12-30 19:00:00",
        "calendarYear": "2011",
        "period": "Q4",
        "revenue": 9874000000,
        "costOfRevenue": 4014000000,
        "grossProfit": 5860000000,
        "grossProfitRatio": 0.5934778205,
        "researchAndDevelopmentExpenses": 0,
        "generalAndAdministrativeExpenses": 3866000000,
        "sellingAndMarketingExpenses": -1259000000,
        "sellingGeneralAndAdministrativeExpenses": 2607000000,
        "otherExpenses": -293000000,
        "operatingExpenses": 2314000000,
        "costAndExpenses": 6328000000,
        "interestIncome": 438000000,
        "interestExpense": 1335000000,
        "depreciationAndAmortization": 877000000,
        "ebitda": 4501000000,
        "ebitdaratio": 0.4558436297,
        "operatingIncome": 3268000000,
        "operatingIncomeRatio": 0.3309702248,
        "totalOtherIncomeExpensesNet": -102000000,
        "incomeBeforeTax": 3166000000,
        "incomeBeforeTaxRatio": 0.3206400648,
        "incomeTaxExpense": 626000000,
        "netIncome": 1850000000,
        "netIncomeRatio": 0.1873607454,
        "eps": 1.16,
        "epsdiluted": 1.16,
        "weightedAverageShsOut": 1598000000,
        "weightedAverageShsOutDil": 1598000000,
        "link": "",
        "finalLink": ""
    },
    {
        "date": "2011-09-30",
        "symbol": "BUD",
        "reportedCurrency": "USD",
        "cik": "0001668717",
        "fillingDate": "2011-09-30",
        "acceptedDate": "2011-09-29 20:00:00",
        "calendarYear": "2011",
        "period": "Q3",
        "revenue": 10217000000,
        "costOfRevenue": 4389000000,
        "grossProfit": 5828000000,
        "grossProfitRatio": 0.5704218459,
        "researchAndDevelopmentExpenses": 0,
        "generalAndAdministrativeExpenses": 500000000,
        "sellingAndMarketingExpenses": 2242000000,
        "sellingGeneralAndAdministrativeExpenses": 2742000000,
        "otherExpenses": -162000000,
        "operatingExpenses": 2580000000,
        "costAndExpenses": 6969000000,
        "interestIncome": 0,
        "interestExpense": 814000000,
        "depreciationAndAmortization": 200000000,
        "ebitda": 3281000000,
        "ebitdaratio": 0.3211314476,
        "operatingIncome": 3248000000,
        "operatingIncomeRatio": 0.3179015367,
        "totalOtherIncomeExpensesNet": -781000000,
        "incomeBeforeTax": 2467000000,
        "incomeBeforeTaxRatio": 0.2414603112,
        "incomeTaxExpense": 434000000,
        "netIncome": 1591000000,
        "netIncomeRatio": 0.1557208574,
        "eps": 1,
        "epsdiluted": 1,
        "weightedAverageShsOut": 1594000000,
        "weightedAverageShsOutDil": 1594000000,
        "link": "",
        "finalLink": ""
    },
    {
        "date": "2011-06-30",
        "symbol": "BUD",
        "reportedCurrency": "USD",
        "cik": "0001668717",
        "fillingDate": "2011-06-30",
        "acceptedDate": "2011-06-29 20:00:00",
        "calendarYear": "2011",
        "period": "Q2",
        "revenue": 9952000000,
        "costOfRevenue": 4332000000,
        "grossProfit": 5620000000,
        "grossProfitRatio": 0.5647106109,
        "researchAndDevelopmentExpenses": 0,
        "generalAndAdministrativeExpenses": 470000000,
        "sellingAndMarketingExpenses": 2226000000,
        "sellingGeneralAndAdministrativeExpenses": 2696000000,
        "otherExpenses": -134000000,
        "operatingExpenses": 2562000000,
        "costAndExpenses": 6894000000,
        "interestIncome": 175000000,
        "interestExpense": 742000000,
        "depreciationAndAmortization": 431000000,
        "ebitda": 3026000000,
        "ebitdaratio": 0.3040594855,
        "operatingIncome": 2954000000,
        "operatingIncomeRatio": 0.2968247588,
        "totalOtherIncomeExpensesNet": -670000000,
        "incomeBeforeTax": 2284000000,
        "incomeBeforeTaxRatio": 0.2295016077,
        "incomeTaxExpense": 369000000,
        "netIncome": 1450000000,
        "netIncomeRatio": 0.1456993569,
        "eps": 0.91,
        "epsdiluted": 0.91,
        "weightedAverageShsOut": 1594000000,
        "weightedAverageShsOutDil": 1594000000,
        "link": "",
        "finalLink": ""
    },
    {
        "date": "2011-03-31",
        "symbol": "BUD",
        "reportedCurrency": "USD",
        "cik": "0001668717",
        "fillingDate": "2011-03-31",
        "acceptedDate": "2011-03-30 20:00:00",
        "calendarYear": "2011",
        "period": "Q1",
        "revenue": 9003000000,
        "costOfRevenue": 3899000000,
        "grossProfit": 5104000000,
        "grossProfitRatio": 0.5669221371,
        "researchAndDevelopmentExpenses": 0,
        "generalAndAdministrativeExpenses": 520000000,
        "sellingAndMarketingExpenses": 1934000000,
        "sellingGeneralAndAdministrativeExpenses": 2454000000,
        "otherExpenses": -105000000,
        "operatingExpenses": 2349000000,
        "costAndExpenses": 6248000000,
        "interestIncome": 0,
        "interestExpense": 758000000,
        "depreciationAndAmortization": 110000000,
        "ebitda": 2656000000,
        "ebitdaratio": 0.2950127735,
        "operatingIncome": 2755000000,
        "operatingIncomeRatio": 0.3060091081,
        "totalOtherIncomeExpensesNet": -857000000,
        "incomeBeforeTax": 1898000000,
        "incomeBeforeTaxRatio": 0.210818616,
        "incomeTaxExpense": 427000000,
        "netIncome": 964000000,
        "netIncomeRatio": 0.1070754193,
        "eps": 0.3,
        "epsdiluted": 0.3,
        "weightedAverageShsOut": 1591000000,
        "weightedAverageShsOutDil": 1591000000,
        "link": "",
        "finalLink": ""
    },
    {
        "date": "2010-12-31",
        "symbol": "BUD",
        "reportedCurrency": "USD",
        "cik": "0001668717",
        "fillingDate": "2010-12-31",
        "acceptedDate": "2010-12-30 19:00:00",
        "calendarYear": "2010",
        "period": "Q4",
        "revenue": 9473000000,
        "costOfRevenue": 4192000000,
        "grossProfit": 5281000000,
        "grossProfitRatio": 0.5574791513,
        "researchAndDevelopmentExpenses": 0,
        "generalAndAdministrativeExpenses": 3398000000,
        "sellingAndMarketingExpenses": -946000000,
        "sellingGeneralAndAdministrativeExpenses": 2452000000,
        "otherExpenses": -212000000,
        "operatingExpenses": 2240000000,
        "costAndExpenses": 6432000000,
        "interestIncome": 525000000,
        "interestExpense": 2248000000,
        "depreciationAndAmortization": 1287000000,
        "ebitda": 4353000000,
        "ebitdaratio": 0.4595165206,
        "operatingIncome": 2789000000,
        "operatingIncomeRatio": 0.2944157078,
        "totalOtherIncomeExpensesNet": -684000000,
        "incomeBeforeTax": 2105000000,
        "incomeBeforeTaxRatio": 0.222210493,
        "incomeTaxExpense": 548000000,
        "netIncome": 968000000,
        "netIncomeRatio": 0.1021851578,
        "eps": 0.61,
        "epsdiluted": 0.61,
        "weightedAverageShsOut": 1591000000,
        "weightedAverageShsOutDil": 1591000000,
        "link": "",
        "finalLink": ""
    },
    {
        "date": "2010-09-30",
        "symbol": "BUD",
        "reportedCurrency": "USD",
        "cik": "0001668717",
        "fillingDate": "2010-09-30",
        "acceptedDate": "2010-09-29 20:00:00",
        "calendarYear": "2010",
        "period": "Q3",
        "revenue": 9323000000,
        "costOfRevenue": 4130000000,
        "grossProfit": 5193000000,
        "grossProfitRatio": 0.5570095463,
        "researchAndDevelopmentExpenses": 0,
        "generalAndAdministrativeExpenses": 480000000,
        "sellingAndMarketingExpenses": 1984000000,
        "sellingGeneralAndAdministrativeExpenses": 2464000000,
        "otherExpenses": -168000000,
        "operatingExpenses": 2296000000,
        "costAndExpenses": 6426000000,
        "interestIncome": 0,
        "interestExpense": 594000000,
        "depreciationAndAmortization": 162000000,
        "ebitda": 3059000000,
        "ebitdaratio": 0.3281132683,
        "operatingIncome": 2897000000,
        "operatingIncomeRatio": 0.3107368873,
        "totalOtherIncomeExpensesNet": -490000000,
        "incomeBeforeTax": 2407000000,
        "incomeBeforeTaxRatio": 0.2581786978,
        "incomeTaxExpense": 547000000,
        "netIncome": 1434000000,
        "netIncomeRatio": 0.1538131503,
        "eps": 0.94,
        "epsdiluted": 0.94,
        "weightedAverageShsOut": 1591000000,
        "weightedAverageShsOutDil": 1591000000,
        "link": "",
        "finalLink": ""
    },
    {
        "date": "2010-06-30",
        "symbol": "BUD",
        "reportedCurrency": "USD",
        "cik": "0001668717",
        "fillingDate": "2010-06-30",
        "acceptedDate": "2010-06-29 20:00:00",
        "calendarYear": "2010",
        "period": "Q2",
        "revenue": 9174000000,
        "costOfRevenue": 4112000000,
        "grossProfit": 5062000000,
        "grossProfitRatio": 0.5517767604,
        "researchAndDevelopmentExpenses": 0,
        "generalAndAdministrativeExpenses": 1210000000,
        "sellingAndMarketingExpenses": 1234000000,
        "sellingGeneralAndAdministrativeExpenses": 2444000000,
        "otherExpenses": -122000000,
        "operatingExpenses": 2322000000,
        "costAndExpenses": 6434000000,
        "interestIncome": -518000000,
        "interestExpense": 673000000,
        "depreciationAndAmortization": 224000000,
        "ebitda": 3073000000,
        "ebitdaratio": 0.3349683889,
        "operatingIncome": 2654000000,
        "operatingIncomeRatio": 0.2892958361,
        "totalOtherIncomeExpensesNet": -683000000,
        "incomeBeforeTax": 1971000000,
        "incomeBeforeTaxRatio": 0.2148463048,
        "incomeTaxExpense": 470000000,
        "netIncome": 1149000000,
        "netIncomeRatio": 0.1252452583,
        "eps": 0.72,
        "epsdiluted": 0.72,
        "weightedAverageShsOut": 1591000000,
        "weightedAverageShsOutDil": 1591000000,
        "link": "",
        "finalLink": ""
    },
    {
        "date": "2010-03-31",
        "symbol": "BUD",
        "reportedCurrency": "USD",
        "cik": "0001668717",
        "fillingDate": "2010-03-31",
        "acceptedDate": "2010-03-30 20:00:00",
        "calendarYear": "2010",
        "period": "Q1",
        "revenue": 8327000000,
        "costOfRevenue": 3718000000,
        "grossProfit": 4609000000,
        "grossProfitRatio": 0.5535006605,
        "researchAndDevelopmentExpenses": 0,
        "generalAndAdministrativeExpenses": 1159000000,
        "sellingAndMarketingExpenses": 1066000000,
        "sellingGeneralAndAdministrativeExpenses": 2225000000,
        "otherExpenses": -86000000,
        "operatingExpenses": 2139000000,
        "costAndExpenses": 5857000000,
        "interestIncome": 0,
        "interestExpense": 0,
        "depreciationAndAmortization": 419000000,
        "ebitda": 2470000000,
        "ebitdaratio": 0.2966254353,
        "operatingIncome": 2470000000,
        "operatingIncomeRatio": 0.2966254353,
        "totalOtherIncomeExpensesNet": -1270000000,
        "incomeBeforeTax": 1200000000,
        "incomeBeforeTaxRatio": 0.1441095232,
        "incomeTaxExpense": 355000000,
        "netIncome": 475000000,
        "netIncomeRatio": 0.0570433529,
        "eps": 0.3,
        "epsdiluted": 0.3,
        "weightedAverageShsOut": 1591000000,
        "weightedAverageShsOutDil": 1591000000,
        "link": "",
        "finalLink": ""
    }
]