[
    {
        "date": "2025-06-30",
        "symbol": "BUR",
        "reportedCurrency": "USD",
        "cik": "0001714174",
        "fillingDate": "2025-08-07",
        "acceptedDate": "2025-08-07 08:02:06",
        "calendarYear": "2025",
        "period": "Q2",
        "revenue": 174852000,
        "costOfRevenue": 33979000,
        "grossProfit": 140873000,
        "grossProfitRatio": 0.805669938,
        "researchAndDevelopmentExpenses": 0,
        "generalAndAdministrativeExpenses": 12112000,
        "sellingAndMarketingExpenses": 0,
        "sellingGeneralAndAdministrativeExpenses": 12112000,
        "otherExpenses": 19014000,
        "operatingExpenses": 31126000,
        "costAndExpenses": 65105000,
        "interestIncome": 0,
        "interestExpense": 33979000,
        "depreciationAndAmortization": 0,
        "ebitda": 109747000,
        "ebitdaratio": 0.6276565324,
        "operatingIncome": 109747000,
        "operatingIncomeRatio": 0.6276565324,
        "totalOtherIncomeExpensesNet": 0,
        "incomeBeforeTax": 109747000,
        "incomeBeforeTaxRatio": 0.6276565324,
        "incomeTaxExpense": 4594000,
        "netIncome": 88296000,
        "netIncomeRatio": 0.5049756365,
        "eps": 0.4,
        "epsdiluted": 0.39,
        "weightedAverageShsOut": 218669697,
        "weightedAverageShsOutDil": 223983079,
        "link": "https://www.sec.gov/Archives/edgar/data/1714174/000171417425000176/0001714174-25-000176-index.htm",
        "finalLink": "https://www.sec.gov/Archives/edgar/data/1714174/000171417425000176/bur-20250630.htm"
    },
    {
        "date": "2024-12-31",
        "symbol": "BUR",
        "reportedCurrency": "USD",
        "cik": "0001714174",
        "fillingDate": "2024-12-31",
        "acceptedDate": "2024-12-31 00:00:00",
        "calendarYear": "2024",
        "period": "Q4",
        "revenue": 18234000,
        "costOfRevenue": 29590000,
        "grossProfit": -11356000,
        "grossProfitRatio": -0.6227925853,
        "researchAndDevelopmentExpenses": 0,
        "generalAndAdministrativeExpenses": -83356000,
        "sellingAndMarketingExpenses": 0,
        "sellingGeneralAndAdministrativeExpenses": -83356000,
        "otherExpenses": 55811000,
        "operatingExpenses": -27545000,
        "costAndExpenses": 2045000,
        "interestIncome": 0,
        "interestExpense": 29590000,
        "depreciationAndAmortization": 0,
        "ebitda": 16189000,
        "ebitdaratio": 0.8878468795,
        "operatingIncome": 16189000,
        "operatingIncomeRatio": 0.8878468795,
        "totalOtherIncomeExpensesNet": 0,
        "incomeBeforeTax": 16189000,
        "incomeBeforeTaxRatio": 0.8878468795,
        "incomeTaxExpense": 2244000,
        "netIncome": -12968000,
        "netIncomeRatio": -0.7111988593,
        "eps": -0.0591,
        "epsdiluted": -0.0581,
        "weightedAverageShsOut": 219421904,
        "weightedAverageShsOutDil": 223231672,
        "link": "https://find-and-update.company-information.service.gov.uk/search/companies?q=Burford+Capital+Limited",
        "finalLink": "https://find-and-update.company-information.service.gov.uk/search/companies?q=Burford+Capital+Limited"
    },
    {
        "date": "2024-06-30",
        "symbol": "BUR",
        "reportedCurrency": "USD",
        "cik": "0001714174",
        "fillingDate": "2024-06-30",
        "acceptedDate": "2024-06-30 00:00:00",
        "calendarYear": "2024",
        "period": "Q2",
        "revenue": 108405000,
        "costOfRevenue": 2099000,
        "grossProfit": 106306000,
        "grossProfitRatio": 0.9806374245,
        "researchAndDevelopmentExpenses": 0,
        "generalAndAdministrativeExpenses": 9154000,
        "sellingAndMarketingExpenses": 0,
        "sellingGeneralAndAdministrativeExpenses": 9154000,
        "otherExpenses": 99251000,
        "operatingExpenses": 108405000,
        "costAndExpenses": 108405000,
        "interestIncome": 0,
        "interestExpense": 34466000,
        "depreciationAndAmortization": 0,
        "ebitda": 86969000,
        "ebitdaratio": 0.8022600434,
        "operatingIncome": -2099000,
        "operatingIncomeRatio": -0.0193625755,
        "totalOtherIncomeExpensesNet": 89068000,
        "incomeBeforeTax": 86969000,
        "incomeBeforeTaxRatio": 0.8022600434,
        "incomeTaxExpense": 11697000,
        "netIncome": 53746000,
        "netIncomeRatio": 0.4957889396,
        "eps": 0.25,
        "epsdiluted": 0.24,
        "weightedAverageShsOut": 219050160,
        "weightedAverageShsOutDil": 223433894,
        "link": "https://find-and-update.company-information.service.gov.uk/search/companies?q=Burford+Capital+Limited",
        "finalLink": "https://find-and-update.company-information.service.gov.uk/search/companies?q=Burford+Capital+Limited"
    },
    {
        "date": "2023-12-31",
        "symbol": "BUR",
        "reportedCurrency": "USD",
        "cik": "0001714174",
        "fillingDate": "2023-12-31",
        "acceptedDate": "2023-12-31 00:00:00",
        "calendarYear": "2023",
        "period": "Q4",
        "revenue": 153913000,
        "costOfRevenue": 23915000,
        "grossProfit": 129998000,
        "grossProfitRatio": 0.8446200126,
        "researchAndDevelopmentExpenses": 0,
        "generalAndAdministrativeExpenses": 24995000,
        "sellingAndMarketingExpenses": 0,
        "sellingGeneralAndAdministrativeExpenses": 24995000,
        "otherExpenses": -39491000,
        "operatingExpenses": 129998000,
        "costAndExpenses": 129998000,
        "interestIncome": 0,
        "interestExpense": 23915000,
        "depreciationAndAmortization": 0,
        "ebitda": 144494000,
        "ebitdaratio": 0.9388030901,
        "operatingIncome": 144494000,
        "operatingIncomeRatio": 0.9388030901,
        "totalOtherIncomeExpensesNet": 0,
        "incomeBeforeTax": 144494000,
        "incomeBeforeTaxRatio": 0.9388030901,
        "incomeTaxExpense": 4534000,
        "netIncome": 100095000,
        "netIncomeRatio": 0.6503349295,
        "eps": 0.46,
        "epsdiluted": 0.45,
        "weightedAverageShsOut": 223524754,
        "weightedAverageShsOutDil": 224099566,
        "link": "https://find-and-update.company-information.service.gov.uk/search/companies?q=Burford+Capital+Limited",
        "finalLink": "https://find-and-update.company-information.service.gov.uk/search/companies?q=Burford+Capital+Limited"
    },
    {
        "date": "2023-06-30",
        "symbol": "BUR",
        "reportedCurrency": "USD",
        "cik": "0001714174",
        "fillingDate": "2023-06-30",
        "acceptedDate": "2023-06-30 00:00:00",
        "calendarYear": "2023",
        "period": "Q2",
        "revenue": 18706000,
        "costOfRevenue": 10512000,
        "grossProfit": 8194000,
        "grossProfitRatio": 0.4380412702,
        "researchAndDevelopmentExpenses": 0,
        "generalAndAdministrativeExpenses": 15263000,
        "sellingAndMarketingExpenses": 0,
        "sellingGeneralAndAdministrativeExpenses": 15263000,
        "otherExpenses": 3443000,
        "operatingExpenses": 18706000,
        "costAndExpenses": 18706000,
        "interestIncome": 4813000,
        "interestExpense": 20256000,
        "depreciationAndAmortization": 0,
        "ebitda": 0,
        "ebitdaratio": 0,
        "operatingIncome": -10512000,
        "operatingIncomeRatio": -0.5619587298,
        "totalOtherIncomeExpensesNet": -795000,
        "incomeBeforeTax": -11307000,
        "incomeBeforeTaxRatio": -0.6044584625,
        "incomeTaxExpense": 8969000,
        "netIncome": -21540000,
        "netIncomeRatio": -1.1515021918,
        "eps": -0.0969,
        "epsdiluted": -0.0971,
        "weightedAverageShsOut": 222322429,
        "weightedAverageShsOutDil": 221930214,
        "link": "https://find-and-update.company-information.service.gov.uk/search/companies?q=Burford+Capital+Limited",
        "finalLink": "https://find-and-update.company-information.service.gov.uk/search/companies?q=Burford+Capital+Limited"
    },
    {
        "date": "2022-12-31",
        "symbol": "BUR",
        "reportedCurrency": "USD",
        "cik": "0001714174",
        "fillingDate": "2022-12-31",
        "acceptedDate": "2022-12-31 00:00:00",
        "calendarYear": "2022",
        "period": "Q4",
        "revenue": 89727000,
        "costOfRevenue": 0,
        "grossProfit": 89727000,
        "grossProfitRatio": 1,
        "researchAndDevelopmentExpenses": 0,
        "generalAndAdministrativeExpenses": 22327000,
        "sellingAndMarketingExpenses": 0,
        "sellingGeneralAndAdministrativeExpenses": 22327000,
        "otherExpenses": 67400000,
        "operatingExpenses": 89727000,
        "costAndExpenses": 89727000,
        "interestIncome": 0,
        "interestExpense": 20464000,
        "depreciationAndAmortization": 0,
        "ebitda": 0,
        "ebitdaratio": 0,
        "operatingIncome": 0,
        "operatingIncomeRatio": 0,
        "totalOtherIncomeExpensesNet": 100470000,
        "incomeBeforeTax": 100470000,
        "incomeBeforeTaxRatio": 1.1197298472,
        "incomeTaxExpense": 754000,
        "netIncome": 81914000,
        "netIncomeRatio": 0.9129247607,
        "eps": 0.36,
        "epsdiluted": 0.37,
        "weightedAverageShsOut": 224845283,
        "weightedAverageShsOutDil": 220426182,
        "link": "https://find-and-update.company-information.service.gov.uk/search/companies?q=Burford+Capital+Limited",
        "finalLink": "https://find-and-update.company-information.service.gov.uk/search/companies?q=Burford+Capital+Limited"
    },
    {
        "date": "2022-06-30",
        "symbol": "BUR",
        "reportedCurrency": "USD",
        "cik": "0001714174",
        "fillingDate": "2022-06-30",
        "acceptedDate": "2022-06-30 00:00:00",
        "calendarYear": "2022",
        "period": "Q2",
        "revenue": 18346000,
        "costOfRevenue": 3663000,
        "grossProfit": 14683000,
        "grossProfitRatio": 0.8003379483,
        "researchAndDevelopmentExpenses": 0,
        "generalAndAdministrativeExpenses": 10005000,
        "sellingAndMarketingExpenses": 0,
        "sellingGeneralAndAdministrativeExpenses": 10005000,
        "otherExpenses": 8341000,
        "operatingExpenses": 18346000,
        "costAndExpenses": 18346000,
        "interestIncome": 16857000,
        "interestExpense": 19788000,
        "depreciationAndAmortization": 0,
        "ebitda": 0,
        "ebitdaratio": 0,
        "operatingIncome": -3663000,
        "operatingIncomeRatio": -0.1996620517,
        "totalOtherIncomeExpensesNet": 433000,
        "incomeBeforeTax": -3230000,
        "incomeBeforeTaxRatio": -0.1760601766,
        "incomeTaxExpense": 14942000,
        "netIncome": -49352000,
        "netIncomeRatio": -2.6900686798,
        "eps": -0.21,
        "epsdiluted": -0.21,
        "weightedAverageShsOut": 230933333,
        "weightedAverageShsOutDil": 230933333,
        "link": "https://find-and-update.company-information.service.gov.uk/search/companies?q=Burford+Capital+Limited",
        "finalLink": "https://find-and-update.company-information.service.gov.uk/search/companies?q=Burford+Capital+Limited"
    },
    {
        "date": "2021-12-31",
        "symbol": "BUR",
        "reportedCurrency": "USD",
        "cik": "0001714174",
        "fillingDate": "2021-12-31",
        "acceptedDate": "2021-12-30 19:00:00",
        "calendarYear": "2021",
        "period": "Q4",
        "revenue": 127696000,
        "costOfRevenue": 2768000,
        "grossProfit": 124928000,
        "grossProfitRatio": 0.9783235184,
        "researchAndDevelopmentExpenses": 0,
        "generalAndAdministrativeExpenses": 16009000,
        "sellingAndMarketingExpenses": 45325000,
        "sellingGeneralAndAdministrativeExpenses": 61334000,
        "otherExpenses": 0,
        "operatingExpenses": 68725000,
        "costAndExpenses": 71493000,
        "interestIncome": 33001000,
        "interestExpense": 0,
        "depreciationAndAmortization": 10178000,
        "ebitda": 73772000,
        "ebitdaratio": 0.5777158251,
        "operatingIncome": 63594000,
        "operatingIncomeRatio": 0.4980109009,
        "totalOtherIncomeExpensesNet": -40392000,
        "incomeBeforeTax": 23202000,
        "incomeBeforeTaxRatio": 0.1816971557,
        "incomeTaxExpense": 10286000,
        "netIncome": -161000,
        "netIncomeRatio": -0.0012608069,
        "eps": -0.0007,
        "epsdiluted": -0.0007,
        "weightedAverageShsOut": 219346049,
        "weightedAverageShsOutDil": 219049877,
        "link": "https://find-and-update.company-information.service.gov.uk/search/companies?q=Burford+Capital+Limited",
        "finalLink": "https://find-and-update.company-information.service.gov.uk/search/companies?q=Burford+Capital+Limited"
    },
    {
        "date": "2021-06-30",
        "symbol": "BUR",
        "reportedCurrency": "USD",
        "cik": "0001714174",
        "fillingDate": "2021-06-30",
        "acceptedDate": "2021-06-29 20:00:00",
        "calendarYear": "2021",
        "period": "Q2",
        "revenue": 94651000,
        "costOfRevenue": 2532000,
        "grossProfit": 92119000,
        "grossProfitRatio": 0.973249094,
        "researchAndDevelopmentExpenses": 0,
        "generalAndAdministrativeExpenses": 14458000,
        "sellingAndMarketingExpenses": 67654000,
        "sellingGeneralAndAdministrativeExpenses": 82112000,
        "otherExpenses": 0,
        "operatingExpenses": 86886000,
        "costAndExpenses": 89418000,
        "interestIncome": 25646000,
        "interestExpense": 0,
        "depreciationAndAmortization": 511000,
        "ebitda": 10518000,
        "ebitdaratio": 0.111124024,
        "operatingIncome": 10007000,
        "operatingIncomeRatio": 0.1057252433,
        "totalOtherIncomeExpensesNet": -30420000,
        "incomeBeforeTax": -20413000,
        "incomeBeforeTaxRatio": -0.2156659729,
        "incomeTaxExpense": 559000,
        "netIncome": -28590000,
        "netIncomeRatio": -0.3020570306,
        "eps": -0.13,
        "epsdiluted": -0.13,
        "weightedAverageShsOut": 219050245,
        "weightedAverageShsOutDil": 219049877,
        "link": "https://find-and-update.company-information.service.gov.uk/search/companies?q=Burford+Capital+Limited",
        "finalLink": "https://find-and-update.company-information.service.gov.uk/search/companies?q=Burford+Capital+Limited"
    },
    {
        "date": "2020-12-31",
        "symbol": "BUR",
        "reportedCurrency": "USD",
        "cik": "0001714174",
        "fillingDate": "2020-12-31",
        "acceptedDate": "2020-12-30 19:00:00",
        "calendarYear": "2020",
        "period": "Q4",
        "revenue": 98369000,
        "costOfRevenue": 32823000,
        "grossProfit": 65546000,
        "grossProfitRatio": 0.6663278065,
        "researchAndDevelopmentExpenses": 0,
        "generalAndAdministrativeExpenses": 21468000,
        "sellingAndMarketingExpenses": 77661000,
        "sellingGeneralAndAdministrativeExpenses": 99129000,
        "otherExpenses": 0,
        "operatingExpenses": 90286000,
        "costAndExpenses": 123109000,
        "interestIncome": 19282000,
        "interestExpense": 0,
        "depreciationAndAmortization": 5395000,
        "ebitda": 29595000,
        "ebitdaratio": 0.3008569773,
        "operatingIncome": 24200000,
        "operatingIncomeRatio": 0.2460124633,
        "totalOtherIncomeExpensesNet": -2576000,
        "incomeBeforeTax": 21624000,
        "incomeBeforeTaxRatio": 0.2198253515,
        "incomeTaxExpense": 227000,
        "netIncome": 13664000,
        "netIncomeRatio": 0.1389055495,
        "eps": 0.0575,
        "epsdiluted": 0.0624,
        "weightedAverageShsOut": 237486095,
        "weightedAverageShsOutDil": 219051305,
        "link": "https://find-and-update.company-information.service.gov.uk/search/companies?q=Burford+Capital+Limited",
        "finalLink": "https://find-and-update.company-information.service.gov.uk/search/companies?q=Burford+Capital+Limited"
    },
    {
        "date": "2020-06-30",
        "symbol": "BUR",
        "reportedCurrency": "USD",
        "cik": "0001714174",
        "fillingDate": "2020-06-30",
        "acceptedDate": "2020-06-29 20:00:00",
        "calendarYear": "2020",
        "period": "Q2",
        "revenue": 259440000,
        "costOfRevenue": 37664000,
        "grossProfit": 221776000,
        "grossProfitRatio": 0.8548257786,
        "researchAndDevelopmentExpenses": 0,
        "generalAndAdministrativeExpenses": 0,
        "sellingAndMarketingExpenses": 0,
        "sellingGeneralAndAdministrativeExpenses": 0,
        "otherExpenses": 0,
        "operatingExpenses": 13395000,
        "costAndExpenses": 51059000,
        "interestIncome": 19766000,
        "interestExpense": 0,
        "depreciationAndAmortization": 5294000,
        "ebitda": 218323000,
        "ebitdaratio": 0.8415163429,
        "operatingIncome": 213029000,
        "operatingIncomeRatio": 0.8211108541,
        "totalOtherIncomeExpensesNet": -19766000,
        "incomeBeforeTax": 188615000,
        "incomeBeforeTaxRatio": 0.7270081714,
        "incomeTaxExpense": 37164000,
        "netIncome": 151451000,
        "netIncomeRatio": 0.5837611779,
        "eps": 0.69,
        "epsdiluted": 0.69,
        "weightedAverageShsOut": 219494521,
        "weightedAverageShsOutDil": 219690322,
        "link": "https://find-and-update.company-information.service.gov.uk/search/companies?q=Burford+Capital+Limited",
        "finalLink": "https://find-and-update.company-information.service.gov.uk/search/companies?q=Burford+Capital+Limited"
    },
    {
        "date": "2019-12-31",
        "symbol": "BUR",
        "reportedCurrency": "USD",
        "cik": "0001714174",
        "fillingDate": "2019-12-31",
        "acceptedDate": "2019-12-30 19:00:00",
        "calendarYear": "2019",
        "period": "Q4",
        "revenue": 71758000,
        "costOfRevenue": 49025000,
        "grossProfit": 22733000,
        "grossProfitRatio": 0.3168009142,
        "researchAndDevelopmentExpenses": 0,
        "generalAndAdministrativeExpenses": 0,
        "sellingAndMarketingExpenses": 0,
        "sellingGeneralAndAdministrativeExpenses": 0,
        "otherExpenses": 0,
        "operatingExpenses": 4034000,
        "costAndExpenses": 53059000,
        "interestIncome": 19889000,
        "interestExpense": 0,
        "depreciationAndAmortization": 3679000,
        "ebitda": 19910000,
        "ebitdaratio": 0.2774603529,
        "operatingIncome": 16231000,
        "operatingIncomeRatio": 0.226190808,
        "totalOtherIncomeExpensesNet": -17421000,
        "incomeBeforeTax": -1190000,
        "incomeBeforeTaxRatio": -0.0165835168,
        "incomeTaxExpense": 7180000,
        "netIncome": -8370000,
        "netIncomeRatio": -0.1166420469,
        "eps": -0.0383,
        "epsdiluted": -0.0381,
        "weightedAverageShsOut": 218652011,
        "weightedAverageShsOutDil": 219872859,
        "link": "https://find-and-update.company-information.service.gov.uk/search/companies?q=Burford+Capital+Limited",
        "finalLink": "https://find-and-update.company-information.service.gov.uk/search/companies?q=Burford+Capital+Limited"
    },
    {
        "date": "2019-06-30",
        "symbol": "BUR",
        "reportedCurrency": "USD",
        "cik": "0001714174",
        "fillingDate": "2019-06-30",
        "acceptedDate": "2019-06-30 00:00:00",
        "calendarYear": "2019",
        "period": "Q2",
        "revenue": 292293000,
        "costOfRevenue": 40623000,
        "grossProfit": 251670000,
        "grossProfitRatio": 0.8610195934,
        "researchAndDevelopmentExpenses": 0,
        "generalAndAdministrativeExpenses": 0,
        "sellingAndMarketingExpenses": 0,
        "sellingGeneralAndAdministrativeExpenses": 0,
        "otherExpenses": 0,
        "operatingExpenses": 5223000,
        "costAndExpenses": 45846000,
        "interestIncome": 19733000,
        "interestExpense": 0,
        "depreciationAndAmortization": 6476000,
        "ebitda": 253399000,
        "ebitdaratio": 0.8669348907,
        "operatingIncome": 246923000,
        "operatingIncomeRatio": 0.8447790402,
        "totalOtherIncomeExpensesNet": -19733000,
        "incomeBeforeTax": 226714000,
        "incomeBeforeTaxRatio": 0.7756395124,
        "incomeTaxExpense": 6237000,
        "netIncome": 220477000,
        "netIncomeRatio": 0.7543013346,
        "eps": 1.01,
        "epsdiluted": 1.01,
        "weightedAverageShsOut": 219373431,
        "weightedAverageShsOutDil": 219373431,
        "link": "https://find-and-update.company-information.service.gov.uk/search/companies?q=Burford+Capital+Limited",
        "finalLink": "https://find-and-update.company-information.service.gov.uk/search/companies?q=Burford+Capital+Limited"
    },
    {
        "date": "2018-12-31",
        "symbol": "BUR",
        "reportedCurrency": "USD",
        "cik": "0001714174",
        "fillingDate": "2018-12-31",
        "acceptedDate": "2018-12-31 00:00:00",
        "calendarYear": "2018",
        "period": "Q4",
        "revenue": 218962000,
        "costOfRevenue": 48561000,
        "grossProfit": 170401000,
        "grossProfitRatio": 0.7782217919,
        "researchAndDevelopmentExpenses": 0,
        "generalAndAdministrativeExpenses": 0,
        "sellingAndMarketingExpenses": 0,
        "sellingGeneralAndAdministrativeExpenses": 0,
        "otherExpenses": 0,
        "operatingExpenses": 4722000,
        "costAndExpenses": 53283000,
        "interestIncome": 19626000,
        "interestExpense": 0,
        "depreciationAndAmortization": 5031000,
        "ebitda": 170685000,
        "ebitdaratio": 0.7795188206,
        "operatingIncome": 165654000,
        "operatingIncomeRatio": 0.7565422311,
        "totalOtherIncomeExpensesNet": -19626000,
        "incomeBeforeTax": 146053000,
        "incomeBeforeTaxRatio": 0.6670244152,
        "incomeTaxExpense": 10704000,
        "netIncome": 156757000,
        "netIncomeRatio": 0.7159096099,
        "eps": 0.73,
        "epsdiluted": 0.73,
        "weightedAverageShsOut": 213867256,
        "weightedAverageShsOutDil": 213947752,
        "link": "https://find-and-update.company-information.service.gov.uk/search/companies?q=Burford+Capital+Limited",
        "finalLink": "https://find-and-update.company-information.service.gov.uk/search/companies?q=Burford+Capital+Limited"
    },
    {
        "date": "2018-06-30",
        "symbol": "BUR",
        "reportedCurrency": "USD",
        "cik": "0001714174",
        "fillingDate": "2018-06-30",
        "acceptedDate": "2018-06-30 00:00:00",
        "calendarYear": "2018",
        "period": "Q2",
        "revenue": 207468000,
        "costOfRevenue": 23270000,
        "grossProfit": 184198000,
        "grossProfitRatio": 0.8878381244,
        "researchAndDevelopmentExpenses": 0,
        "generalAndAdministrativeExpenses": 0,
        "sellingAndMarketingExpenses": 0,
        "sellingGeneralAndAdministrativeExpenses": 0,
        "otherExpenses": 0,
        "operatingExpenses": 6225000,
        "costAndExpenses": 29495000,
        "interestIncome": 18912000,
        "interestExpense": 0,
        "depreciationAndAmortization": 5080000,
        "ebitda": 184531000,
        "ebitdaratio": 0.8894431912,
        "operatingIncome": 179451000,
        "operatingIncomeRatio": 0.8649574874,
        "totalOtherIncomeExpensesNet": -18912000,
        "incomeBeforeTax": 159061000,
        "incomeBeforeTaxRatio": 0.7666772707,
        "incomeTaxExpense": 1759000,
        "netIncome": 160820000,
        "netIncomeRatio": 0.7751556867,
        "eps": 0.77,
        "epsdiluted": 0.77,
        "weightedAverageShsOut": 208715150,
        "weightedAverageShsOutDil": 208715150,
        "link": "https://find-and-update.company-information.service.gov.uk/search/companies?q=Burford+Capital+Limited",
        "finalLink": "https://find-and-update.company-information.service.gov.uk/search/companies?q=Burford+Capital+Limited"
    },
    {
        "date": "2017-12-31",
        "symbol": "BUR",
        "reportedCurrency": "USD",
        "cik": "0001714174",
        "fillingDate": "2017-12-31",
        "acceptedDate": "2017-12-31 00:00:00",
        "calendarYear": "2017",
        "period": "Q4",
        "revenue": 166191000,
        "costOfRevenue": 33072000,
        "grossProfit": 133119000,
        "grossProfitRatio": 0.8010000542,
        "researchAndDevelopmentExpenses": 0,
        "generalAndAdministrativeExpenses": 0,
        "sellingAndMarketingExpenses": 0,
        "sellingGeneralAndAdministrativeExpenses": 0,
        "otherExpenses": 0,
        "operatingExpenses": 4953000,
        "costAndExpenses": 38025000,
        "interestIncome": 14236000,
        "interestExpense": 0,
        "depreciationAndAmortization": 6106000,
        "ebitda": 133373000,
        "ebitdaratio": 0.8025284161,
        "operatingIncome": 127267000,
        "operatingIncomeRatio": 0.7657875577,
        "totalOtherIncomeExpensesNet": -14236000,
        "incomeBeforeTax": 113930000,
        "incomeBeforeTaxRatio": 0.6855365212,
        "incomeTaxExpense": 2329000,
        "netIncome": 116259000,
        "netIncomeRatio": 0.6995505172,
        "eps": 0.56,
        "epsdiluted": 0.56,
        "weightedAverageShsOut": 208642608,
        "weightedAverageShsOutDil": 208835129,
        "link": "https://find-and-update.company-information.service.gov.uk/search/companies?q=Burford+Capital+Limited",
        "finalLink": "https://find-and-update.company-information.service.gov.uk/search/companies?q=Burford+Capital+Limited"
    },
    {
        "date": "2017-06-30",
        "symbol": "BUR",
        "reportedCurrency": "USD",
        "cik": "0001714174",
        "fillingDate": "2017-06-30",
        "acceptedDate": "2017-06-30 00:00:00",
        "calendarYear": "2017",
        "period": "Q2",
        "revenue": 174784000,
        "costOfRevenue": 20569000,
        "grossProfit": 154215000,
        "grossProfitRatio": 0.8823176034,
        "researchAndDevelopmentExpenses": 0,
        "generalAndAdministrativeExpenses": 3838000,
        "sellingAndMarketingExpenses": 0,
        "sellingGeneralAndAdministrativeExpenses": 3838000,
        "otherExpenses": 0,
        "operatingExpenses": 8949000,
        "costAndExpenses": 29518000,
        "interestIncome": 10015000,
        "interestExpense": 0,
        "depreciationAndAmortization": 6041000,
        "ebitda": 150567000,
        "ebitdaratio": 0.8614461278,
        "operatingIncome": 144526000,
        "operatingIncomeRatio": 0.8268834676,
        "totalOtherIncomeExpensesNet": -10015000,
        "incomeBeforeTax": 135251000,
        "incomeBeforeTaxRatio": 0.7738179696,
        "incomeTaxExpense": 2206000,
        "netIncome": 133045000,
        "netIncomeRatio": 0.761196677,
        "eps": 0.6,
        "epsdiluted": 0.6,
        "weightedAverageShsOut": 223405853,
        "weightedAverageShsOutDil": 223405853,
        "link": "https://find-and-update.company-information.service.gov.uk/search/companies?q=Burford+Capital+Limited",
        "finalLink": "https://find-and-update.company-information.service.gov.uk/search/companies?q=Burford+Capital+Limited"
    },
    {
        "date": "2016-12-31",
        "symbol": "BUR",
        "reportedCurrency": "USD",
        "cik": "0001714174",
        "fillingDate": "2016-12-31",
        "acceptedDate": "2016-12-31 00:00:00",
        "calendarYear": "2016",
        "period": "Q4",
        "revenue": 87123000,
        "costOfRevenue": 24491000,
        "grossProfit": 62632000,
        "grossProfitRatio": 0.7188916819,
        "researchAndDevelopmentExpenses": 0,
        "generalAndAdministrativeExpenses": 0,
        "sellingAndMarketingExpenses": 0,
        "sellingGeneralAndAdministrativeExpenses": 0,
        "otherExpenses": 0,
        "operatingExpenses": 6151000,
        "costAndExpenses": 30642000,
        "interestIncome": 8232000,
        "interestExpense": 0,
        "depreciationAndAmortization": 469000,
        "ebitda": 62830000,
        "ebitdaratio": 0.7211643309,
        "operatingIncome": 62361000,
        "operatingIncomeRatio": 0.715781137,
        "totalOtherIncomeExpensesNet": -14177000,
        "incomeBeforeTax": 48249000,
        "incomeBeforeTaxRatio": 0.5538032437,
        "incomeTaxExpense": 7817000,
        "netIncome": 56066000,
        "netIncomeRatio": 0.6435269676,
        "eps": 0.27,
        "epsdiluted": 0.27,
        "weightedAverageShsOut": 204908655,
        "weightedAverageShsOutDil": 204908655,
        "link": "https://find-and-update.company-information.service.gov.uk/search/companies?q=Burford+Capital+Limited",
        "finalLink": "https://find-and-update.company-information.service.gov.uk/search/companies?q=Burford+Capital+Limited"
    },
    {
        "date": "2016-06-30",
        "symbol": "BUR",
        "reportedCurrency": "USD",
        "cik": "0001714174",
        "fillingDate": "2016-06-30",
        "acceptedDate": "2016-06-30 00:00:00",
        "calendarYear": "2016",
        "period": "Q2",
        "revenue": 76038000,
        "costOfRevenue": 14535000,
        "grossProfit": 61503000,
        "grossProfitRatio": 0.8088455772,
        "researchAndDevelopmentExpenses": 0,
        "generalAndAdministrativeExpenses": 0,
        "sellingAndMarketingExpenses": 0,
        "sellingGeneralAndAdministrativeExpenses": 0,
        "otherExpenses": 0,
        "operatingExpenses": 177000,
        "costAndExpenses": 14712000,
        "interestIncome": 5876000,
        "interestExpense": 0,
        "depreciationAndAmortization": 109000,
        "ebitda": 61612000,
        "ebitdaratio": 0.810279071,
        "operatingIncome": 61503000,
        "operatingIncomeRatio": 0.8088455772,
        "totalOtherIncomeExpensesNet": -5876000,
        "incomeBeforeTax": 55804000,
        "incomeBeforeTaxRatio": 0.7338962098,
        "incomeTaxExpense": 3000000,
        "netIncome": 52204000,
        "netIncomeRatio": 0.6865514611,
        "eps": 0.26,
        "epsdiluted": 0.25,
        "weightedAverageShsOut": 204545899,
        "weightedAverageShsOutDil": 206912225,
        "link": "https://find-and-update.company-information.service.gov.uk/search/companies?q=Burford+Capital+Limited",
        "finalLink": "https://find-and-update.company-information.service.gov.uk/search/companies?q=Burford+Capital+Limited"
    },
    {
        "date": "2015-12-31",
        "symbol": "BUR",
        "reportedCurrency": "USD",
        "cik": "0001714174",
        "fillingDate": "2015-12-31",
        "acceptedDate": "2015-12-31 00:00:00",
        "calendarYear": "2015",
        "period": "Q4",
        "revenue": 64178000,
        "costOfRevenue": 13609000,
        "grossProfit": 50569000,
        "grossProfitRatio": 0.7879491415,
        "researchAndDevelopmentExpenses": 0,
        "generalAndAdministrativeExpenses": 0,
        "sellingAndMarketingExpenses": 0,
        "sellingGeneralAndAdministrativeExpenses": 0,
        "otherExpenses": 0,
        "operatingExpenses": 1776000,
        "costAndExpenses": 15385000,
        "interestIncome": 4701000,
        "interestExpense": 0,
        "depreciationAndAmortization": 98000,
        "ebitda": 50667000,
        "ebitdaratio": 0.7894761445,
        "operatingIncome": 50569000,
        "operatingIncomeRatio": 0.7879491415,
        "totalOtherIncomeExpensesNet": -4701000,
        "incomeBeforeTax": 44092000,
        "incomeBeforeTaxRatio": 0.687026707,
        "incomeTaxExpense": 2135000,
        "netIncome": 41357000,
        "netIncomeRatio": 0.6444108573,
        "eps": 0.2,
        "epsdiluted": 0.2,
        "weightedAverageShsOut": 204545455,
        "weightedAverageShsOutDil": 204545455,
        "link": "https://find-and-update.company-information.service.gov.uk/search/companies?q=Burford+Capital+Limited",
        "finalLink": "https://find-and-update.company-information.service.gov.uk/search/companies?q=Burford+Capital+Limited"
    },
    {
        "date": "2015-06-30",
        "symbol": "BUR",
        "reportedCurrency": "USD",
        "cik": "0001714174",
        "fillingDate": "2015-06-30",
        "acceptedDate": "2015-06-30 00:00:00",
        "calendarYear": "2015",
        "period": "Q2",
        "revenue": 39643000,
        "costOfRevenue": 12231000,
        "grossProfit": 27412000,
        "grossProfitRatio": 0.6914713821,
        "researchAndDevelopmentExpenses": 0,
        "generalAndAdministrativeExpenses": 0,
        "sellingAndMarketingExpenses": 0,
        "sellingGeneralAndAdministrativeExpenses": 0,
        "otherExpenses": 0,
        "operatingExpenses": 962000,
        "costAndExpenses": 13193000,
        "interestIncome": 4589000,
        "interestExpense": 0,
        "depreciationAndAmortization": 143000,
        "ebitda": 27555000,
        "ebitdaratio": 0.6950785763,
        "operatingIncome": 27412000,
        "operatingIncomeRatio": 0.6914713821,
        "totalOtherIncomeExpensesNet": -4589000,
        "incomeBeforeTax": 23785000,
        "incomeBeforeTaxRatio": 0.5999798199,
        "incomeTaxExpense": 69000,
        "netIncome": 23116000,
        "netIncomeRatio": 0.583104205,
        "eps": 0.11,
        "epsdiluted": 0.11,
        "weightedAverageShsOut": 204545455,
        "weightedAverageShsOutDil": 204545455,
        "link": "https://find-and-update.company-information.service.gov.uk/search/companies?q=Burford+Capital+Limited",
        "finalLink": "https://find-and-update.company-information.service.gov.uk/search/companies?q=Burford+Capital+Limited"
    },
    {
        "date": "2014-12-31",
        "symbol": "BUR",
        "reportedCurrency": "USD",
        "cik": "0001714174",
        "fillingDate": "2014-12-31",
        "acceptedDate": "2014-12-31 00:00:00",
        "calendarYear": "2014",
        "period": "Q4",
        "revenue": 46118000,
        "costOfRevenue": 4434000,
        "grossProfit": 41684000,
        "grossProfitRatio": 0.9038553276,
        "researchAndDevelopmentExpenses": 0,
        "generalAndAdministrativeExpenses": 381000,
        "sellingAndMarketingExpenses": 5967000,
        "sellingGeneralAndAdministrativeExpenses": 6348000,
        "otherExpenses": 0,
        "operatingExpenses": 3073000,
        "costAndExpenses": 7507000,
        "interestIncome": 3652000,
        "interestExpense": 0,
        "depreciationAndAmortization": 3970000,
        "ebitda": 35441000,
        "ebitdaratio": 0.7684851902,
        "operatingIncome": 31471000,
        "operatingIncomeRatio": 0.6824016653,
        "totalOtherIncomeExpensesNet": 14493000,
        "incomeBeforeTax": 34959000,
        "incomeBeforeTaxRatio": 0.7580337395,
        "incomeTaxExpense": 557000,
        "netIncome": 33802000,
        "netIncomeRatio": 0.7329459213,
        "eps": 0.17,
        "epsdiluted": 0.17,
        "weightedAverageShsOut": 204545455,
        "weightedAverageShsOutDil": 204545455,
        "link": "https://find-and-update.company-information.service.gov.uk/search/companies?q=Burford+Capital+Limited",
        "finalLink": "https://find-and-update.company-information.service.gov.uk/search/companies?q=Burford+Capital+Limited"
    },
    {
        "date": "2014-06-30",
        "symbol": "BUR",
        "reportedCurrency": "USD",
        "cik": "0001714174",
        "fillingDate": "2014-06-30",
        "acceptedDate": "2014-06-30 00:00:00",
        "calendarYear": "2014",
        "period": "Q2",
        "revenue": 27382000,
        "costOfRevenue": 9140000,
        "grossProfit": 18242000,
        "grossProfitRatio": 0.6662040757,
        "researchAndDevelopmentExpenses": 0,
        "generalAndAdministrativeExpenses": 0,
        "sellingAndMarketingExpenses": 0,
        "sellingGeneralAndAdministrativeExpenses": 0,
        "otherExpenses": 0,
        "operatingExpenses": 5877000,
        "costAndExpenses": 15017000,
        "interestIncome": 0,
        "interestExpense": 0,
        "depreciationAndAmortization": 5976000,
        "ebitda": 18348000,
        "ebitdaratio": 0.6700752319,
        "operatingIncome": 12372000,
        "operatingIncomeRatio": 0.4518296691,
        "totalOtherIncomeExpensesNet": -5870000,
        "incomeBeforeTax": 12365000,
        "incomeBeforeTaxRatio": 0.4515740267,
        "incomeTaxExpense": 130000,
        "netIncome": 11635000,
        "netIncomeRatio": 0.4249141772,
        "eps": 0.0569,
        "epsdiluted": 0.0569,
        "weightedAverageShsOut": 204545455,
        "weightedAverageShsOutDil": 204545455,
        "link": "https://find-and-update.company-information.service.gov.uk/search/companies?q=Burford+Capital+Limited",
        "finalLink": "https://find-and-update.company-information.service.gov.uk/search/companies?q=Burford+Capital+Limited"
    },
    {
        "date": "2013-12-31",
        "symbol": "BUR",
        "reportedCurrency": "USD",
        "cik": "0001714174",
        "fillingDate": "2013-12-31",
        "acceptedDate": "2013-12-31 00:00:00",
        "calendarYear": "2013",
        "period": "Q4",
        "revenue": 40585000,
        "costOfRevenue": 684000,
        "grossProfit": 39901000,
        "grossProfitRatio": 0.9831464827,
        "researchAndDevelopmentExpenses": 0,
        "generalAndAdministrativeExpenses": 957000,
        "sellingAndMarketingExpenses": 5205000,
        "sellingGeneralAndAdministrativeExpenses": 6162000,
        "otherExpenses": 0,
        "operatingExpenses": 13193000,
        "costAndExpenses": 13877000,
        "interestIncome": 0,
        "interestExpense": 0,
        "depreciationAndAmortization": 5349000,
        "ebitda": 33836000,
        "ebitdaratio": 0.8337070346,
        "operatingIncome": 28487000,
        "operatingIncomeRatio": 0.7019095725,
        "totalOtherIncomeExpensesNet": 12248000,
        "incomeBeforeTax": 26708000,
        "incomeBeforeTaxRatio": 0.6580756437,
        "incomeTaxExpense": 340000,
        "netIncome": 26959000,
        "netIncomeRatio": 0.6642601947,
        "eps": 0.13,
        "epsdiluted": 0.13,
        "weightedAverageShsOut": 204545455,
        "weightedAverageShsOutDil": 204545455,
        "link": "https://find-and-update.company-information.service.gov.uk/search/companies?q=Burford+Capital+Limited",
        "finalLink": "https://find-and-update.company-information.service.gov.uk/search/companies?q=Burford+Capital+Limited"
    },
    {
        "date": "2013-06-30",
        "symbol": "BUR",
        "reportedCurrency": "USD",
        "cik": "0001714174",
        "fillingDate": "2013-06-30",
        "acceptedDate": "2013-06-30 00:00:00",
        "calendarYear": "2013",
        "period": "Q2",
        "revenue": 19900000,
        "costOfRevenue": 9814000,
        "grossProfit": 10086000,
        "grossProfitRatio": 0.5068341709,
        "researchAndDevelopmentExpenses": 0,
        "generalAndAdministrativeExpenses": 0,
        "sellingAndMarketingExpenses": 0,
        "sellingGeneralAndAdministrativeExpenses": 0,
        "otherExpenses": 0,
        "operatingExpenses": 34648000,
        "costAndExpenses": 44462000,
        "interestIncome": 0,
        "interestExpense": 0,
        "depreciationAndAmortization": 6090000,
        "ebitda": 10249000,
        "ebitdaratio": 0.5150251256,
        "operatingIncome": 4159000,
        "operatingIncomeRatio": 0.2089949749,
        "totalOtherIncomeExpensesNet": -28721000,
        "incomeBeforeTax": -24562000,
        "incomeBeforeTaxRatio": -1.2342713568,
        "incomeTaxExpense": 179000,
        "netIncome": -24383000,
        "netIncomeRatio": -1.2252763819,
        "eps": -0.13,
        "epsdiluted": -0.13,
        "weightedAverageShsOut": 192909837,
        "weightedAverageShsOutDil": 192909837,
        "link": "https://find-and-update.company-information.service.gov.uk/search/companies?q=Burford+Capital+Limited",
        "finalLink": "https://find-and-update.company-information.service.gov.uk/search/companies?q=Burford+Capital+Limited"
    }
]