[
    {
        "date": "2025-06-30",
        "symbol": "BV",
        "reportedCurrency": "USD",
        "cik": "0001734713",
        "fillingDate": "2025-08-06",
        "acceptedDate": "2025-08-06 16:13:07",
        "calendarYear": "2025",
        "period": "Q3",
        "revenue": 708300000,
        "costOfRevenue": 537400000,
        "grossProfit": 170900000,
        "grossProfitRatio": 0.2412819427,
        "researchAndDevelopmentExpenses": 0,
        "generalAndAdministrativeExpenses": 0,
        "sellingAndMarketingExpenses": 0,
        "sellingGeneralAndAdministrativeExpenses": 106200000,
        "otherExpenses": 0,
        "operatingExpenses": 106200000,
        "costAndExpenses": 643600000,
        "interestIncome": 0,
        "interestExpense": 14600000,
        "depreciationAndAmortization": 46000000,
        "ebitda": 105500000,
        "ebitdaratio": 0.1489481858,
        "operatingIncome": 57600000,
        "operatingIncomeRatio": 0.081321474,
        "totalOtherIncomeExpensesNet": -12700000,
        "incomeBeforeTax": 44900000,
        "incomeBeforeTaxRatio": 0.0633912184,
        "incomeTaxExpense": 12600000,
        "netIncome": 32300000,
        "netIncomeRatio": 0.045602146,
        "eps": 0.16,
        "epsdiluted": 0.15,
        "weightedAverageShsOut": 95228000,
        "weightedAverageShsOutDil": 97744000,
        "link": "https://www.sec.gov/Archives/edgar/data/1734713/000095017025104037/0000950170-25-104037-index.htm",
        "finalLink": "https://www.sec.gov/Archives/edgar/data/1734713/000095017025104037/bv-20250630.htm"
    },
    {
        "date": "2025-03-31",
        "symbol": "BV",
        "reportedCurrency": "USD",
        "cik": "0001734713",
        "fillingDate": "2025-05-07",
        "acceptedDate": "2025-05-07 16:13:09",
        "calendarYear": "2025",
        "period": "Q2",
        "revenue": 662600000,
        "costOfRevenue": 515100000,
        "grossProfit": 147500000,
        "grossProfitRatio": 0.2226079082,
        "researchAndDevelopmentExpenses": 0,
        "generalAndAdministrativeExpenses": 0,
        "sellingAndMarketingExpenses": 0,
        "sellingGeneralAndAdministrativeExpenses": 118100000,
        "otherExpenses": 7100000,
        "operatingExpenses": 125200000,
        "costAndExpenses": 640300000,
        "interestIncome": 0,
        "interestExpense": 12800000,
        "depreciationAndAmortization": 39000000,
        "ebitda": 60500000,
        "ebitdaratio": 0.0913069725,
        "operatingIncome": 22300000,
        "operatingIncomeRatio": 0.0336552973,
        "totalOtherIncomeExpensesNet": -13600000,
        "incomeBeforeTax": 8700000,
        "incomeBeforeTaxRatio": 0.0131300936,
        "incomeTaxExpense": 2300000,
        "netIncome": 6400000,
        "netIncomeRatio": 0.0096589194,
        "eps": -0.0251,
        "epsdiluted": -0.0251,
        "weightedAverageShsOut": 95516000,
        "weightedAverageShsOutDil": 95516000,
        "link": "https://www.sec.gov/Archives/edgar/data/1734713/000095017025065670/0000950170-25-065670-index.htm",
        "finalLink": "https://www.sec.gov/Archives/edgar/data/1734713/000095017025065670/bv-20250331.htm"
    },
    {
        "date": "2024-12-31",
        "symbol": "BV",
        "reportedCurrency": "USD",
        "cik": "0001734713",
        "fillingDate": "2025-02-05",
        "acceptedDate": "2025-02-05 16:20:11",
        "calendarYear": "2025",
        "period": "Q1",
        "revenue": 599200000,
        "costOfRevenue": 472400000,
        "grossProfit": 126800000,
        "grossProfitRatio": 0.2116154873,
        "researchAndDevelopmentExpenses": 0,
        "generalAndAdministrativeExpenses": 0,
        "sellingAndMarketingExpenses": 0,
        "sellingGeneralAndAdministrativeExpenses": 119300000,
        "otherExpenses": 8100000,
        "operatingExpenses": 127400000,
        "costAndExpenses": 599800000,
        "interestIncome": 0,
        "interestExpense": 14200000,
        "depreciationAndAmortization": 38500000,
        "ebitda": 38100000,
        "ebitdaratio": 0.0635847797,
        "operatingIncome": -600000,
        "operatingIncomeRatio": -0.0010013351,
        "totalOtherIncomeExpensesNet": -14000000,
        "incomeBeforeTax": -14600000,
        "incomeBeforeTaxRatio": -0.0243658211,
        "incomeTaxExpense": -4200000,
        "netIncome": -10400000,
        "netIncomeRatio": -0.0173564753,
        "eps": -0.2,
        "epsdiluted": -0.2,
        "weightedAverageShsOut": 95166000,
        "weightedAverageShsOutDil": 95166000,
        "link": "https://www.sec.gov/Archives/edgar/data/1734713/000095017025014510/0000950170-25-014510-index.htm",
        "finalLink": "https://www.sec.gov/Archives/edgar/data/1734713/000095017025014510/bv-20241231.htm"
    },
    {
        "date": "2024-09-30",
        "symbol": "BV",
        "reportedCurrency": "USD",
        "cik": "0001734713",
        "fillingDate": "2024-11-13",
        "acceptedDate": "2024-11-13 16:15:37",
        "calendarYear": "2024",
        "period": "Q4",
        "revenue": 728700000,
        "costOfRevenue": 546600000,
        "grossProfit": 182100000,
        "grossProfitRatio": 0.249897077,
        "researchAndDevelopmentExpenses": 0,
        "generalAndAdministrativeExpenses": 0,
        "sellingAndMarketingExpenses": 0,
        "sellingGeneralAndAdministrativeExpenses": 121500000,
        "otherExpenses": 8800000,
        "operatingExpenses": 130300000,
        "costAndExpenses": 676800000,
        "interestIncome": 0,
        "interestExpense": 14200000,
        "depreciationAndAmortization": 37000000,
        "ebitda": 89400000,
        "ebitdaratio": 0.1226842322,
        "operatingIncome": 51900000,
        "operatingIncomeRatio": 0.0712227254,
        "totalOtherIncomeExpensesNet": -13700000,
        "incomeBeforeTax": 38200000,
        "incomeBeforeTaxRatio": 0.0524221216,
        "incomeTaxExpense": 12600000,
        "netIncome": 25600000,
        "netIncomeRatio": 0.0351310553,
        "eps": 0.0021,
        "epsdiluted": 0.0021,
        "weightedAverageShsOut": 94549000,
        "weightedAverageShsOutDil": 96672000,
        "link": "https://www.sec.gov/Archives/edgar/data/1734713/000095017024126338/0000950170-24-126338-index.htm",
        "finalLink": "https://www.sec.gov/Archives/edgar/data/1734713/000095017024126338/bv-20240930.htm"
    },
    {
        "date": "2024-06-30",
        "symbol": "BV",
        "reportedCurrency": "USD",
        "cik": "0001734713",
        "fillingDate": "2024-07-31",
        "acceptedDate": "2024-07-31 16:14:26",
        "calendarYear": "2024",
        "period": "Q3",
        "revenue": 738800000,
        "costOfRevenue": 561200000,
        "grossProfit": 177600000,
        "grossProfitRatio": 0.2403898213,
        "researchAndDevelopmentExpenses": 0,
        "generalAndAdministrativeExpenses": 0,
        "sellingAndMarketingExpenses": 0,
        "sellingGeneralAndAdministrativeExpenses": 120100000,
        "otherExpenses": 0,
        "operatingExpenses": 128600000,
        "costAndExpenses": 672800000,
        "interestIncome": 0,
        "interestExpense": 15100000,
        "depreciationAndAmortization": 36700000,
        "ebitda": 88000000,
        "ebitdaratio": 0.1191120736,
        "operatingIncome": 49000000,
        "operatingIncomeRatio": 0.0663237683,
        "totalOtherIncomeExpensesNet": -15600000,
        "incomeBeforeTax": 33400000,
        "incomeBeforeTaxRatio": 0.0452084461,
        "incomeTaxExpense": 9900000,
        "netIncome": 23500000,
        "netIncomeRatio": 0.0318083378,
        "eps": 0.0984,
        "epsdiluted": 0.0962,
        "weightedAverageShsOut": 94549000,
        "weightedAverageShsOutDil": 96672000,
        "link": "https://www.sec.gov/Archives/edgar/data/1734713/000095017024088585/0000950170-24-088585-index.htm",
        "finalLink": "https://www.sec.gov/Archives/edgar/data/1734713/000095017024088585/bv-20240630.htm"
    },
    {
        "date": "2024-03-31",
        "symbol": "BV",
        "reportedCurrency": "USD",
        "cik": "0001734713",
        "fillingDate": "2024-05-01",
        "acceptedDate": "2024-05-01 16:16:26",
        "calendarYear": "2024",
        "period": "Q2",
        "revenue": 672900000,
        "costOfRevenue": 529600000,
        "grossProfit": 143300000,
        "grossProfitRatio": 0.2129588349,
        "researchAndDevelopmentExpenses": 0,
        "generalAndAdministrativeExpenses": 0,
        "sellingAndMarketingExpenses": 0,
        "sellingGeneralAndAdministrativeExpenses": 118900000,
        "otherExpenses": 800000,
        "operatingExpenses": 118900000,
        "costAndExpenses": 648500000,
        "interestIncome": 0,
        "interestExpense": 16000000,
        "depreciationAndAmortization": 34800000,
        "ebitda": 100600000,
        "ebitdaratio": 0.1495021549,
        "operatingIncome": 24400000,
        "operatingIncomeRatio": 0.03626096,
        "totalOtherIncomeExpensesNet": -15200000,
        "incomeBeforeTax": 47000000,
        "incomeBeforeTaxRatio": 0.0698469312,
        "incomeTaxExpense": 13300000,
        "netIncome": 33700000,
        "netIncomeRatio": 0.0500817358,
        "eps": 0.36,
        "epsdiluted": 0.35,
        "weightedAverageShsOut": 94436000,
        "weightedAverageShsOutDil": 95711000,
        "link": "https://www.sec.gov/Archives/edgar/data/1734713/000095017024051292/0000950170-24-051292-index.htm",
        "finalLink": "https://www.sec.gov/Archives/edgar/data/1734713/000095017024051292/bv-20240331.htm"
    },
    {
        "date": "2023-12-31",
        "symbol": "BV",
        "reportedCurrency": "USD",
        "cik": "0001734713",
        "fillingDate": "2024-01-31",
        "acceptedDate": "2024-01-31 16:22:26",
        "calendarYear": "2024",
        "period": "Q1",
        "revenue": 626700000,
        "costOfRevenue": 492900000,
        "grossProfit": 133800000,
        "grossProfitRatio": 0.213499282,
        "researchAndDevelopmentExpenses": 0,
        "generalAndAdministrativeExpenses": 0,
        "sellingAndMarketingExpenses": 0,
        "sellingGeneralAndAdministrativeExpenses": 129900000,
        "otherExpenses": 1200000,
        "operatingExpenses": 129900000,
        "costAndExpenses": 622800000,
        "interestIncome": 0,
        "interestExpense": 17100000,
        "depreciationAndAmortization": 35700000,
        "ebitda": 29500000,
        "ebitdaratio": 0.0470719643,
        "operatingIncome": -6200000,
        "operatingIncomeRatio": -0.0098930908,
        "totalOtherIncomeExpensesNet": -15900000,
        "incomeBeforeTax": -22100000,
        "incomeBeforeTaxRatio": -0.0352640817,
        "incomeTaxExpense": 3200000,
        "netIncome": -25300000,
        "netIncomeRatio": -0.0403701931,
        "eps": -0.27,
        "epsdiluted": -0.27,
        "weightedAverageShsOut": 93986000,
        "weightedAverageShsOutDil": 93986000,
        "link": "https://www.sec.gov/Archives/edgar/data/1734713/000095017024009414/0000950170-24-009414-index.htm",
        "finalLink": "https://www.sec.gov/Archives/edgar/data/1734713/000095017024009414/bv-20231231.htm"
    },
    {
        "date": "2023-09-30",
        "symbol": "BV",
        "reportedCurrency": "USD",
        "cik": "0001734713",
        "fillingDate": "2023-11-16",
        "acceptedDate": "2023-11-16 06:17:30",
        "calendarYear": "2023",
        "period": "Q4",
        "revenue": 743700000,
        "costOfRevenue": 558100000,
        "grossProfit": 185600000,
        "grossProfitRatio": 0.2495629958,
        "researchAndDevelopmentExpenses": 0,
        "generalAndAdministrativeExpenses": 0,
        "sellingAndMarketingExpenses": 0,
        "sellingGeneralAndAdministrativeExpenses": 120400000,
        "otherExpenses": -8800000,
        "operatingExpenses": 131200000,
        "costAndExpenses": 689300000,
        "interestIncome": 0,
        "interestExpense": 19100000,
        "depreciationAndAmortization": 35100000,
        "ebitda": 72500000,
        "ebitdaratio": 0.0974855452,
        "operatingIncome": 54400000,
        "operatingIncomeRatio": 0.0731477746,
        "totalOtherIncomeExpensesNet": -27900000,
        "incomeBeforeTax": 26500000,
        "incomeBeforeTaxRatio": 0.0356326476,
        "incomeTaxExpense": 10100000,
        "netIncome": 16400000,
        "netIncomeRatio": 0.0220519026,
        "eps": 0.14,
        "epsdiluted": 0.14,
        "weightedAverageShsOut": 93420000,
        "weightedAverageShsOutDil": 93420000,
        "link": "https://www.sec.gov/Archives/edgar/data/1734713/000095017023064336/0000950170-23-064336-index.htm",
        "finalLink": "https://www.sec.gov/Archives/edgar/data/1734713/000095017023064336/bv-20230930.htm"
    },
    {
        "date": "2023-06-30",
        "symbol": "BV",
        "reportedCurrency": "USD",
        "cik": "0001734713",
        "fillingDate": "2023-08-03",
        "acceptedDate": "2023-08-03 06:17:25",
        "calendarYear": "2023",
        "period": "Q3",
        "revenue": 766000000,
        "costOfRevenue": 567400000,
        "grossProfit": 198600000,
        "grossProfitRatio": 0.2592689295,
        "researchAndDevelopmentExpenses": 0,
        "generalAndAdministrativeExpenses": 0,
        "sellingAndMarketingExpenses": 0,
        "sellingGeneralAndAdministrativeExpenses": 136600000,
        "otherExpenses": 600000,
        "operatingExpenses": 147400000,
        "costAndExpenses": 714800000,
        "interestIncome": 0,
        "interestExpense": 27400000,
        "depreciationAndAmortization": 37200000,
        "ebitda": 110900000,
        "ebitdaratio": 0.1447780679,
        "operatingIncome": 51200000,
        "operatingIncomeRatio": 0.0668407311,
        "totalOtherIncomeExpensesNet": -26800000,
        "incomeBeforeTax": 24400000,
        "incomeBeforeTaxRatio": 0.0318537859,
        "incomeTaxExpense": 7600000,
        "netIncome": 16800000,
        "netIncomeRatio": 0.0219321149,
        "eps": 0.18,
        "epsdiluted": 0.18,
        "weightedAverageShsOut": 93504000,
        "weightedAverageShsOutDil": 94001000,
        "link": "https://www.sec.gov/Archives/edgar/data/1734713/000095017023037535/0000950170-23-037535-index.htm",
        "finalLink": "https://www.sec.gov/Archives/edgar/data/1734713/000095017023037535/bv-20230630.htm"
    },
    {
        "date": "2023-03-31",
        "symbol": "BV",
        "reportedCurrency": "USD",
        "cik": "0001734713",
        "fillingDate": "2023-05-04",
        "acceptedDate": "2023-05-04 06:17:01",
        "calendarYear": "2023",
        "period": "Q2",
        "revenue": 650400000,
        "costOfRevenue": 503300000,
        "grossProfit": 147100000,
        "grossProfitRatio": 0.2261685117,
        "researchAndDevelopmentExpenses": 0,
        "generalAndAdministrativeExpenses": 0,
        "sellingAndMarketingExpenses": 0,
        "sellingGeneralAndAdministrativeExpenses": 138700000,
        "otherExpenses": 600000,
        "operatingExpenses": 149700000,
        "costAndExpenses": 653000000,
        "interestIncome": 0,
        "interestExpense": 27700000,
        "depreciationAndAmortization": 38400000,
        "ebitda": 35800000,
        "ebitdaratio": 0.0550430504,
        "operatingIncome": -2600000,
        "operatingIncomeRatio": -0.00399754,
        "totalOtherIncomeExpensesNet": -27100000,
        "incomeBeforeTax": -29700000,
        "incomeBeforeTaxRatio": -0.0456642066,
        "incomeTaxExpense": -7700000,
        "netIncome": -22000000,
        "netIncomeRatio": -0.0338253383,
        "eps": -0.24,
        "epsdiluted": -0.24,
        "weightedAverageShsOut": 93475000,
        "weightedAverageShsOutDil": 93475000,
        "link": "https://www.sec.gov/Archives/edgar/data/1734713/000095017023017424/0000950170-23-017424-index.htm",
        "finalLink": "https://www.sec.gov/Archives/edgar/data/1734713/000095017023017424/bv-20230331.htm"
    },
    {
        "date": "2022-12-31",
        "symbol": "BV",
        "reportedCurrency": "USD",
        "cik": "0001734713",
        "fillingDate": "2023-02-07",
        "acceptedDate": "2023-02-07 06:18:09",
        "calendarYear": "2023",
        "period": "Q1",
        "revenue": 655900000,
        "costOfRevenue": 508300000,
        "grossProfit": 147600000,
        "grossProfitRatio": 0.225034304,
        "researchAndDevelopmentExpenses": 0,
        "generalAndAdministrativeExpenses": 0,
        "sellingAndMarketingExpenses": 0,
        "sellingGeneralAndAdministrativeExpenses": 137600000,
        "otherExpenses": 700000,
        "operatingExpenses": 149500000,
        "costAndExpenses": 657800000,
        "interestIncome": 0,
        "interestExpense": 23200000,
        "depreciationAndAmortization": 39000000,
        "ebitda": 37100000,
        "ebitdaratio": 0.0565635005,
        "operatingIncome": -1900000,
        "operatingIncomeRatio": -0.002896783,
        "totalOtherIncomeExpensesNet": -22500000,
        "incomeBeforeTax": -24400000,
        "incomeBeforeTaxRatio": -0.0372007928,
        "incomeTaxExpense": -5500000,
        "netIncome": -18900000,
        "netIncomeRatio": -0.0288153682,
        "eps": -0.2,
        "epsdiluted": -0.2,
        "weightedAverageShsOut": 93252000,
        "weightedAverageShsOutDil": 93252000,
        "link": "https://www.sec.gov/Archives/edgar/data/1734713/000095017023001914/0000950170-23-001914-index.htm",
        "finalLink": "https://www.sec.gov/Archives/edgar/data/1734713/000095017023001914/bv-20221231.htm"
    },
    {
        "date": "2022-09-30",
        "symbol": "BV",
        "reportedCurrency": "USD",
        "cik": "0001734713",
        "fillingDate": "2022-11-17",
        "acceptedDate": "2022-11-17 06:20:27",
        "calendarYear": "2022",
        "period": "Q4",
        "revenue": 723400000,
        "costOfRevenue": 534800000,
        "grossProfit": 188600000,
        "grossProfitRatio": 0.2607132983,
        "researchAndDevelopmentExpenses": 0,
        "generalAndAdministrativeExpenses": 0,
        "sellingAndMarketingExpenses": 0,
        "sellingGeneralAndAdministrativeExpenses": 135400000,
        "otherExpenses": -400000,
        "operatingExpenses": 148200000,
        "costAndExpenses": 683000000,
        "interestIncome": 0,
        "interestExpense": 18800000,
        "depreciationAndAmortization": 40200000,
        "ebitda": 81400000,
        "ebitdaratio": 0.1125241913,
        "operatingIncome": 40400000,
        "operatingIncomeRatio": 0.0558473873,
        "totalOtherIncomeExpensesNet": -19200000,
        "incomeBeforeTax": 21200000,
        "incomeBeforeTaxRatio": 0.0293060547,
        "incomeTaxExpense": 5900000,
        "netIncome": 15300000,
        "netIncomeRatio": 0.0211501244,
        "eps": 0.16,
        "epsdiluted": 0.16,
        "weightedAverageShsOut": 93000000,
        "weightedAverageShsOutDil": 93000000,
        "link": "https://www.sec.gov/Archives/edgar/data/1734713/000095017022025340/0000950170-22-025340-index.htm",
        "finalLink": "https://www.sec.gov/Archives/edgar/data/1734713/000095017022025340/bv-20220930.htm"
    },
    {
        "date": "2022-06-30",
        "symbol": "BV",
        "reportedCurrency": "USD",
        "cik": "0001734713",
        "fillingDate": "2022-08-04",
        "acceptedDate": "2022-08-04 06:19:13",
        "calendarYear": "2022",
        "period": "Q3",
        "revenue": 747400000,
        "costOfRevenue": 558200000,
        "grossProfit": 189200000,
        "grossProfitRatio": 0.2531442333,
        "researchAndDevelopmentExpenses": 0,
        "generalAndAdministrativeExpenses": 0,
        "sellingAndMarketingExpenses": 0,
        "sellingGeneralAndAdministrativeExpenses": 131300000,
        "otherExpenses": -14600000,
        "operatingExpenses": 144500000,
        "costAndExpenses": 702700000,
        "interestIncome": 0,
        "interestExpense": 14800000,
        "depreciationAndAmortization": 38900000,
        "ebitda": 68900000,
        "ebitdaratio": 0.0921862457,
        "operatingIncome": 44700000,
        "operatingIncomeRatio": 0.0598073321,
        "totalOtherIncomeExpensesNet": -29400000,
        "incomeBeforeTax": 15300000,
        "incomeBeforeTaxRatio": 0.020470966,
        "incomeTaxExpense": 4500000,
        "netIncome": 10800000,
        "netIncomeRatio": 0.0144500937,
        "eps": 0.12,
        "epsdiluted": 0.12,
        "weightedAverageShsOut": 93207000,
        "weightedAverageShsOutDil": 93436000,
        "link": "https://www.sec.gov/Archives/edgar/data/1734713/000095017022014434/0000950170-22-014434-index.htm",
        "finalLink": "https://www.sec.gov/Archives/edgar/data/1734713/000095017022014434/bv-20220630.htm"
    },
    {
        "date": "2022-03-31",
        "symbol": "BV",
        "reportedCurrency": "USD",
        "cik": "0001734713",
        "fillingDate": "2022-05-05",
        "acceptedDate": "2022-05-05 06:18:18",
        "calendarYear": "2022",
        "period": "Q2",
        "revenue": 711900000,
        "costOfRevenue": 554800000,
        "grossProfit": 157100000,
        "grossProfitRatio": 0.2206770614,
        "researchAndDevelopmentExpenses": 0,
        "generalAndAdministrativeExpenses": 0,
        "sellingAndMarketingExpenses": 0,
        "sellingGeneralAndAdministrativeExpenses": 133400000,
        "otherExpenses": -1000000,
        "operatingExpenses": 145400000,
        "costAndExpenses": 700200000,
        "interestIncome": 0,
        "interestExpense": 10100000,
        "depreciationAndAmortization": 36400000,
        "ebitda": 46400000,
        "ebitdaratio": 0.0651776935,
        "operatingIncome": 11700000,
        "operatingIncomeRatio": 0.0164348925,
        "totalOtherIncomeExpensesNet": -11100000,
        "incomeBeforeTax": 600000,
        "incomeBeforeTaxRatio": 0.000842815,
        "incomeTaxExpense": -100000,
        "netIncome": 700000,
        "netIncomeRatio": 0.0009832842,
        "eps": 0.007,
        "epsdiluted": 0.007,
        "weightedAverageShsOut": 100282000,
        "weightedAverageShsOutDil": 100608000,
        "link": "https://www.sec.gov/Archives/edgar/data/1734713/000095017022007529/0000950170-22-007529-index.htm",
        "finalLink": "https://www.sec.gov/Archives/edgar/data/1734713/000095017022007529/bv-20220331.htm"
    },
    {
        "date": "2021-12-31",
        "symbol": "BV",
        "reportedCurrency": "USD",
        "cik": "0001734713",
        "fillingDate": "2022-02-03",
        "acceptedDate": "2022-02-03 06:11:37",
        "calendarYear": "2022",
        "period": "Q1",
        "revenue": 591800000,
        "costOfRevenue": 451900000,
        "grossProfit": 139900000,
        "grossProfitRatio": 0.2363974316,
        "researchAndDevelopmentExpenses": 0,
        "generalAndAdministrativeExpenses": 0,
        "sellingAndMarketingExpenses": 0,
        "sellingGeneralAndAdministrativeExpenses": 134900000,
        "otherExpenses": 700000,
        "operatingExpenses": 148300000,
        "costAndExpenses": 600200000,
        "interestIncome": 0,
        "interestExpense": 9700000,
        "depreciationAndAmortization": 34800000,
        "ebitda": 26300000,
        "ebitdaratio": 0.0444406894,
        "operatingIncome": -8400000,
        "operatingIncomeRatio": -0.0141939845,
        "totalOtherIncomeExpensesNet": -9000000,
        "incomeBeforeTax": -17400000,
        "incomeBeforeTaxRatio": -0.0294018249,
        "incomeTaxExpense": -4600000,
        "netIncome": -12800000,
        "netIncomeRatio": -0.0216289287,
        "eps": -0.12,
        "epsdiluted": -0.12,
        "weightedAverageShsOut": 105259000,
        "weightedAverageShsOutDil": 105259000,
        "link": "https://www.sec.gov/Archives/edgar/data/1734713/000095017022000701/0000950170-22-000701-index.htm",
        "finalLink": "https://www.sec.gov/Archives/edgar/data/1734713/000095017022000701/bv-20211231.htm"
    },
    {
        "date": "2021-09-30",
        "symbol": "BV",
        "reportedCurrency": "USD",
        "cik": "0001734713",
        "fillingDate": "2021-11-17",
        "acceptedDate": "2021-11-17 06:25:26",
        "calendarYear": "2021",
        "period": "Q4",
        "revenue": 673700000,
        "costOfRevenue": 493600000,
        "grossProfit": 180100000,
        "grossProfitRatio": 0.267329672,
        "researchAndDevelopmentExpenses": 0,
        "generalAndAdministrativeExpenses": 0,
        "sellingAndMarketingExpenses": 0,
        "sellingGeneralAndAdministrativeExpenses": 133700000,
        "otherExpenses": -100000,
        "operatingExpenses": 147000000,
        "costAndExpenses": 640600000,
        "interestIncome": 0,
        "interestExpense": 9800000,
        "depreciationAndAmortization": 34400000,
        "ebitda": 66800000,
        "ebitdaratio": 0.0991539261,
        "operatingIncome": 33100000,
        "operatingIncomeRatio": 0.049131661,
        "totalOtherIncomeExpensesNet": -9900000,
        "incomeBeforeTax": 23300000,
        "incomeBeforeTaxRatio": 0.0345851269,
        "incomeTaxExpense": -3500000,
        "netIncome": 26800000,
        "netIncomeRatio": 0.0397803176,
        "eps": 0.26,
        "epsdiluted": 0.25,
        "weightedAverageShsOut": 105200000,
        "weightedAverageShsOutDil": 105200000,
        "link": "https://www.sec.gov/Archives/edgar/data/1734713/000095017021004707/0000950170-21-004707-index.htm",
        "finalLink": "https://www.sec.gov/Archives/edgar/data/1734713/000095017021004707/bv-20210930.htm"
    },
    {
        "date": "2021-06-30",
        "symbol": "BV",
        "reportedCurrency": "USD",
        "cik": "0001734713",
        "fillingDate": "2021-08-05",
        "acceptedDate": "2021-08-05 06:25:50",
        "calendarYear": "2021",
        "period": "Q3",
        "revenue": 673600000,
        "costOfRevenue": 494600000,
        "grossProfit": 179000000,
        "grossProfitRatio": 0.265736342,
        "researchAndDevelopmentExpenses": 0,
        "generalAndAdministrativeExpenses": 0,
        "sellingAndMarketingExpenses": 0,
        "sellingGeneralAndAdministrativeExpenses": 123100000,
        "otherExpenses": 800000,
        "operatingExpenses": 135700000,
        "costAndExpenses": 630300000,
        "interestIncome": 0,
        "interestExpense": 9400000,
        "depreciationAndAmortization": 33900000,
        "ebitda": 77200000,
        "ebitdaratio": 0.114608076,
        "operatingIncome": 43300000,
        "operatingIncomeRatio": 0.0642814727,
        "totalOtherIncomeExpensesNet": -8600000,
        "incomeBeforeTax": 34700000,
        "incomeBeforeTaxRatio": 0.0515142518,
        "incomeTaxExpense": 9500000,
        "netIncome": 25200000,
        "netIncomeRatio": 0.0374109264,
        "eps": 0.24,
        "epsdiluted": 0.24,
        "weightedAverageShsOut": 105202000,
        "weightedAverageShsOutDil": 105947000,
        "link": "https://www.sec.gov/Archives/edgar/data/1734713/000095017021000847/0000950170-21-000847-index.htm",
        "finalLink": "https://www.sec.gov/Archives/edgar/data/1734713/000095017021000847/bv-20210630.htm"
    },
    {
        "date": "2021-03-31",
        "symbol": "BV",
        "reportedCurrency": "USD",
        "cik": "0001734713",
        "fillingDate": "2021-05-06",
        "acceptedDate": "2021-05-06 06:25:59",
        "calendarYear": "2021",
        "period": "Q2",
        "revenue": 651900000,
        "costOfRevenue": 493800000,
        "grossProfit": 158100000,
        "grossProfitRatio": 0.2425218592,
        "researchAndDevelopmentExpenses": 0,
        "generalAndAdministrativeExpenses": 0,
        "sellingAndMarketingExpenses": 0,
        "sellingGeneralAndAdministrativeExpenses": 127900000,
        "otherExpenses": 500000,
        "operatingExpenses": 140400000,
        "costAndExpenses": 634200000,
        "interestIncome": 0,
        "interestExpense": 9600000,
        "depreciationAndAmortization": 33200000,
        "ebitda": 50700000,
        "ebitdaratio": 0.0777726645,
        "operatingIncome": 17700000,
        "operatingIncomeRatio": 0.0271514036,
        "totalOtherIncomeExpensesNet": -9100000,
        "incomeBeforeTax": 8600000,
        "incomeBeforeTaxRatio": 0.0131922074,
        "incomeTaxExpense": 2300000,
        "netIncome": 6300000,
        "netIncomeRatio": 0.0096640589,
        "eps": 0.06,
        "epsdiluted": 0.06,
        "weightedAverageShsOut": 105183000,
        "weightedAverageShsOutDil": 105670000,
        "link": "https://www.sec.gov/Archives/edgar/data/1734713/000156459021024459/0001564590-21-024459-index.htm",
        "finalLink": "https://www.sec.gov/Archives/edgar/data/1734713/000156459021024459/bv-10q_20210331.htm"
    },
    {
        "date": "2020-12-31",
        "symbol": "BV",
        "reportedCurrency": "USD",
        "cik": "0001734713",
        "fillingDate": "2021-02-04",
        "acceptedDate": "2021-02-04 06:21:29",
        "calendarYear": "2021",
        "period": "Q1",
        "revenue": 554400000,
        "costOfRevenue": 420800000,
        "grossProfit": 133600000,
        "grossProfitRatio": 0.240981241,
        "researchAndDevelopmentExpenses": 0,
        "generalAndAdministrativeExpenses": 123300000,
        "sellingAndMarketingExpenses": 0,
        "sellingGeneralAndAdministrativeExpenses": 123300000,
        "otherExpenses": 1400000,
        "operatingExpenses": 137200000,
        "costAndExpenses": 558000000,
        "interestIncome": 0,
        "interestExpense": 13600000,
        "depreciationAndAmortization": 35500000,
        "ebitda": 31900000,
        "ebitdaratio": 0.0575396825,
        "operatingIncome": -3600000,
        "operatingIncomeRatio": -0.0064935065,
        "totalOtherIncomeExpensesNet": -12200000,
        "incomeBeforeTax": -15800000,
        "incomeBeforeTaxRatio": -0.0284992785,
        "incomeTaxExpense": -3800000,
        "netIncome": -12000000,
        "netIncomeRatio": -0.0216450216,
        "eps": -0.11,
        "epsdiluted": -0.11,
        "weightedAverageShsOut": 105148000,
        "weightedAverageShsOutDil": 105148000,
        "link": "https://www.sec.gov/Archives/edgar/data/1734713/000156459021004173/0001564590-21-004173-index.htm",
        "finalLink": "https://www.sec.gov/Archives/edgar/data/1734713/000156459021004173/bv-10q_20201231.htm"
    },
    {
        "date": "2020-09-30",
        "symbol": "BV",
        "reportedCurrency": "USD",
        "cik": "0001734713",
        "fillingDate": "2020-11-18",
        "acceptedDate": "2020-11-18 06:11:50",
        "calendarYear": "2020",
        "period": "Q4",
        "revenue": 608100000,
        "costOfRevenue": 444500000,
        "grossProfit": 163600000,
        "grossProfitRatio": 0.2690346982,
        "researchAndDevelopmentExpenses": 0,
        "generalAndAdministrativeExpenses": 0,
        "sellingAndMarketingExpenses": 0,
        "sellingGeneralAndAdministrativeExpenses": 138400000,
        "otherExpenses": 800000,
        "operatingExpenses": 153600000,
        "costAndExpenses": 598100000,
        "interestIncome": 0,
        "interestExpense": 14600000,
        "depreciationAndAmortization": 35300000,
        "ebitda": 40800000,
        "ebitdaratio": 0.0670942279,
        "operatingIncome": 10000000,
        "operatingIncomeRatio": 0.0164446637,
        "totalOtherIncomeExpensesNet": -13800000,
        "incomeBeforeTax": -3800000,
        "incomeBeforeTaxRatio": -0.0062489722,
        "incomeTaxExpense": 2300000,
        "netIncome": -6100000,
        "netIncomeRatio": -0.0100312449,
        "eps": -0.0587,
        "epsdiluted": -0.0587,
        "weightedAverageShsOut": 103900000,
        "weightedAverageShsOutDil": 103900000,
        "link": "https://www.sec.gov/Archives/edgar/data/1734713/000156459020054411/0001564590-20-054411-index.htm",
        "finalLink": "https://www.sec.gov/Archives/edgar/data/1734713/000156459020054411/bv-10k_20200930.htm"
    },
    {
        "date": "2020-06-30",
        "symbol": "BV",
        "reportedCurrency": "USD",
        "cik": "0001734713",
        "fillingDate": "2020-08-05",
        "acceptedDate": "2020-08-05 06:16:20",
        "calendarYear": "2020",
        "period": "Q3",
        "revenue": 608100000,
        "costOfRevenue": 451700000,
        "grossProfit": 156400000,
        "grossProfitRatio": 0.2571945404,
        "researchAndDevelopmentExpenses": 0,
        "generalAndAdministrativeExpenses": 131800000,
        "sellingAndMarketingExpenses": 0,
        "sellingGeneralAndAdministrativeExpenses": 131800000,
        "otherExpenses": 1700000,
        "operatingExpenses": 145400000,
        "costAndExpenses": 597100000,
        "interestIncome": 0,
        "interestExpense": 15400000,
        "depreciationAndAmortization": 34400000,
        "ebitda": 47100000,
        "ebitdaratio": 0.0774543661,
        "operatingIncome": 11000000,
        "operatingIncomeRatio": 0.0180891301,
        "totalOtherIncomeExpensesNet": -13700000,
        "incomeBeforeTax": -2700000,
        "incomeBeforeTaxRatio": -0.0044400592,
        "incomeTaxExpense": -300000,
        "netIncome": -2400000,
        "netIncomeRatio": -0.0039467193,
        "eps": -0.0231,
        "epsdiluted": -0.0231,
        "weightedAverageShsOut": 103793000,
        "weightedAverageShsOutDil": 103793000,
        "link": "https://www.sec.gov/Archives/edgar/data/1734713/000156459020036392/0001564590-20-036392-index.htm",
        "finalLink": "https://www.sec.gov/Archives/edgar/data/1734713/000156459020036392/bv-10q_20200630.htm"
    },
    {
        "date": "2020-03-31",
        "symbol": "BV",
        "reportedCurrency": "USD",
        "cik": "0001734713",
        "fillingDate": "2020-05-07",
        "acceptedDate": "2020-05-07 06:51:33",
        "calendarYear": "2020",
        "period": "Q2",
        "revenue": 559100000,
        "costOfRevenue": 426800000,
        "grossProfit": 132300000,
        "grossProfitRatio": 0.2366302987,
        "researchAndDevelopmentExpenses": 0,
        "generalAndAdministrativeExpenses": 126900000,
        "sellingAndMarketingExpenses": 0,
        "sellingGeneralAndAdministrativeExpenses": 126900000,
        "otherExpenses": -1900000,
        "operatingExpenses": 140500000,
        "costAndExpenses": 567300000,
        "interestIncome": 0,
        "interestExpense": 17100000,
        "depreciationAndAmortization": 32900000,
        "ebitda": 18900000,
        "ebitdaratio": 0.0338043284,
        "operatingIncome": -8200000,
        "operatingIncomeRatio": -0.0146664282,
        "totalOtherIncomeExpensesNet": -19000000,
        "incomeBeforeTax": -27200000,
        "incomeBeforeTaxRatio": -0.0486496155,
        "incomeTaxExpense": -6700000,
        "netIncome": -20500000,
        "netIncomeRatio": -0.0366660705,
        "eps": -0.2,
        "epsdiluted": -0.2,
        "weightedAverageShsOut": 103651000,
        "weightedAverageShsOutDil": 103651000,
        "link": "https://www.sec.gov/Archives/edgar/data/1734713/000156459020022344/0001564590-20-022344-index.htm",
        "finalLink": "https://www.sec.gov/Archives/edgar/data/1734713/000156459020022344/bv-10q_20200331.htm"
    },
    {
        "date": "2019-12-31",
        "symbol": "BV",
        "reportedCurrency": "USD",
        "cik": "0001734713",
        "fillingDate": "2020-02-06",
        "acceptedDate": "2020-02-06 06:11:26",
        "calendarYear": "2020",
        "period": "Q1",
        "revenue": 570700000,
        "costOfRevenue": 427700000,
        "grossProfit": 143000000,
        "grossProfitRatio": 0.2505694761,
        "researchAndDevelopmentExpenses": 0,
        "generalAndAdministrativeExpenses": 130300000,
        "sellingAndMarketingExpenses": 0,
        "sellingGeneralAndAdministrativeExpenses": 130300000,
        "otherExpenses": 700000,
        "operatingExpenses": 143800000,
        "costAndExpenses": 571500000,
        "interestIncome": 0,
        "interestExpense": 17400000,
        "depreciationAndAmortization": 33700000,
        "ebitda": 32900000,
        "ebitdaratio": 0.0576485018,
        "operatingIncome": -800000,
        "operatingIncomeRatio": -0.0014017873,
        "totalOtherIncomeExpensesNet": -16700000,
        "incomeBeforeTax": -17500000,
        "incomeBeforeTaxRatio": -0.0306640967,
        "incomeTaxExpense": -4900000,
        "netIncome": -12600000,
        "netIncomeRatio": -0.0220781496,
        "eps": -0.12,
        "epsdiluted": -0.12,
        "weightedAverageShsOut": 103307000,
        "weightedAverageShsOutDil": 103307000,
        "link": "https://www.sec.gov/Archives/edgar/data/1734713/000156459020003571/0001564590-20-003571-index.htm",
        "finalLink": "https://www.sec.gov/Archives/edgar/data/1734713/000156459020003571/bv-10q_20191231.htm"
    },
    {
        "date": "2019-09-30",
        "symbol": "BV",
        "reportedCurrency": "USD",
        "cik": "0001734713",
        "fillingDate": "2019-11-21",
        "acceptedDate": "2019-11-21 06:11:29",
        "calendarYear": "2019",
        "period": "Q4",
        "revenue": 624800000,
        "costOfRevenue": 453100000,
        "grossProfit": 171700000,
        "grossProfitRatio": 0.2748079385,
        "researchAndDevelopmentExpenses": 0,
        "generalAndAdministrativeExpenses": 108681000,
        "sellingAndMarketingExpenses": 119000,
        "sellingGeneralAndAdministrativeExpenses": 108800000,
        "otherExpenses": 0,
        "operatingExpenses": 122200000,
        "costAndExpenses": 575300000,
        "interestIncome": 0,
        "interestExpense": 18100000,
        "depreciationAndAmortization": 31676000,
        "ebitda": 62900000,
        "ebitdaratio": 0.1006722151,
        "operatingIncome": 49500000,
        "operatingIncomeRatio": 0.0792253521,
        "totalOtherIncomeExpensesNet": -18117000,
        "incomeBeforeTax": 31400000,
        "incomeBeforeTaxRatio": 0.0502560819,
        "incomeTaxExpense": 6300000,
        "netIncome": 25124000,
        "netIncomeRatio": 0.0402112676,
        "eps": 0.24,
        "epsdiluted": 0.24,
        "weightedAverageShsOut": 102900000,
        "weightedAverageShsOutDil": 102900000,
        "link": "https://www.sec.gov/Archives/edgar/data/1734713/000156459019044016/0001564590-19-044016-index.htm",
        "finalLink": "https://www.sec.gov/Archives/edgar/data/1734713/000156459019044016/bv-10k_20190930.htm"
    },
    {
        "date": "2019-06-30",
        "symbol": "BV",
        "reportedCurrency": "USD",
        "cik": "0001734713",
        "fillingDate": "2019-08-07",
        "acceptedDate": "2019-08-07 06:44:04",
        "calendarYear": "2019",
        "period": "Q3",
        "revenue": 657209000,
        "costOfRevenue": 468589000,
        "grossProfit": 188620000,
        "grossProfitRatio": 0.2870015475,
        "researchAndDevelopmentExpenses": 0,
        "generalAndAdministrativeExpenses": 113964000,
        "sellingAndMarketingExpenses": 0,
        "sellingGeneralAndAdministrativeExpenses": 113964000,
        "otherExpenses": 382000,
        "operatingExpenses": 127900000,
        "costAndExpenses": 596489000,
        "interestIncome": 0,
        "interestExpense": 18360000,
        "depreciationAndAmortization": 34900000,
        "ebitda": 96000000,
        "ebitdaratio": 0.146072254,
        "operatingIncome": 60720000,
        "operatingIncomeRatio": 0.0923907007,
        "totalOtherIncomeExpensesNet": -17958000,
        "incomeBeforeTax": 42742000,
        "incomeBeforeTaxRatio": 0.0650356279,
        "incomeTaxExpense": 11033000,
        "netIncome": 31700000,
        "netIncomeRatio": 0.0482342756,
        "eps": 0.31,
        "epsdiluted": 0.31,
        "weightedAverageShsOut": 102828000,
        "weightedAverageShsOutDil": 102999000,
        "link": "https://www.sec.gov/Archives/edgar/data/1734713/000156459019029636/0001564590-19-029636-index.htm",
        "finalLink": "https://www.sec.gov/Archives/edgar/data/1734713/000156459019029636/bv-10q_20190630.htm"
    },
    {
        "date": "2019-03-31",
        "symbol": "BV",
        "reportedCurrency": "USD",
        "cik": "0001734713",
        "fillingDate": "2019-05-08",
        "acceptedDate": "2019-05-08 06:41:17",
        "calendarYear": "2019",
        "period": "Q2",
        "revenue": 596637000,
        "costOfRevenue": 450569000,
        "grossProfit": 146068000,
        "grossProfitRatio": 0.2448188765,
        "researchAndDevelopmentExpenses": 0,
        "generalAndAdministrativeExpenses": 119413000,
        "sellingAndMarketingExpenses": 0,
        "sellingGeneralAndAdministrativeExpenses": 119413000,
        "otherExpenses": 1176000,
        "operatingExpenses": 133220000,
        "costAndExpenses": 583789000,
        "interestIncome": 0,
        "interestExpense": 18945000,
        "depreciationAndAmortization": 35500000,
        "ebitda": 49500000,
        "ebitdaratio": 0.0829650189,
        "operatingIncome": 12848000,
        "operatingIncomeRatio": 0.0215340316,
        "totalOtherIncomeExpensesNet": -17769000,
        "incomeBeforeTax": -4921000,
        "incomeBeforeTaxRatio": -0.0082478961,
        "incomeTaxExpense": -1315000,
        "netIncome": -3606000,
        "netIncomeRatio": -0.0060438759,
        "eps": -0.0351,
        "epsdiluted": -0.0351,
        "weightedAverageShsOut": 102785000,
        "weightedAverageShsOutDil": 102785000,
        "link": "https://www.sec.gov/Archives/edgar/data/1734713/000156459019016806/0001564590-19-016806-index.htm",
        "finalLink": "https://www.sec.gov/Archives/edgar/data/1734713/000156459019016806/bv-10q_20190331.htm"
    },
    {
        "date": "2018-12-31",
        "symbol": "BV",
        "reportedCurrency": "USD",
        "cik": "0001734713",
        "fillingDate": "2019-02-07",
        "acceptedDate": "2019-02-07 06:44:54",
        "calendarYear": "2019",
        "period": "Q1",
        "revenue": 526013000,
        "costOfRevenue": 394125000,
        "grossProfit": 131888000,
        "grossProfitRatio": 0.2507314458,
        "researchAndDevelopmentExpenses": 0,
        "generalAndAdministrativeExpenses": 110143000,
        "sellingAndMarketingExpenses": 0,
        "sellingGeneralAndAdministrativeExpenses": 110143000,
        "otherExpenses": -1453000,
        "operatingExpenses": 125273000,
        "costAndExpenses": 519398000,
        "interestIncome": 0,
        "interestExpense": 17124000,
        "depreciationAndAmortization": 34400000,
        "ebitda": 39500000,
        "ebitdaratio": 0.0750932011,
        "operatingIncome": 6615000,
        "operatingIncomeRatio": 0.0125757348,
        "totalOtherIncomeExpensesNet": -18577000,
        "incomeBeforeTax": -11962000,
        "incomeBeforeTaxRatio": -0.0227408828,
        "incomeTaxExpense": -3135000,
        "netIncome": -8827000,
        "netIncomeRatio": -0.0167809541,
        "eps": -0.0861,
        "epsdiluted": -0.0861,
        "weightedAverageShsOut": 102502000,
        "weightedAverageShsOutDil": 102502000,
        "link": "https://www.sec.gov/Archives/edgar/data/1734713/000156459019002213/0001564590-19-002213-index.htm",
        "finalLink": "https://www.sec.gov/Archives/edgar/data/1734713/000156459019002213/bv-10q_20181231.htm"
    },
    {
        "date": "2018-09-30",
        "symbol": "BV",
        "reportedCurrency": "USD",
        "cik": "0001734713",
        "fillingDate": "2018-11-28",
        "acceptedDate": "2018-11-28 16:16:55",
        "calendarYear": "2018",
        "period": "Q4",
        "revenue": 581800000,
        "costOfRevenue": 416100000,
        "grossProfit": 165700000,
        "grossProfitRatio": 0.2848057752,
        "researchAndDevelopmentExpenses": 0,
        "generalAndAdministrativeExpenses": 124343000,
        "sellingAndMarketingExpenses": -43000,
        "sellingGeneralAndAdministrativeExpenses": 124300000,
        "otherExpenses": -24800000,
        "operatingExpenses": 139600000,
        "costAndExpenses": 555700000,
        "interestIncome": 0,
        "interestExpense": 20300000,
        "depreciationAndAmortization": 33947000,
        "ebitda": 35241000,
        "ebitdaratio": 0.0605723616,
        "operatingIncome": 26000000,
        "operatingIncomeRatio": 0.0446888965,
        "totalOtherIncomeExpensesNet": -45045000,
        "incomeBeforeTax": -19000000,
        "incomeBeforeTaxRatio": -0.0326572705,
        "incomeTaxExpense": -8100000,
        "netIncome": -10900000,
        "netIncomeRatio": -0.0187349605,
        "eps": -0.11,
        "epsdiluted": -0.11,
        "weightedAverageShsOut": 99090909,
        "weightedAverageShsOutDil": 99090909,
        "link": "https://www.sec.gov/Archives/edgar/data/1734713/000156459018030205/0001564590-18-030205-index.htm",
        "finalLink": "https://www.sec.gov/Archives/edgar/data/1734713/000156459018030205/bv-10k_20180930.htm"
    },
    {
        "date": "2018-06-30",
        "symbol": "BV",
        "reportedCurrency": "USD",
        "cik": "0001734713",
        "fillingDate": "2018-08-09",
        "acceptedDate": "2018-08-09 16:32:03",
        "calendarYear": "2018",
        "period": "Q3",
        "revenue": 630330000,
        "costOfRevenue": 454753000,
        "grossProfit": 175577000,
        "grossProfitRatio": 0.2785477448,
        "researchAndDevelopmentExpenses": 0,
        "generalAndAdministrativeExpenses": 119246000,
        "sellingAndMarketingExpenses": 0,
        "sellingGeneralAndAdministrativeExpenses": 119246000,
        "otherExpenses": 265000,
        "operatingExpenses": 148493000,
        "costAndExpenses": 603246000,
        "interestIncome": 0,
        "interestExpense": 27499000,
        "depreciationAndAmortization": 29247000,
        "ebitda": 71920000,
        "ebitdaratio": 0.114098964,
        "operatingIncome": 27084000,
        "operatingIncomeRatio": 0.0429679692,
        "totalOtherIncomeExpensesNet": -27234000,
        "incomeBeforeTax": -150000,
        "incomeBeforeTaxRatio": -0.0002379706,
        "incomeTaxExpense": 1247000,
        "netIncome": -1397000,
        "netIncomeRatio": -0.0022162994,
        "eps": -0.0181,
        "epsdiluted": -0.0181,
        "weightedAverageShsOut": 77025000,
        "weightedAverageShsOutDil": 77025000,
        "link": "https://www.sec.gov/Archives/edgar/data/1734713/000156459018021093/0001564590-18-021093-index.htm",
        "finalLink": "https://www.sec.gov/Archives/edgar/data/1734713/000156459018021093/bv-10q_20180630.htm"
    },
    {
        "date": "2018-03-31",
        "symbol": "BV",
        "reportedCurrency": "USD",
        "cik": "0001734713",
        "fillingDate": "2018-03-31",
        "acceptedDate": "2018-03-30 20:00:00",
        "calendarYear": "2018",
        "period": "Q2",
        "revenue": 590382000,
        "costOfRevenue": 448149000,
        "grossProfit": 142233000,
        "grossProfitRatio": 0.2409168979,
        "researchAndDevelopmentExpenses": 0,
        "generalAndAdministrativeExpenses": 117817000,
        "sellingAndMarketingExpenses": 0,
        "sellingGeneralAndAdministrativeExpenses": 117817000,
        "otherExpenses": 49000,
        "operatingExpenses": 147135000,
        "costAndExpenses": 595284000,
        "interestIncome": 0,
        "interestExpense": 25069000,
        "depreciationAndAmortization": 47049000,
        "ebitda": 42147000,
        "ebitdaratio": 0.0713893716,
        "operatingIncome": -4902000,
        "operatingIncomeRatio": -0.0083030987,
        "totalOtherIncomeExpensesNet": -25020000,
        "incomeBeforeTax": -29922000,
        "incomeBeforeTaxRatio": -0.0506824395,
        "incomeTaxExpense": -7858000,
        "netIncome": -22064000,
        "netIncomeRatio": -0.0373724131,
        "eps": -0.22,
        "epsdiluted": -0.22,
        "weightedAverageShsOut": 99180817,
        "weightedAverageShsOutDil": 99180817,
        "link": null,
        "finalLink": null
    },
    {
        "date": "2017-12-31",
        "symbol": "BV",
        "reportedCurrency": "USD",
        "cik": "0001734713",
        "fillingDate": "2017-12-31",
        "acceptedDate": "2017-12-30 19:00:00",
        "calendarYear": "2018",
        "period": "Q1",
        "revenue": 551089000,
        "costOfRevenue": 408539000,
        "grossProfit": 142550000,
        "grossProfitRatio": 0.2586696523,
        "researchAndDevelopmentExpenses": 0,
        "generalAndAdministrativeExpenses": 119775000,
        "sellingAndMarketingExpenses": 0,
        "sellingGeneralAndAdministrativeExpenses": 119775000,
        "otherExpenses": 969000,
        "operatingExpenses": 150821000,
        "costAndExpenses": 559360000,
        "interestIncome": 0,
        "interestExpense": 24913000,
        "depreciationAndAmortization": 52118000,
        "ebitda": 44816000,
        "ebitdaratio": 0.0813226176,
        "operatingIncome": -8271000,
        "operatingIncomeRatio": -0.0150084651,
        "totalOtherIncomeExpensesNet": -23944000,
        "incomeBeforeTax": -32215000,
        "incomeBeforeTaxRatio": -0.0584569824,
        "incomeTaxExpense": -51539000,
        "netIncome": 19324000,
        "netIncomeRatio": 0.0350651165,
        "eps": 0.19,
        "epsdiluted": 0.19,
        "weightedAverageShsOut": 99180817,
        "weightedAverageShsOutDil": 99180817,
        "link": null,
        "finalLink": null
    },
    {
        "date": "2017-09-30",
        "symbol": "BV",
        "reportedCurrency": "USD",
        "cik": "0001734713",
        "fillingDate": "2017-09-30",
        "acceptedDate": "2017-09-29 20:00:00",
        "calendarYear": "2017",
        "period": "Q4",
        "revenue": 566988000,
        "costOfRevenue": 408785000,
        "grossProfit": 158203000,
        "grossProfitRatio": 0.2790235419,
        "researchAndDevelopmentExpenses": 0,
        "generalAndAdministrativeExpenses": 0,
        "sellingAndMarketingExpenses": 0,
        "sellingGeneralAndAdministrativeExpenses": 98221000,
        "otherExpenses": 0,
        "operatingExpenses": 135016000,
        "costAndExpenses": 543801000,
        "interestIncome": 24745000,
        "interestExpense": 0,
        "depreciationAndAmortization": 47917000,
        "ebitda": 76945000,
        "ebitdaratio": 0.1357083395,
        "operatingIncome": 29028000,
        "operatingIncomeRatio": 0.0511968507,
        "totalOtherIncomeExpensesNet": -30586000,
        "incomeBeforeTax": -1558000,
        "incomeBeforeTaxRatio": -0.0027478536,
        "incomeTaxExpense": 1982000,
        "netIncome": 424000,
        "netIncomeRatio": 0.0007478112,
        "eps": 0.0055,
        "epsdiluted": 0.0055,
        "weightedAverageShsOut": 77147016,
        "weightedAverageShsOutDil": 77137360,
        "link": null,
        "finalLink": null
    },
    {
        "date": "2017-06-30",
        "symbol": "BV",
        "reportedCurrency": "USD",
        "cik": "0001734713",
        "fillingDate": "2017-06-30",
        "acceptedDate": "2017-06-29 20:00:00",
        "calendarYear": "2017",
        "period": "Q3",
        "revenue": 627490000,
        "costOfRevenue": 451064000,
        "grossProfit": 176426000,
        "grossProfitRatio": 0.2811614528,
        "researchAndDevelopmentExpenses": 0,
        "generalAndAdministrativeExpenses": 0,
        "sellingAndMarketingExpenses": 0,
        "sellingGeneralAndAdministrativeExpenses": 104093000,
        "otherExpenses": 0,
        "operatingExpenses": 135000000,
        "costAndExpenses": 586064000,
        "interestIncome": 24922000,
        "interestExpense": 0,
        "depreciationAndAmortization": 51169000,
        "ebitda": 89625000,
        "ebitdaratio": 0.1428309614,
        "operatingIncome": 41083000,
        "operatingIncomeRatio": 0.0654719597,
        "totalOtherIncomeExpensesNet": -24579000,
        "incomeBeforeTax": 16504000,
        "incomeBeforeTaxRatio": 0.0263016144,
        "incomeTaxExpense": 1102000,
        "netIncome": 15402000,
        "netIncomeRatio": 0.0245454111,
        "eps": 0.2,
        "epsdiluted": 0.2,
        "weightedAverageShsOut": 77055077,
        "weightedAverageShsOutDil": 77055000,
        "link": null,
        "finalLink": null
    },
    {
        "date": "2017-03-31",
        "symbol": "BV",
        "reportedCurrency": "USD",
        "cik": "0001734713",
        "fillingDate": "2017-03-31",
        "acceptedDate": "2017-03-30 20:00:00",
        "calendarYear": "2017",
        "period": "Q2",
        "revenue": 519100000,
        "costOfRevenue": 400000000,
        "grossProfit": 119100000,
        "grossProfitRatio": 0.2294355615,
        "researchAndDevelopmentExpenses": 0,
        "generalAndAdministrativeExpenses": 0,
        "sellingAndMarketingExpenses": 0,
        "sellingGeneralAndAdministrativeExpenses": 103200000,
        "otherExpenses": 0,
        "operatingExpenses": 133200000,
        "costAndExpenses": 533200000,
        "interestIncome": 24100000,
        "interestExpense": 0,
        "depreciationAndAmortization": 50250000,
        "ebitda": 35450000,
        "ebitdaratio": 0.0682912734,
        "operatingIncome": -14800000,
        "operatingIncomeRatio": -0.0285108842,
        "totalOtherIncomeExpensesNet": -23400000,
        "incomeBeforeTax": -38200000,
        "incomeBeforeTaxRatio": -0.0735889039,
        "incomeTaxExpense": 8400000,
        "netIncome": -29800000,
        "netIncomeRatio": -0.0574070507,
        "eps": -0.39,
        "epsdiluted": -0.39,
        "weightedAverageShsOut": 77057141,
        "weightedAverageShsOutDil": 77057000,
        "link": null,
        "finalLink": null
    },
    {
        "date": "2016-12-31",
        "symbol": "BV",
        "reportedCurrency": "USD",
        "cik": "0001734713",
        "fillingDate": "2016-12-31",
        "acceptedDate": "2016-12-30 19:00:00",
        "calendarYear": "2017",
        "period": "Q1",
        "revenue": 512273000,
        "costOfRevenue": 369908000,
        "grossProfit": 142365000,
        "grossProfitRatio": 0.277908459,
        "researchAndDevelopmentExpenses": 0,
        "generalAndAdministrativeExpenses": 0,
        "sellingAndMarketingExpenses": 0,
        "sellingGeneralAndAdministrativeExpenses": 123681000,
        "otherExpenses": 354000,
        "operatingExpenses": 156572000,
        "costAndExpenses": 526480000,
        "interestIncome": 0,
        "interestExpense": 24375000,
        "depreciationAndAmortization": 54121000,
        "ebitda": 39914000,
        "ebitdaratio": 0.0779154865,
        "operatingIncome": -14207000,
        "operatingIncomeRatio": -0.0277332594,
        "totalOtherIncomeExpensesNet": -24021000,
        "incomeBeforeTax": -38228000,
        "incomeBeforeTaxRatio": -0.0746242726,
        "incomeTaxExpense": -14734000,
        "netIncome": -23494000,
        "netIncomeRatio": -0.0458622648,
        "eps": -0.3,
        "epsdiluted": -0.3,
        "weightedAverageShsOut": 77092445,
        "weightedAverageShsOutDil": 77092358,
        "link": null,
        "finalLink": null
    }
]