[
    {
        "date": "2025-09-30",
        "symbol": "BWA",
        "reportedCurrency": "USD",
        "cik": "0000908255",
        "fillingDate": "2025-10-30",
        "acceptedDate": "2025-10-30 11:36:28",
        "calendarYear": "2025",
        "period": "Q3",
        "revenue": 3591000000,
        "costOfRevenue": 2927000000,
        "grossProfit": 664000000,
        "grossProfitRatio": 0.1849067112,
        "researchAndDevelopmentExpenses": 189000000,
        "generalAndAdministrativeExpenses": 0,
        "sellingAndMarketingExpenses": 0,
        "sellingGeneralAndAdministrativeExpenses": 341000000,
        "otherExpenses": -189000000,
        "operatingExpenses": 341000000,
        "costAndExpenses": 3268000000,
        "interestIncome": 0,
        "interestExpense": 9000000,
        "depreciationAndAmortization": 219000000,
        "ebitda": 498000000,
        "ebitdaratio": 0.1386800334,
        "operatingIncome": 248000000,
        "operatingIncomeRatio": 0.0690615427,
        "totalOtherIncomeExpensesNet": -15000000,
        "incomeBeforeTax": 233000000,
        "incomeBeforeTaxRatio": 0.0648844333,
        "incomeTaxExpense": 75000000,
        "netIncome": 158000000,
        "netIncomeRatio": 0.0439988861,
        "eps": 0.73,
        "epsdiluted": 0.73,
        "weightedAverageShsOut": 216500000,
        "weightedAverageShsOutDil": 216500000,
        "link": "https://www.sec.gov/Archives/edgar/data/908255/000090825525000042/0000908255-25-000042-index.htm",
        "finalLink": "https://www.sec.gov/Archives/edgar/data/908255/000090825525000042/bwa-20250930.htm"
    },
    {
        "date": "2025-06-30",
        "symbol": "BWA",
        "reportedCurrency": "USD",
        "cik": "0000908255",
        "fillingDate": "2025-07-31",
        "acceptedDate": "2025-07-31 13:07:30",
        "calendarYear": "2025",
        "period": "Q2",
        "revenue": 3638000000,
        "costOfRevenue": 2998000000,
        "grossProfit": 640000000,
        "grossProfitRatio": 0.1759208356,
        "researchAndDevelopmentExpenses": 182000000,
        "generalAndAdministrativeExpenses": 323000000,
        "sellingAndMarketingExpenses": 0,
        "sellingGeneralAndAdministrativeExpenses": 323000000,
        "otherExpenses": -154000000,
        "operatingExpenses": 351000000,
        "costAndExpenses": 3349000000,
        "interestIncome": 12000000,
        "interestExpense": 24000000,
        "depreciationAndAmortization": 179000000,
        "ebitda": 487000000,
        "ebitdaratio": 0.1338647609,
        "operatingIncome": 289000000,
        "operatingIncomeRatio": 0.0794392523,
        "totalOtherIncomeExpensesNet": -5000000,
        "incomeBeforeTax": 284000000,
        "incomeBeforeTaxRatio": 0.0780648708,
        "incomeTaxExpense": 52000000,
        "netIncome": 224000000,
        "netIncomeRatio": 0.0615722925,
        "eps": 1.04,
        "epsdiluted": 1.03,
        "weightedAverageShsOut": 217200000,
        "weightedAverageShsOutDil": 218100000,
        "link": "https://www.sec.gov/Archives/edgar/data/908255/000090825525000032/0000908255-25-000032-index.htm",
        "finalLink": "https://www.sec.gov/Archives/edgar/data/908255/000090825525000032/bwa-20250630.htm"
    },
    {
        "date": "2025-03-31",
        "symbol": "BWA",
        "reportedCurrency": "USD",
        "cik": "0000908255",
        "fillingDate": "2025-05-07",
        "acceptedDate": "2025-05-07 11:31:53",
        "calendarYear": "2025",
        "period": "Q1",
        "revenue": 3515000000,
        "costOfRevenue": 2876000000,
        "grossProfit": 639000000,
        "grossProfitRatio": 0.1817923186,
        "researchAndDevelopmentExpenses": 182000000,
        "generalAndAdministrativeExpenses": 315000000,
        "sellingAndMarketingExpenses": 0,
        "sellingGeneralAndAdministrativeExpenses": 315000000,
        "otherExpenses": -95000000,
        "operatingExpenses": 402000000,
        "costAndExpenses": 3278000000,
        "interestIncome": 16000000,
        "interestExpense": 28000000,
        "depreciationAndAmortization": 155000000,
        "ebitda": 415000000,
        "ebitdaratio": 0.1180654339,
        "operatingIncome": 237000000,
        "operatingIncomeRatio": 0.0674253201,
        "totalOtherIncomeExpensesNet": -5000000,
        "incomeBeforeTax": 232000000,
        "incomeBeforeTaxRatio": 0.066002845,
        "incomeTaxExpense": 61000000,
        "netIncome": 157000000,
        "netIncomeRatio": 0.0446657183,
        "eps": 0.72,
        "epsdiluted": 0.72,
        "weightedAverageShsOut": 217200000,
        "weightedAverageShsOutDil": 218100000,
        "link": "https://www.sec.gov/Archives/edgar/data/908255/000090825525000019/0000908255-25-000019-index.htm",
        "finalLink": "https://www.sec.gov/Archives/edgar/data/908255/000090825525000019/bwa-20250331.htm"
    },
    {
        "date": "2024-12-31",
        "symbol": "BWA",
        "reportedCurrency": "USD",
        "cik": "0000908255",
        "fillingDate": "2025-02-06",
        "acceptedDate": "2025-02-06 13:19:07",
        "calendarYear": "2024",
        "period": "Q4",
        "revenue": 3439000000,
        "costOfRevenue": 2756000000,
        "grossProfit": 683000000,
        "grossProfitRatio": 0.1986042454,
        "researchAndDevelopmentExpenses": 407000000,
        "generalAndAdministrativeExpenses": 0,
        "sellingAndMarketingExpenses": 195000000,
        "sellingGeneralAndAdministrativeExpenses": 172000000,
        "otherExpenses": 420000000,
        "operatingExpenses": 999000000,
        "costAndExpenses": 3755000000,
        "interestIncome": 18000000,
        "interestExpense": 34000000,
        "depreciationAndAmortization": 178000000,
        "ebitda": -107000000,
        "ebitdaratio": -0.0311136958,
        "operatingIncome": -316000000,
        "operatingIncomeRatio": -0.0918871765,
        "totalOtherIncomeExpensesNet": -3000000,
        "incomeBeforeTax": -319000000,
        "incomeBeforeTaxRatio": -0.0927595231,
        "incomeTaxExpense": 67000000,
        "netIncome": -405000000,
        "netIncomeRatio": -0.1177667927,
        "eps": -1.85,
        "epsdiluted": -1.85,
        "weightedAverageShsOut": 218670000,
        "weightedAverageShsOutDil": 219100000,
        "link": "https://www.sec.gov/Archives/edgar/data/908255/000090825525000007/0000908255-25-000007-index.htm",
        "finalLink": "https://www.sec.gov/Archives/edgar/data/908255/000090825525000007/bwa-20241231.htm"
    },
    {
        "date": "2024-09-30",
        "symbol": "BWA",
        "reportedCurrency": "USD",
        "cik": "0000908255",
        "fillingDate": "2024-10-31",
        "acceptedDate": "2024-10-31 12:50:35",
        "calendarYear": "2024",
        "period": "Q3",
        "revenue": 3449000000,
        "costOfRevenue": 2813000000,
        "grossProfit": 636000000,
        "grossProfitRatio": 0.1844012757,
        "researchAndDevelopmentExpenses": 190000000,
        "generalAndAdministrativeExpenses": 0,
        "sellingAndMarketingExpenses": 0,
        "sellingGeneralAndAdministrativeExpenses": 340000000,
        "otherExpenses": -164000000,
        "operatingExpenses": 366000000,
        "costAndExpenses": 3179000000,
        "interestIncome": 0,
        "interestExpense": 4000000,
        "depreciationAndAmortization": 185000000,
        "ebitda": 485000000,
        "ebitdaratio": 0.1406204697,
        "operatingIncome": 270000000,
        "operatingIncomeRatio": 0.0782835605,
        "totalOtherIncomeExpensesNet": -20000000,
        "incomeBeforeTax": 270000000,
        "incomeBeforeTaxRatio": 0.0782835605,
        "incomeTaxExpense": 13000000,
        "netIncome": 234000000,
        "netIncomeRatio": 0.0678457524,
        "eps": 1.05,
        "epsdiluted": 1.04,
        "weightedAverageShsOut": 223100000,
        "weightedAverageShsOutDil": 224500000,
        "link": "https://www.sec.gov/Archives/edgar/data/908255/000090825524000043/0000908255-24-000043-index.htm",
        "finalLink": "https://www.sec.gov/Archives/edgar/data/908255/000090825524000043/bwa-20240930.htm"
    },
    {
        "date": "2024-06-30",
        "symbol": "BWA",
        "reportedCurrency": "USD",
        "cik": "0000908255",
        "fillingDate": "2024-07-31",
        "acceptedDate": "2024-07-31 12:00:34",
        "calendarYear": "2024",
        "period": "Q2",
        "revenue": 3603000000,
        "costOfRevenue": 2918000000,
        "grossProfit": 685000000,
        "grossProfitRatio": 0.190119345,
        "researchAndDevelopmentExpenses": 220000000,
        "generalAndAdministrativeExpenses": 341000000,
        "sellingAndMarketingExpenses": 0,
        "sellingGeneralAndAdministrativeExpenses": 341000000,
        "otherExpenses": -173000000,
        "operatingExpenses": 388000000,
        "costAndExpenses": 3306000000,
        "interestIncome": 9000000,
        "interestExpense": 17000000,
        "depreciationAndAmortization": 160000000,
        "ebitda": 480000000,
        "ebitdaratio": 0.1332223147,
        "operatingIncome": 297000000,
        "operatingIncomeRatio": 0.0824313072,
        "totalOtherIncomeExpensesNet": 1000000,
        "incomeBeforeTax": 298000000,
        "incomeBeforeTaxRatio": 0.0827088537,
        "incomeTaxExpense": -31000000,
        "netIncome": 303000000,
        "netIncomeRatio": 0.0840965862,
        "eps": 1.34,
        "epsdiluted": 1.33,
        "weightedAverageShsOut": 226100000,
        "weightedAverageShsOutDil": 227200000,
        "link": "https://www.sec.gov/Archives/edgar/data/908255/000090825524000036/0000908255-24-000036-index.htm",
        "finalLink": "https://www.sec.gov/Archives/edgar/data/908255/000090825524000036/bwa-20240630.htm"
    },
    {
        "date": "2024-03-31",
        "symbol": "BWA",
        "reportedCurrency": "USD",
        "cik": "0000908255",
        "fillingDate": "2024-05-02",
        "acceptedDate": "2024-05-02 14:12:38",
        "calendarYear": "2024",
        "period": "Q1",
        "revenue": 3595000000,
        "costOfRevenue": 2951000000,
        "grossProfit": 644000000,
        "grossProfitRatio": 0.1791376912,
        "researchAndDevelopmentExpenses": 218000000,
        "generalAndAdministrativeExpenses": 332000000,
        "sellingAndMarketingExpenses": 0,
        "sellingGeneralAndAdministrativeExpenses": 332000000,
        "otherExpenses": -201000000,
        "operatingExpenses": 349000000,
        "costAndExpenses": 3300000000,
        "interestIncome": 10000000,
        "interestExpense": 15000000,
        "depreciationAndAmortization": 150000000,
        "ebitda": 461000000,
        "ebitdaratio": 0.1282336579,
        "operatingIncome": 295000000,
        "operatingIncomeRatio": 0.0820584145,
        "totalOtherIncomeExpensesNet": -5000000,
        "incomeBeforeTax": 290000000,
        "incomeBeforeTaxRatio": 0.0806675939,
        "incomeTaxExpense": 62000000,
        "netIncome": 206000000,
        "netIncomeRatio": 0.0573018081,
        "eps": 0.9,
        "epsdiluted": 0.9,
        "weightedAverageShsOut": 227700000,
        "weightedAverageShsOutDil": 228300000,
        "link": "https://www.sec.gov/Archives/edgar/data/908255/000090825524000023/0000908255-24-000023-index.htm",
        "finalLink": "https://www.sec.gov/Archives/edgar/data/908255/000090825524000023/bwa-20240331.htm"
    },
    {
        "date": "2023-12-31",
        "symbol": "BWA",
        "reportedCurrency": "USD",
        "cik": "0000908255",
        "fillingDate": "2024-02-08",
        "acceptedDate": "2024-02-08 15:51:40",
        "calendarYear": "2023",
        "period": "Q4",
        "revenue": 3522000000,
        "costOfRevenue": 2863000000,
        "grossProfit": 659000000,
        "grossProfitRatio": 0.1871095968,
        "researchAndDevelopmentExpenses": 176000000,
        "generalAndAdministrativeExpenses": 360000000,
        "sellingAndMarketingExpenses": 0,
        "sellingGeneralAndAdministrativeExpenses": 360000000,
        "otherExpenses": -158000000,
        "operatingExpenses": 378000000,
        "costAndExpenses": 3241000000,
        "interestIncome": 0,
        "interestExpense": 7000000,
        "depreciationAndAmortization": 155000000,
        "ebitda": 453000000,
        "ebitdaratio": 0.1286201022,
        "operatingIncome": 281000000,
        "operatingIncomeRatio": 0.0797842135,
        "totalOtherIncomeExpensesNet": -52000000,
        "incomeBeforeTax": 229000000,
        "incomeBeforeTaxRatio": 0.0650198751,
        "incomeTaxExpense": 59000000,
        "netIncome": 154000000,
        "netIncomeRatio": 0.0437251562,
        "eps": 0.67,
        "epsdiluted": 0.66,
        "weightedAverageShsOut": 231585095,
        "weightedAverageShsOutDil": 233600000,
        "link": "https://www.sec.gov/Archives/edgar/data/908255/000090825524000007/0000908255-24-000007-index.htm",
        "finalLink": "https://www.sec.gov/Archives/edgar/data/908255/000090825524000007/bwa-20231231.htm"
    },
    {
        "date": "2023-09-30",
        "symbol": "BWA",
        "reportedCurrency": "USD",
        "cik": "0000908255",
        "fillingDate": "2023-11-02",
        "acceptedDate": "2023-11-02 16:57:17",
        "calendarYear": "2023",
        "period": "Q3",
        "revenue": 3622000000,
        "costOfRevenue": 2970000000,
        "grossProfit": 652000000,
        "grossProfitRatio": 0.1800110436,
        "researchAndDevelopmentExpenses": 192000000,
        "generalAndAdministrativeExpenses": 333000000,
        "sellingAndMarketingExpenses": 0,
        "sellingGeneralAndAdministrativeExpenses": 333000000,
        "otherExpenses": 3000000,
        "operatingExpenses": 327000000,
        "costAndExpenses": 3297000000,
        "interestIncome": 19000000,
        "interestExpense": 0,
        "depreciationAndAmortization": 58000000,
        "ebitda": 380000000,
        "ebitdaratio": 0.1049144119,
        "operatingIncome": 272000000,
        "operatingIncomeRatio": 0.0750966317,
        "totalOtherIncomeExpensesNet": -34000000,
        "incomeBeforeTax": 238000000,
        "incomeBeforeTaxRatio": 0.0657095527,
        "incomeTaxExpense": 133000000,
        "netIncome": 50000000,
        "netIncomeRatio": 0.0138045279,
        "eps": 0.21,
        "epsdiluted": 0.21,
        "weightedAverageShsOut": 233400000,
        "weightedAverageShsOutDil": 235300000,
        "link": "https://www.sec.gov/Archives/edgar/data/908255/000090825523000051/0000908255-23-000051-index.htm",
        "finalLink": "https://www.sec.gov/Archives/edgar/data/908255/000090825523000051/bwa-20230930.htm"
    },
    {
        "date": "2023-06-30",
        "symbol": "BWA",
        "reportedCurrency": "USD",
        "cik": "0000908255",
        "fillingDate": "2023-08-02",
        "acceptedDate": "2023-08-02 13:06:55",
        "calendarYear": "2023",
        "period": "Q2",
        "revenue": 4520000000,
        "costOfRevenue": 3652000000,
        "grossProfit": 868000000,
        "grossProfitRatio": 0.1920353982,
        "researchAndDevelopmentExpenses": 208000000,
        "generalAndAdministrativeExpenses": 422000000,
        "sellingAndMarketingExpenses": 0,
        "sellingGeneralAndAdministrativeExpenses": 422000000,
        "otherExpenses": -3000000,
        "operatingExpenses": 473000000,
        "costAndExpenses": 4125000000,
        "interestIncome": 7000000,
        "interestExpense": 19000000,
        "depreciationAndAmortization": 186000000,
        "ebitda": 541000000,
        "ebitdaratio": 0.1196902655,
        "operatingIncome": 383000000,
        "operatingIncomeRatio": 0.0847345133,
        "totalOtherIncomeExpensesNet": -15000000,
        "incomeBeforeTax": 328000000,
        "incomeBeforeTaxRatio": 0.0725663717,
        "incomeTaxExpense": 106000000,
        "netIncome": 204000000,
        "netIncomeRatio": 0.0451327434,
        "eps": 0.87,
        "epsdiluted": 0.87,
        "weightedAverageShsOut": 233400000,
        "weightedAverageShsOutDil": 234400000,
        "link": "https://www.sec.gov/Archives/edgar/data/908255/000090825523000044/0000908255-23-000044-index.htm",
        "finalLink": "https://www.sec.gov/Archives/edgar/data/908255/000090825523000044/bwa-20230630.htm"
    },
    {
        "date": "2023-03-31",
        "symbol": "BWA",
        "reportedCurrency": "USD",
        "cik": "0000908255",
        "fillingDate": "2023-05-04",
        "acceptedDate": "2023-05-04 13:58:15",
        "calendarYear": "2023",
        "period": "Q1",
        "revenue": 4180000000,
        "costOfRevenue": 3430000000,
        "grossProfit": 750000000,
        "grossProfitRatio": 0.1794258373,
        "researchAndDevelopmentExpenses": 193000000,
        "generalAndAdministrativeExpenses": 301000000,
        "sellingAndMarketingExpenses": 83000000,
        "sellingGeneralAndAdministrativeExpenses": 384000000,
        "otherExpenses": 19000000,
        "operatingExpenses": 403000000,
        "costAndExpenses": 3833000000,
        "interestIncome": 7000000,
        "interestExpense": 17000000,
        "depreciationAndAmortization": 183000000,
        "ebitda": 349000000,
        "ebitdaratio": 0.083492823,
        "operatingIncome": 340000000,
        "operatingIncomeRatio": 0.0813397129,
        "totalOtherIncomeExpensesNet": -26000000,
        "incomeBeforeTax": 317000000,
        "incomeBeforeTaxRatio": 0.0758373206,
        "incomeTaxExpense": 87000000,
        "netIncome": 217000000,
        "netIncomeRatio": 0.0519138756,
        "eps": 0.93,
        "epsdiluted": 0.93,
        "weightedAverageShsOut": 232800000,
        "weightedAverageShsOutDil": 234400000,
        "link": "https://www.sec.gov/Archives/edgar/data/908255/000090825523000027/0000908255-23-000027-index.htm",
        "finalLink": "https://www.sec.gov/Archives/edgar/data/908255/000090825523000027/bwa-20230331.htm"
    },
    {
        "date": "2022-12-31",
        "symbol": "BWA",
        "reportedCurrency": "USD",
        "cik": "0000908255",
        "fillingDate": "2023-02-09",
        "acceptedDate": "2023-02-09 14:58:14",
        "calendarYear": "2022",
        "period": "Q4",
        "revenue": 4108000000,
        "costOfRevenue": 3275000000,
        "grossProfit": 833000000,
        "grossProfitRatio": 0.202775073,
        "researchAndDevelopmentExpenses": 189000000,
        "generalAndAdministrativeExpenses": 791000000,
        "sellingAndMarketingExpenses": -360000000,
        "sellingGeneralAndAdministrativeExpenses": 431000000,
        "otherExpenses": 32000000,
        "operatingExpenses": 463000000,
        "costAndExpenses": 3738000000,
        "interestIncome": 10000000,
        "interestExpense": 20000000,
        "depreciationAndAmortization": 178000000,
        "ebitda": 523000000,
        "ebitdaratio": 0.1273125609,
        "operatingIncome": 206000000,
        "operatingIncomeRatio": 0.0501460565,
        "totalOtherIncomeExpensesNet": -42000000,
        "incomeBeforeTax": 319000000,
        "incomeBeforeTaxRatio": 0.0776533593,
        "incomeTaxExpense": 40000000,
        "netIncome": 255000000,
        "netIncomeRatio": 0.0620740019,
        "eps": 1.09,
        "epsdiluted": 1.09,
        "weightedAverageShsOut": 234500000,
        "weightedAverageShsOutDil": 234500000,
        "link": "https://www.sec.gov/Archives/edgar/data/908255/000090825523000013/0000908255-23-000013-index.htm",
        "finalLink": "https://www.sec.gov/Archives/edgar/data/908255/000090825523000013/bwa-20221231.htm"
    },
    {
        "date": "2022-09-30",
        "symbol": "BWA",
        "reportedCurrency": "USD",
        "cik": "0000908255",
        "fillingDate": "2022-10-27",
        "acceptedDate": "2022-10-27 11:59:39",
        "calendarYear": "2022",
        "period": "Q3",
        "revenue": 4060000000,
        "costOfRevenue": 3254000000,
        "grossProfit": 806000000,
        "grossProfitRatio": 0.1985221675,
        "researchAndDevelopmentExpenses": 199000000,
        "generalAndAdministrativeExpenses": 397000000,
        "sellingAndMarketingExpenses": 0,
        "sellingGeneralAndAdministrativeExpenses": 397000000,
        "otherExpenses": 3000000,
        "operatingExpenses": 400000000,
        "costAndExpenses": 3654000000,
        "interestIncome": 6000000,
        "interestExpense": 18000000,
        "depreciationAndAmortization": 178000000,
        "ebitda": 599000000,
        "ebitdaratio": 0.1475369458,
        "operatingIncome": 389000000,
        "operatingIncomeRatio": 0.0958128079,
        "totalOtherIncomeExpensesNet": -129000000,
        "incomeBeforeTax": 396000000,
        "incomeBeforeTaxRatio": 0.0975369458,
        "incomeTaxExpense": 104000000,
        "netIncome": 273000000,
        "netIncomeRatio": 0.0672413793,
        "eps": 1.17,
        "epsdiluted": 1.16,
        "weightedAverageShsOut": 234300000,
        "weightedAverageShsOutDil": 235600000,
        "link": "https://www.sec.gov/Archives/edgar/data/908255/000090825522000041/0000908255-22-000041-index.htm",
        "finalLink": "https://www.sec.gov/Archives/edgar/data/908255/000090825522000041/bwa-20220930.htm"
    },
    {
        "date": "2022-06-30",
        "symbol": "BWA",
        "reportedCurrency": "USD",
        "cik": "0000908255",
        "fillingDate": "2022-08-03",
        "acceptedDate": "2022-08-03 13:41:16",
        "calendarYear": "2022",
        "period": "Q2",
        "revenue": 3759000000,
        "costOfRevenue": 3047000000,
        "grossProfit": 712000000,
        "grossProfitRatio": 0.1894120777,
        "researchAndDevelopmentExpenses": 207000000,
        "generalAndAdministrativeExpenses": 394000000,
        "sellingAndMarketingExpenses": 0,
        "sellingGeneralAndAdministrativeExpenses": 394000000,
        "otherExpenses": 5000000,
        "operatingExpenses": 399000000,
        "costAndExpenses": 3446000000,
        "interestIncome": 6000000,
        "interestExpense": 21000000,
        "depreciationAndAmortization": 185000000,
        "ebitda": 310000000,
        "ebitdaratio": 0.0824687417,
        "operatingIncome": 272000000,
        "operatingIncomeRatio": 0.0723596701,
        "totalOtherIncomeExpensesNet": 16000000,
        "incomeBeforeTax": 288000000,
        "incomeBeforeTaxRatio": 0.0766161213,
        "incomeTaxExpense": 57000000,
        "netIncome": 216000000,
        "netIncomeRatio": 0.057462091,
        "eps": 0.91,
        "epsdiluted": 0.91,
        "weightedAverageShsOut": 236900000,
        "weightedAverageShsOutDil": 238000000,
        "link": "https://www.sec.gov/Archives/edgar/data/908255/000090825522000031/0000908255-22-000031-index.htm",
        "finalLink": "https://www.sec.gov/Archives/edgar/data/908255/000090825522000031/bwa-20220630.htm"
    },
    {
        "date": "2022-03-31",
        "symbol": "BWA",
        "reportedCurrency": "USD",
        "cik": "0000908255",
        "fillingDate": "2022-05-04",
        "acceptedDate": "2022-05-04 11:22:37",
        "calendarYear": "2022",
        "period": "Q1",
        "revenue": 3874000000,
        "costOfRevenue": 3124000000,
        "grossProfit": 750000000,
        "grossProfitRatio": 0.193598348,
        "researchAndDevelopmentExpenses": 191000000,
        "generalAndAdministrativeExpenses": 0,
        "sellingAndMarketingExpenses": 0,
        "sellingGeneralAndAdministrativeExpenses": 388000000,
        "otherExpenses": 13000000,
        "operatingExpenses": 388000000,
        "costAndExpenses": 3512000000,
        "interestIncome": 4000000,
        "interestExpense": 19000000,
        "depreciationAndAmortization": 180000000,
        "ebitda": 556000000,
        "ebitdaratio": 0.1435209086,
        "operatingIncome": 352000000,
        "operatingIncomeRatio": 0.090862158,
        "totalOtherIncomeExpensesNet": -37000000,
        "incomeBeforeTax": 315000000,
        "incomeBeforeTaxRatio": 0.0813113061,
        "incomeTaxExpense": 91000000,
        "netIncome": 200000000,
        "netIncomeRatio": 0.0516262261,
        "eps": 0.84,
        "epsdiluted": 0.84,
        "weightedAverageShsOut": 238200000,
        "weightedAverageShsOutDil": 239000000,
        "link": "https://www.sec.gov/Archives/edgar/data/908255/000090825522000018/0000908255-22-000018-index.htm",
        "finalLink": "https://www.sec.gov/Archives/edgar/data/908255/000090825522000018/bwa-20220331.htm"
    },
    {
        "date": "2021-12-31",
        "symbol": "BWA",
        "reportedCurrency": "USD",
        "cik": "0000908255",
        "fillingDate": "2022-02-15",
        "acceptedDate": "2022-02-15 15:49:46",
        "calendarYear": "2021",
        "period": "Q4",
        "revenue": 3655000000,
        "costOfRevenue": 3030000000,
        "grossProfit": 625000000,
        "grossProfitRatio": 0.170998632,
        "researchAndDevelopmentExpenses": 174000000,
        "generalAndAdministrativeExpenses": 1084000000,
        "sellingAndMarketingExpenses": -708000000,
        "sellingGeneralAndAdministrativeExpenses": 376000000,
        "otherExpenses": 12000000,
        "operatingExpenses": 427000000,
        "costAndExpenses": 3457000000,
        "interestIncome": 3000000,
        "interestExpense": 21000000,
        "depreciationAndAmortization": 187000000,
        "ebitda": 447000000,
        "ebitdaratio": 0.1222982216,
        "operatingIncome": 178000000,
        "operatingIncomeRatio": 0.0487004104,
        "totalOtherIncomeExpensesNet": -23000000,
        "incomeBeforeTax": 155000000,
        "incomeBeforeTaxRatio": 0.0424076607,
        "incomeTaxExpense": 1000000,
        "netIncome": 129000000,
        "netIncomeRatio": 0.0352941176,
        "eps": 0.54,
        "epsdiluted": 0.54,
        "weightedAverageShsOut": 239776892,
        "weightedAverageShsOutDil": 240200000,
        "link": "https://www.sec.gov/Archives/edgar/data/908255/000090825522000009/0000908255-22-000009-index.htm",
        "finalLink": "https://www.sec.gov/Archives/edgar/data/908255/000090825522000009/bwa-20211231.htm"
    },
    {
        "date": "2021-09-30",
        "symbol": "BWA",
        "reportedCurrency": "USD",
        "cik": "0000908255",
        "fillingDate": "2021-11-03",
        "acceptedDate": "2021-11-03 16:25:08",
        "calendarYear": "2021",
        "period": "Q3",
        "revenue": 3416000000,
        "costOfRevenue": 2766000000,
        "grossProfit": 650000000,
        "grossProfitRatio": 0.1902810304,
        "researchAndDevelopmentExpenses": 184000000,
        "generalAndAdministrativeExpenses": 343000000,
        "sellingAndMarketingExpenses": 0,
        "sellingGeneralAndAdministrativeExpenses": 343000000,
        "otherExpenses": 10000000,
        "operatingExpenses": 397000000,
        "costAndExpenses": 3163000000,
        "interestIncome": 3000000,
        "interestExpense": 21000000,
        "depreciationAndAmortization": 195000000,
        "ebitda": 517000000,
        "ebitdaratio": 0.1513466042,
        "operatingIncome": 253000000,
        "operatingIncomeRatio": 0.0740632319,
        "totalOtherIncomeExpensesNet": -57000000,
        "incomeBeforeTax": 196000000,
        "incomeBeforeTaxRatio": 0.0573770492,
        "incomeTaxExpense": 79000000,
        "netIncome": 96000000,
        "netIncomeRatio": 0.0281030445,
        "eps": 0.4,
        "epsdiluted": 0.4,
        "weightedAverageShsOut": 238200000,
        "weightedAverageShsOutDil": 239800000,
        "link": "https://www.sec.gov/Archives/edgar/data/908255/000090825521000054/0000908255-21-000054-index.htm",
        "finalLink": "https://www.sec.gov/Archives/edgar/data/908255/000090825521000054/bwa-20210930.htm"
    },
    {
        "date": "2021-06-30",
        "symbol": "BWA",
        "reportedCurrency": "USD",
        "cik": "0000908255",
        "fillingDate": "2021-08-04",
        "acceptedDate": "2021-08-04 11:37:21",
        "calendarYear": "2021",
        "period": "Q2",
        "revenue": 3758000000,
        "costOfRevenue": 2996000000,
        "grossProfit": 762000000,
        "grossProfitRatio": 0.2027674295,
        "researchAndDevelopmentExpenses": 166000000,
        "generalAndAdministrativeExpenses": 364000000,
        "sellingAndMarketingExpenses": 0,
        "sellingGeneralAndAdministrativeExpenses": 364000000,
        "otherExpenses": 15000000,
        "operatingExpenses": 364000000,
        "costAndExpenses": 3360000000,
        "interestIncome": 3000000,
        "interestExpense": 42000000,
        "depreciationAndAmortization": 195000000,
        "ebitda": 608000000,
        "ebitdaratio": 0.1617881852,
        "operatingIncome": 317000000,
        "operatingIncomeRatio": 0.0843533795,
        "totalOtherIncomeExpensesNet": -15000000,
        "incomeBeforeTax": 302000000,
        "incomeBeforeTaxRatio": 0.0803618946,
        "incomeTaxExpense": 28000000,
        "netIncome": 247000000,
        "netIncomeRatio": 0.0657264502,
        "eps": 1.03,
        "epsdiluted": 1.03,
        "weightedAverageShsOut": 238200000,
        "weightedAverageShsOutDil": 239600000,
        "link": "https://www.sec.gov/Archives/edgar/data/908255/000090825521000048/0000908255-21-000048-index.htm",
        "finalLink": "https://www.sec.gov/Archives/edgar/data/908255/000090825521000048/bwa-20210630.htm"
    },
    {
        "date": "2021-03-31",
        "symbol": "BWA",
        "reportedCurrency": "USD",
        "cik": "0000908255",
        "fillingDate": "2021-05-05",
        "acceptedDate": "2021-05-05 11:29:31",
        "calendarYear": "2021",
        "period": "Q1",
        "revenue": 4009000000,
        "costOfRevenue": 3191000000,
        "grossProfit": 818000000,
        "grossProfitRatio": 0.204040908,
        "researchAndDevelopmentExpenses": 183000000,
        "generalAndAdministrativeExpenses": 377000000,
        "sellingAndMarketingExpenses": 0,
        "sellingGeneralAndAdministrativeExpenses": 377000000,
        "otherExpenses": 14000000,
        "operatingExpenses": 377000000,
        "costAndExpenses": 3568000000,
        "interestIncome": 3000000,
        "interestExpense": 21000000,
        "depreciationAndAmortization": 195000000,
        "ebitda": 649000000,
        "ebitdaratio": 0.161885757,
        "operatingIncome": 403000000,
        "operatingIncomeRatio": 0.1005238214,
        "totalOtherIncomeExpensesNet": -267000000,
        "incomeBeforeTax": 136000000,
        "incomeBeforeTaxRatio": 0.0339236717,
        "incomeTaxExpense": 42000000,
        "netIncome": 65000000,
        "netIncomeRatio": 0.0162135196,
        "eps": 0.27,
        "epsdiluted": 0.27,
        "weightedAverageShsOut": 237700000,
        "weightedAverageShsOutDil": 238400000,
        "link": "https://www.sec.gov/Archives/edgar/data/908255/000090825521000019/0000908255-21-000019-index.htm",
        "finalLink": "https://www.sec.gov/Archives/edgar/data/908255/000090825521000019/bwa-20210331.htm"
    },
    {
        "date": "2020-12-31",
        "symbol": "BWA",
        "reportedCurrency": "USD",
        "cik": "0000908255",
        "fillingDate": "2021-02-22",
        "acceptedDate": "2021-02-22 14:44:15",
        "calendarYear": "2020",
        "period": "Q4",
        "revenue": 3926000000,
        "costOfRevenue": 3154000000,
        "grossProfit": 772000000,
        "grossProfitRatio": 0.1966377993,
        "researchAndDevelopmentExpenses": 197000000,
        "generalAndAdministrativeExpenses": 0,
        "sellingAndMarketingExpenses": 0,
        "sellingGeneralAndAdministrativeExpenses": 350000000,
        "otherExpenses": 2000000,
        "operatingExpenses": 558000000,
        "costAndExpenses": 3712000000,
        "interestIncome": 4000000,
        "interestExpense": 23000000,
        "depreciationAndAmortization": 229000000,
        "ebitda": 228000000,
        "ebitdaratio": 0.058074376,
        "operatingIncome": 214000000,
        "operatingIncomeRatio": 0.0545084055,
        "totalOtherIncomeExpensesNet": 373000000,
        "incomeBeforeTax": 596000000,
        "incomeBeforeTaxRatio": 0.1518084564,
        "incomeTaxExpense": 211000000,
        "netIncome": 358000000,
        "netIncomeRatio": 0.0911869587,
        "eps": 1.5,
        "epsdiluted": 1.5,
        "weightedAverageShsOut": 234300000,
        "weightedAverageShsOutDil": 238930703,
        "link": "https://www.sec.gov/Archives/edgar/data/908255/000090825521000008/0000908255-21-000008-index.htm",
        "finalLink": "https://www.sec.gov/Archives/edgar/data/908255/000090825521000008/bwa-20201231.htm"
    },
    {
        "date": "2020-09-30",
        "symbol": "BWA",
        "reportedCurrency": "USD",
        "cik": "0000908255",
        "fillingDate": "2020-10-29",
        "acceptedDate": "2020-10-29 12:32:57",
        "calendarYear": "2020",
        "period": "Q3",
        "revenue": 2534000000,
        "costOfRevenue": 2017000000,
        "grossProfit": 517000000,
        "grossProfitRatio": 0.2040252565,
        "researchAndDevelopmentExpenses": 115000000,
        "generalAndAdministrativeExpenses": 0,
        "sellingAndMarketingExpenses": 0,
        "sellingGeneralAndAdministrativeExpenses": 204000000,
        "otherExpenses": 6000000,
        "operatingExpenses": 204000000,
        "costAndExpenses": 2221000000,
        "interestIncome": 3000000,
        "interestExpense": 20000000,
        "depreciationAndAmortization": 115000000,
        "ebitda": 434000000,
        "ebitdaratio": 0.1712707182,
        "operatingIncome": 284000000,
        "operatingIncomeRatio": 0.1120757695,
        "totalOtherIncomeExpensesNet": -12000000,
        "incomeBeforeTax": 272000000,
        "incomeBeforeTaxRatio": 0.1073401736,
        "incomeTaxExpense": 143000000,
        "netIncome": 111000000,
        "netIncomeRatio": 0.043804262,
        "eps": 0.54,
        "epsdiluted": 0.53,
        "weightedAverageShsOut": 206000000,
        "weightedAverageShsOutDil": 207300000,
        "link": "https://www.sec.gov/Archives/edgar/data/908255/000090825520000092/0000908255-20-000092-index.htm",
        "finalLink": "https://www.sec.gov/Archives/edgar/data/908255/000090825520000092/bwa-20200930.htm"
    },
    {
        "date": "2020-06-30",
        "symbol": "BWA",
        "reportedCurrency": "USD",
        "cik": "0000908255",
        "fillingDate": "2020-08-05",
        "acceptedDate": "2020-08-05 12:23:20",
        "calendarYear": "2020",
        "period": "Q2",
        "revenue": 1426000000,
        "costOfRevenue": 1252000000,
        "grossProfit": 174000000,
        "grossProfitRatio": 0.1220196353,
        "researchAndDevelopmentExpenses": 103000000,
        "generalAndAdministrativeExpenses": 0,
        "sellingAndMarketingExpenses": 0,
        "sellingGeneralAndAdministrativeExpenses": 184000000,
        "otherExpenses": 2000000,
        "operatingExpenses": 184000000,
        "costAndExpenses": 1436000000,
        "interestIncome": 3000000,
        "interestExpense": 18000000,
        "depreciationAndAmortization": 112000000,
        "ebitda": 43000000,
        "ebitdaratio": 0.0301542777,
        "operatingIncome": -78000000,
        "operatingIncomeRatio": -0.0546984572,
        "totalOtherIncomeExpensesNet": -12000000,
        "incomeBeforeTax": -90000000,
        "incomeBeforeTaxRatio": -0.0631136045,
        "incomeTaxExpense": -6000000,
        "netIncome": -98000000,
        "netIncomeRatio": -0.0687237027,
        "eps": -0.48,
        "epsdiluted": -0.48,
        "weightedAverageShsOut": 206000000,
        "weightedAverageShsOutDil": 206000000,
        "link": "https://www.sec.gov/Archives/edgar/data/908255/000090825520000073/0000908255-20-000073-index.htm",
        "finalLink": "https://www.sec.gov/Archives/edgar/data/908255/000090825520000073/bwa-20200630.htm"
    },
    {
        "date": "2020-03-31",
        "symbol": "BWA",
        "reportedCurrency": "USD",
        "cik": "0000908255",
        "fillingDate": "2020-05-06",
        "acceptedDate": "2020-05-06 12:14:26",
        "calendarYear": "2020",
        "period": "Q1",
        "revenue": 2279000000,
        "costOfRevenue": 1832000000,
        "grossProfit": 447000000,
        "grossProfitRatio": 0.1961386573,
        "researchAndDevelopmentExpenses": 118000000,
        "generalAndAdministrativeExpenses": 0,
        "sellingAndMarketingExpenses": 0,
        "sellingGeneralAndAdministrativeExpenses": 213000000,
        "otherExpenses": 2000000,
        "operatingExpenses": 213000000,
        "costAndExpenses": 2045000000,
        "interestIncome": 2000000,
        "interestExpense": 12000000,
        "depreciationAndAmortization": 112000000,
        "ebitda": 310000000,
        "ebitdaratio": 0.1360245722,
        "operatingIncome": 189000000,
        "operatingIncomeRatio": 0.0829311101,
        "totalOtherIncomeExpensesNet": -12000000,
        "incomeBeforeTax": 186000000,
        "incomeBeforeTaxRatio": 0.0816147433,
        "incomeTaxExpense": 49000000,
        "netIncome": 129000000,
        "netIncomeRatio": 0.0566037736,
        "eps": 0.63,
        "epsdiluted": 0.63,
        "weightedAverageShsOut": 205700000,
        "weightedAverageShsOutDil": 206200000,
        "link": "https://www.sec.gov/Archives/edgar/data/908255/000090825520000050/0000908255-20-000050-index.htm",
        "finalLink": "https://www.sec.gov/Archives/edgar/data/908255/000090825520000050/a2020033110q.htm"
    },
    {
        "date": "2019-12-31",
        "symbol": "BWA",
        "reportedCurrency": "USD",
        "cik": "0000908255",
        "fillingDate": "2020-02-13",
        "acceptedDate": "2020-02-13 12:30:02",
        "calendarYear": "2019",
        "period": "Q4",
        "revenue": 2559000000,
        "costOfRevenue": 2014000000,
        "grossProfit": 545000000,
        "grossProfitRatio": 0.2129738179,
        "researchAndDevelopmentExpenses": 126000000,
        "generalAndAdministrativeExpenses": 212000000,
        "sellingAndMarketingExpenses": -7000000,
        "sellingGeneralAndAdministrativeExpenses": 205000000,
        "otherExpenses": -1000000,
        "operatingExpenses": 67000000,
        "costAndExpenses": 2081000000,
        "interestIncome": 3000000,
        "interestExpense": 12000000,
        "depreciationAndAmortization": 115000000,
        "ebitda": 454000000,
        "ebitdaratio": 0.177413052,
        "operatingIncome": 478000000,
        "operatingIncomeRatio": 0.1867917155,
        "totalOtherIncomeExpensesNet": -3000000,
        "incomeBeforeTax": 475000000,
        "incomeBeforeTaxRatio": 0.1856193826,
        "incomeTaxExpense": 238000000,
        "netIncome": 220000000,
        "netIncomeRatio": 0.0859710825,
        "eps": 1.07,
        "epsdiluted": 1.06,
        "weightedAverageShsOut": 206407543,
        "weightedAverageShsOutDil": 206900000,
        "link": "https://www.sec.gov/Archives/edgar/data/908255/000090825520000014/0000908255-20-000014-index.htm",
        "finalLink": "https://www.sec.gov/Archives/edgar/data/908255/000090825520000014/a2019123110k.htm"
    },
    {
        "date": "2019-09-30",
        "symbol": "BWA",
        "reportedCurrency": "USD",
        "cik": "0000908255",
        "fillingDate": "2019-10-31",
        "acceptedDate": "2019-10-31 11:33:23",
        "calendarYear": "2019",
        "period": "Q3",
        "revenue": 2492000000,
        "costOfRevenue": 1968000000,
        "grossProfit": 524000000,
        "grossProfitRatio": 0.2102728732,
        "researchAndDevelopmentExpenses": 123000000,
        "generalAndAdministrativeExpenses": 0,
        "sellingAndMarketingExpenses": 0,
        "sellingGeneralAndAdministrativeExpenses": 230000000,
        "otherExpenses": 1000000,
        "operatingExpenses": 230000000,
        "costAndExpenses": 2198000000,
        "interestIncome": 4000000,
        "interestExpense": 15000000,
        "depreciationAndAmortization": 110000000,
        "ebitda": 405000000,
        "ebitdaratio": 0.1625200642,
        "operatingIncome": 276000000,
        "operatingIncomeRatio": 0.1107544141,
        "totalOtherIncomeExpensesNet": -3000000,
        "incomeBeforeTax": 273000000,
        "incomeBeforeTaxRatio": 0.1095505618,
        "incomeTaxExpense": 66000000,
        "netIncome": 194000000,
        "netIncomeRatio": 0.0778491172,
        "eps": 0.94,
        "epsdiluted": 0.94,
        "weightedAverageShsOut": 205300000,
        "weightedAverageShsOutDil": 206300000,
        "link": "https://www.sec.gov/Archives/edgar/data/908255/000090825519000062/0000908255-19-000062-index.htm",
        "finalLink": "https://www.sec.gov/Archives/edgar/data/908255/000090825519000062/a2019093010q.htm"
    },
    {
        "date": "2019-06-30",
        "symbol": "BWA",
        "reportedCurrency": "USD",
        "cik": "0000908255",
        "fillingDate": "2019-07-25",
        "acceptedDate": "2019-07-25 12:06:28",
        "calendarYear": "2019",
        "period": "Q2",
        "revenue": 2551000000,
        "costOfRevenue": 2038000000,
        "grossProfit": 513000000,
        "grossProfitRatio": 0.2010976088,
        "researchAndDevelopmentExpenses": 128000000,
        "generalAndAdministrativeExpenses": 212000000,
        "sellingAndMarketingExpenses": 0,
        "sellingGeneralAndAdministrativeExpenses": 212000000,
        "otherExpenses": -27000000,
        "operatingExpenses": 210000000,
        "costAndExpenses": 2248000000,
        "interestIncome": 2000000,
        "interestExpense": 14000000,
        "depreciationAndAmortization": 107000000,
        "ebitda": 383000000,
        "ebitdaratio": 0.1501372011,
        "operatingIncome": 285000000,
        "operatingIncomeRatio": 0.1117208938,
        "totalOtherIncomeExpensesNet": -30000000,
        "incomeBeforeTax": 255000000,
        "incomeBeforeTaxRatio": 0.0999607997,
        "incomeTaxExpense": 73000000,
        "netIncome": 172000000,
        "netIncomeRatio": 0.0674245394,
        "eps": 0.84,
        "epsdiluted": 0.83,
        "weightedAverageShsOut": 205700000,
        "weightedAverageShsOutDil": 206800000,
        "link": "https://www.sec.gov/Archives/edgar/data/908255/000090825519000057/0000908255-19-000057-index.htm",
        "finalLink": "https://www.sec.gov/Archives/edgar/data/908255/000090825519000057/a2019063010q.htm"
    },
    {
        "date": "2019-03-31",
        "symbol": "BWA",
        "reportedCurrency": "USD",
        "cik": "0000908255",
        "fillingDate": "2019-04-25",
        "acceptedDate": "2019-04-25 11:37:46",
        "calendarYear": "2019",
        "period": "Q1",
        "revenue": 2566000000,
        "costOfRevenue": 2047000000,
        "grossProfit": 519000000,
        "grossProfitRatio": 0.2022603274,
        "researchAndDevelopmentExpenses": 121000000,
        "generalAndAdministrativeExpenses": 0,
        "sellingAndMarketingExpenses": 0,
        "sellingGeneralAndAdministrativeExpenses": 226000000,
        "otherExpenses": 14000000,
        "operatingExpenses": 255000000,
        "costAndExpenses": 2302000000,
        "interestIncome": 3000000,
        "interestExpense": 14000000,
        "depreciationAndAmortization": 107000000,
        "ebitda": 400000000,
        "ebitdaratio": 0.1558846454,
        "operatingIncome": 264000000,
        "operatingIncomeRatio": 0.1028838659,
        "totalOtherIncomeExpensesNet": -2000000,
        "incomeBeforeTax": 262000000,
        "incomeBeforeTaxRatio": 0.1021044427,
        "incomeTaxExpense": 91000000,
        "netIncome": 160000000,
        "netIncomeRatio": 0.0623538581,
        "eps": 0.77,
        "epsdiluted": 0.77,
        "weightedAverageShsOut": 206500000,
        "weightedAverageShsOutDil": 207100000,
        "link": "https://www.sec.gov/Archives/edgar/data/908255/000090825519000025/0000908255-19-000025-index.htm",
        "finalLink": "https://www.sec.gov/Archives/edgar/data/908255/000090825519000025/a2019033110q.htm"
    },
    {
        "date": "2018-12-31",
        "symbol": "BWA",
        "reportedCurrency": "USD",
        "cik": "0000908255",
        "fillingDate": "2019-02-19",
        "acceptedDate": "2019-02-19 11:39:10",
        "calendarYear": "2018",
        "period": "Q4",
        "revenue": 2572800000,
        "costOfRevenue": 2030000000,
        "grossProfit": 542800000,
        "grossProfitRatio": 0.2109763682,
        "researchAndDevelopmentExpenses": 126000000,
        "generalAndAdministrativeExpenses": 225800000,
        "sellingAndMarketingExpenses": 0,
        "sellingGeneralAndAdministrativeExpenses": 225800000,
        "otherExpenses": 2000000,
        "operatingExpenses": 277200000,
        "costAndExpenses": 2307200000,
        "interestIncome": 2000000,
        "interestExpense": 13300000,
        "depreciationAndAmortization": 105500000,
        "ebitda": 388700000,
        "ebitdaratio": 0.1510805348,
        "operatingIncome": 265600000,
        "operatingIncomeRatio": 0.1032338308,
        "totalOtherIncomeExpensesNet": 1200000,
        "incomeBeforeTax": 266800000,
        "incomeBeforeTaxRatio": 0.1037002488,
        "incomeTaxExpense": 19200000,
        "netIncome": 230000000,
        "netIncomeRatio": 0.0893967662,
        "eps": 1.11,
        "epsdiluted": 1.1,
        "weightedAverageShsOut": 207300000,
        "weightedAverageShsOutDil": 208600000,
        "link": "https://www.sec.gov/Archives/edgar/data/908255/000090825519000014/0000908255-19-000014-index.htm",
        "finalLink": "https://www.sec.gov/Archives/edgar/data/908255/000090825519000014/a2018123110k.htm"
    },
    {
        "date": "2018-09-30",
        "symbol": "BWA",
        "reportedCurrency": "USD",
        "cik": "0000908255",
        "fillingDate": "2018-10-25",
        "acceptedDate": "2018-10-25 11:15:23",
        "calendarYear": "2018",
        "period": "Q3",
        "revenue": 2478500000,
        "costOfRevenue": 1962900000,
        "grossProfit": 515600000,
        "grossProfitRatio": 0.2080290498,
        "researchAndDevelopmentExpenses": 122000000,
        "generalAndAdministrativeExpenses": 230500000,
        "sellingAndMarketingExpenses": 0,
        "sellingGeneralAndAdministrativeExpenses": 230500000,
        "otherExpenses": 2600000,
        "operatingExpenses": 230500000,
        "costAndExpenses": 2193400000,
        "interestIncome": 1500000,
        "interestExpense": 14400000,
        "depreciationAndAmortization": 107500000,
        "ebitda": 407300000,
        "ebitdaratio": 0.1643332661,
        "operatingIncome": 278000000,
        "operatingIncomeRatio": 0.1121646157,
        "totalOtherIncomeExpensesNet": 4700000,
        "incomeBeforeTax": 282700000,
        "incomeBeforeTaxRatio": 0.1140609239,
        "incomeTaxExpense": 66800000,
        "netIncome": 203800000,
        "netIncomeRatio": 0.0822271535,
        "eps": 0.98,
        "epsdiluted": 0.98,
        "weightedAverageShsOut": 207500000,
        "weightedAverageShsOutDil": 208700000,
        "link": "https://www.sec.gov/Archives/edgar/data/908255/000090825518000062/0000908255-18-000062-index.htm",
        "finalLink": "https://www.sec.gov/Archives/edgar/data/908255/000090825518000062/a2018093010q.htm"
    },
    {
        "date": "2018-06-30",
        "symbol": "BWA",
        "reportedCurrency": "USD",
        "cik": "0000908255",
        "fillingDate": "2018-07-26",
        "acceptedDate": "2018-07-26 11:24:19",
        "calendarYear": "2018",
        "period": "Q2",
        "revenue": 2694000000,
        "costOfRevenue": 2114800000,
        "grossProfit": 579200000,
        "grossProfitRatio": 0.214996288,
        "researchAndDevelopmentExpenses": 134000000,
        "generalAndAdministrativeExpenses": 236000000,
        "sellingAndMarketingExpenses": 0,
        "sellingGeneralAndAdministrativeExpenses": 236000000,
        "otherExpenses": 4200000,
        "operatingExpenses": 236000000,
        "costAndExpenses": 2350800000,
        "interestIncome": 1000000,
        "interestExpense": 15000000,
        "depreciationAndAmortization": 109100000,
        "ebitda": 440900000,
        "ebitdaratio": 0.1636599852,
        "operatingIncome": 312800000,
        "operatingIncomeRatio": 0.1161098738,
        "totalOtherIncomeExpensesNet": 1700000,
        "incomeBeforeTax": 314700000,
        "incomeBeforeTaxRatio": 0.1168151448,
        "incomeTaxExpense": 30400000,
        "netIncome": 271800000,
        "netIncomeRatio": 0.1008908686,
        "eps": 1.3,
        "epsdiluted": 1.3,
        "weightedAverageShsOut": 208600000,
        "weightedAverageShsOutDil": 209900000,
        "link": "https://www.sec.gov/Archives/edgar/data/908255/000090825518000050/0000908255-18-000050-index.htm",
        "finalLink": "https://www.sec.gov/Archives/edgar/data/908255/000090825518000050/a201863010q.htm"
    },
    {
        "date": "2018-03-31",
        "symbol": "BWA",
        "reportedCurrency": "USD",
        "cik": "0000908255",
        "fillingDate": "2018-04-26",
        "acceptedDate": "2018-04-26 11:59:15",
        "calendarYear": "2018",
        "period": "Q1",
        "revenue": 2784300000,
        "costOfRevenue": 2192500000,
        "grossProfit": 591800000,
        "grossProfitRatio": 0.2125489351,
        "researchAndDevelopmentExpenses": 130000000,
        "generalAndAdministrativeExpenses": 253400000,
        "sellingAndMarketingExpenses": 0,
        "sellingGeneralAndAdministrativeExpenses": 253400000,
        "otherExpenses": 2600000,
        "operatingExpenses": 258300000,
        "costAndExpenses": 2450800000,
        "interestIncome": 2000000,
        "interestExpense": 16000000,
        "depreciationAndAmortization": 109200000,
        "ebitda": 458300000,
        "ebitdaratio": 0.1646015156,
        "operatingIncome": 333500000,
        "operatingIncomeRatio": 0.1197787595,
        "totalOtherIncomeExpensesNet": -1300000,
        "incomeBeforeTax": 331700000,
        "incomeBeforeTaxRatio": 0.1191322774,
        "incomeTaxExpense": 94900000,
        "netIncome": 225100000,
        "netIncomeRatio": 0.0808461732,
        "eps": 1.07,
        "epsdiluted": 1.07,
        "weightedAverageShsOut": 209500000,
        "weightedAverageShsOutDil": 210800000,
        "link": "https://www.sec.gov/Archives/edgar/data/908255/000090825518000027/0000908255-18-000027-index.htm",
        "finalLink": "https://www.sec.gov/Archives/edgar/data/908255/000090825518000027/a10q3312018.htm"
    },
    {
        "date": "2017-12-31",
        "symbol": "BWA",
        "reportedCurrency": "USD",
        "cik": "0000908255",
        "fillingDate": "2018-02-08",
        "acceptedDate": "2018-02-08 11:53:55",
        "calendarYear": "2017",
        "period": "Q4",
        "revenue": 2586400000,
        "costOfRevenue": 2020500000,
        "grossProfit": 565900000,
        "grossProfitRatio": 0.2187983297,
        "researchAndDevelopmentExpenses": 126200000,
        "generalAndAdministrativeExpenses": 239900000,
        "sellingAndMarketingExpenses": 0,
        "sellingGeneralAndAdministrativeExpenses": 239900000,
        "otherExpenses": -2300000,
        "operatingExpenses": 356900000,
        "costAndExpenses": 2377400000,
        "interestIncome": 1600000,
        "interestExpense": 16900000,
        "depreciationAndAmortization": 105800000,
        "ebitda": 434600000,
        "ebitdaratio": 0.1680327869,
        "operatingIncome": 209000000,
        "operatingIncomeRatio": 0.0808072997,
        "totalOtherIncomeExpensesNet": -2600000,
        "incomeBeforeTax": 206400000,
        "incomeBeforeTaxRatio": 0.0798020414,
        "incomeTaxExpense": 338400000,
        "netIncome": -146200000,
        "netIncomeRatio": -0.056526446,
        "eps": -0.7,
        "epsdiluted": -0.7,
        "weightedAverageShsOut": 209629000,
        "weightedAverageShsOutDil": 209700000,
        "link": "https://www.sec.gov/Archives/edgar/data/908255/000090825518000017/0000908255-18-000017-index.htm",
        "finalLink": "https://www.sec.gov/Archives/edgar/data/908255/000090825518000017/a10k12312017.htm"
    },
    {
        "date": "2017-09-30",
        "symbol": "BWA",
        "reportedCurrency": "USD",
        "cik": "0000908255",
        "fillingDate": "2017-10-26",
        "acceptedDate": "2017-10-26 11:58:07",
        "calendarYear": "2017",
        "period": "Q3",
        "revenue": 2416200000,
        "costOfRevenue": 1893500000,
        "grossProfit": 522700000,
        "grossProfitRatio": 0.2163314295,
        "researchAndDevelopmentExpenses": 115200000,
        "generalAndAdministrativeExpenses": 224800000,
        "sellingAndMarketingExpenses": 0,
        "sellingGeneralAndAdministrativeExpenses": 224800000,
        "otherExpenses": 2300000,
        "operatingExpenses": 227100000,
        "costAndExpenses": 2120600000,
        "interestIncome": 1300000,
        "interestExpense": 17600000,
        "depreciationAndAmortization": 104900000,
        "ebitda": 400500000,
        "ebitdaratio": 0.165756146,
        "operatingIncome": 275900000,
        "operatingIncomeRatio": 0.1141875673,
        "totalOtherIncomeExpensesNet": -600000,
        "incomeBeforeTax": 274000000,
        "incomeBeforeTaxRatio": 0.1134012085,
        "incomeTaxExpense": 79400000,
        "netIncome": 184900000,
        "netIncomeRatio": 0.0765251221,
        "eps": 0.88,
        "epsdiluted": 0.88,
        "weightedAverageShsOut": 209803000,
        "weightedAverageShsOutDil": 211013000,
        "link": "https://www.sec.gov/Archives/edgar/data/908255/000090825517000060/0000908255-17-000060-index.htm",
        "finalLink": "https://www.sec.gov/Archives/edgar/data/908255/000090825517000060/a10q9302017.htm"
    },
    {
        "date": "2017-06-30",
        "symbol": "BWA",
        "reportedCurrency": "USD",
        "cik": "0000908255",
        "fillingDate": "2017-07-27",
        "acceptedDate": "2017-07-27 11:17:46",
        "calendarYear": "2017",
        "period": "Q2",
        "revenue": 2389700000,
        "costOfRevenue": 1875500000,
        "grossProfit": 514200000,
        "grossProfitRatio": 0.2151734527,
        "researchAndDevelopmentExpenses": 119700000,
        "generalAndAdministrativeExpenses": 215000000,
        "sellingAndMarketingExpenses": 0,
        "sellingGeneralAndAdministrativeExpenses": 215000000,
        "otherExpenses": 300000,
        "operatingExpenses": 215000000,
        "costAndExpenses": 2090500000,
        "interestIncome": 1400000,
        "interestExpense": 18000000,
        "depreciationAndAmortization": 99800000,
        "ebitda": 415100000,
        "ebitdaratio": 0.1737038122,
        "operatingIncome": 299500000,
        "operatingIncomeRatio": 0.1253295393,
        "totalOtherIncomeExpensesNet": -800000,
        "incomeBeforeTax": 297300000,
        "incomeBeforeTaxRatio": 0.1244089216,
        "incomeTaxExpense": 76200000,
        "netIncome": 212000000,
        "netIncomeRatio": 0.0887140645,
        "eps": 1.01,
        "epsdiluted": 1,
        "weightedAverageShsOut": 210572000,
        "weightedAverageShsOutDil": 211478000,
        "link": "https://www.sec.gov/Archives/edgar/data/908255/000090825517000050/0000908255-17-000050-index.htm",
        "finalLink": "https://www.sec.gov/Archives/edgar/data/908255/000090825517000050/a10q6302017.htm"
    },
    {
        "date": "2017-03-31",
        "symbol": "BWA",
        "reportedCurrency": "USD",
        "cik": "0000908255",
        "fillingDate": "2017-04-27",
        "acceptedDate": "2017-04-27 11:48:30",
        "calendarYear": "2017",
        "period": "Q1",
        "revenue": 2407000000,
        "costOfRevenue": 1889700000,
        "grossProfit": 517300000,
        "grossProfitRatio": 0.2149148317,
        "researchAndDevelopmentExpenses": 112000000,
        "generalAndAdministrativeExpenses": 218800000,
        "sellingAndMarketingExpenses": 0,
        "sellingGeneralAndAdministrativeExpenses": 218800000,
        "otherExpenses": 500000,
        "operatingExpenses": 219300000,
        "costAndExpenses": 2109000000,
        "interestIncome": 1500000,
        "interestExpense": 18000000,
        "depreciationAndAmortization": 97300000,
        "ebitda": 395300000,
        "ebitdaratio": 0.1642293311,
        "operatingIncome": 292700000,
        "operatingIncomeRatio": 0.121603656,
        "totalOtherIncomeExpensesNet": -5600000,
        "incomeBeforeTax": 285900000,
        "incomeBeforeTaxRatio": 0.1187785625,
        "incomeTaxExpense": 86300000,
        "netIncome": 189200000,
        "netIncomeRatio": 0.0786040715,
        "eps": 0.89,
        "epsdiluted": 0.89,
        "weightedAverageShsOut": 211596000,
        "weightedAverageShsOutDil": 212236000,
        "link": "https://www.sec.gov/Archives/edgar/data/908255/000090825517000023/0000908255-17-000023-index.htm",
        "finalLink": "https://www.sec.gov/Archives/edgar/data/908255/000090825517000023/a10q3312017.htm"
    },
    {
        "date": "2016-12-31",
        "symbol": "BWA",
        "reportedCurrency": "USD",
        "cik": "0000908255",
        "fillingDate": "2017-02-09",
        "acceptedDate": "2017-02-09 11:56:11",
        "calendarYear": "2016",
        "period": "Q4",
        "revenue": 2259000000,
        "costOfRevenue": 1758000000,
        "grossProfit": 501000000,
        "grossProfitRatio": 0.2217795485,
        "researchAndDevelopmentExpenses": 106700000,
        "generalAndAdministrativeExpenses": 217100000,
        "sellingAndMarketingExpenses": 0,
        "sellingGeneralAndAdministrativeExpenses": 217100000,
        "otherExpenses": -300000,
        "operatingExpenses": 959000000,
        "costAndExpenses": 2717000000,
        "interestIncome": 1600000,
        "interestExpense": 19500000,
        "depreciationAndAmortization": 100200000,
        "ebitda": -344900000,
        "ebitdaratio": -0.1526781762,
        "operatingIncome": -458000000,
        "operatingIncomeRatio": -0.2027445772,
        "totalOtherIncomeExpensesNet": -6600000,
        "incomeBeforeTax": -464600000,
        "incomeBeforeTaxRatio": -0.205666224,
        "incomeTaxExpense": -183100000,
        "netIncome": -293300000,
        "netIncomeRatio": -0.1298362107,
        "eps": -1.39,
        "epsdiluted": -1.38,
        "weightedAverageShsOut": 211500000,
        "weightedAverageShsOutDil": 212262965,
        "link": "https://www.sec.gov/Archives/edgar/data/908255/000090825517000011/0000908255-17-000011-index.htm",
        "finalLink": "https://www.sec.gov/Archives/edgar/data/908255/000090825517000011/a10k12312016.htm"
    },
    {
        "date": "2016-09-30",
        "symbol": "BWA",
        "reportedCurrency": "USD",
        "cik": "0000908255",
        "fillingDate": "2016-10-27",
        "acceptedDate": "2016-10-27 11:25:31",
        "calendarYear": "2016",
        "period": "Q3",
        "revenue": 2214200000,
        "costOfRevenue": 1743100000,
        "grossProfit": 471100000,
        "grossProfitRatio": 0.2127630747,
        "researchAndDevelopmentExpenses": 106100000,
        "generalAndAdministrativeExpenses": 209700000,
        "sellingAndMarketingExpenses": 0,
        "sellingGeneralAndAdministrativeExpenses": 209700000,
        "otherExpenses": 2600000,
        "operatingExpenses": 209700000,
        "costAndExpenses": 1952800000,
        "interestIncome": 1600000,
        "interestExpense": 22400000,
        "depreciationAndAmortization": 97800000,
        "ebitda": 361800000,
        "ebitdaratio": 0.1633998735,
        "operatingIncome": 150300000,
        "operatingIncomeRatio": 0.067880047,
        "totalOtherIncomeExpensesNet": -8400000,
        "incomeBeforeTax": 141900000,
        "incomeBeforeTaxRatio": 0.0640863517,
        "incomeTaxExpense": 48800000,
        "netIncome": 83300000,
        "netIncomeRatio": 0.0376208111,
        "eps": 0.39,
        "epsdiluted": 0.39,
        "weightedAverageShsOut": 212872000,
        "weightedAverageShsOutDil": 213766000,
        "link": "https://www.sec.gov/Archives/edgar/data/908255/000090825516000135/0000908255-16-000135-index.htm",
        "finalLink": "https://www.sec.gov/Archives/edgar/data/908255/000090825516000135/a10q9302016.htm"
    },
    {
        "date": "2016-06-30",
        "symbol": "BWA",
        "reportedCurrency": "USD",
        "cik": "0000908255",
        "fillingDate": "2016-07-28",
        "acceptedDate": "2016-07-28 11:23:23",
        "calendarYear": "2016",
        "period": "Q2",
        "revenue": 2329200000,
        "costOfRevenue": 1832500000,
        "grossProfit": 496700000,
        "grossProfitRatio": 0.2132491843,
        "researchAndDevelopmentExpenses": 104400000,
        "generalAndAdministrativeExpenses": 202300000,
        "sellingAndMarketingExpenses": 0,
        "sellingGeneralAndAdministrativeExpenses": 202300000,
        "otherExpenses": 1400000,
        "operatingExpenses": 227300000,
        "costAndExpenses": 2059800000,
        "interestIncome": 1500000,
        "interestExpense": 21400000,
        "depreciationAndAmortization": 99000000,
        "ebitda": 394800000,
        "ebitdaratio": 0.1695002576,
        "operatingIncome": 269400000,
        "operatingIncomeRatio": 0.1156620299,
        "totalOtherIncomeExpensesNet": -9800000,
        "incomeBeforeTax": 259600000,
        "incomeBeforeTaxRatio": 0.1114545767,
        "incomeTaxExpense": 84200000,
        "netIncome": 164400000,
        "netIncomeRatio": 0.0705821741,
        "eps": 0.76,
        "epsdiluted": 0.76,
        "weightedAverageShsOut": 215735000,
        "weightedAverageShsOutDil": 216663000,
        "link": "https://www.sec.gov/Archives/edgar/data/908255/000090825516000124/0000908255-16-000124-index.htm",
        "finalLink": "https://www.sec.gov/Archives/edgar/data/908255/000090825516000124/a10q6302016.htm"
    },
    {
        "date": "2016-03-31",
        "symbol": "BWA",
        "reportedCurrency": "USD",
        "cik": "0000908255",
        "fillingDate": "2016-04-28",
        "acceptedDate": "2016-04-28 11:17:55",
        "calendarYear": "2016",
        "period": "Q1",
        "revenue": 2268600000,
        "costOfRevenue": 1804300000,
        "grossProfit": 464300000,
        "grossProfitRatio": 0.2046636692,
        "researchAndDevelopmentExpenses": 100600000,
        "generalAndAdministrativeExpenses": 188400000,
        "sellingAndMarketingExpenses": 0,
        "sellingGeneralAndAdministrativeExpenses": 188400000,
        "otherExpenses": 500000,
        "operatingExpenses": 200100000,
        "costAndExpenses": 2004400000,
        "interestIncome": 1600000,
        "interestExpense": 21300000,
        "depreciationAndAmortization": 94400000,
        "ebitda": 370800000,
        "ebitdaratio": 0.1634488231,
        "operatingIncome": 264200000,
        "operatingIncomeRatio": 0.1164594904,
        "totalOtherIncomeExpensesNet": -10600000,
        "incomeBeforeTax": 253600000,
        "incomeBeforeTaxRatio": 0.1117870052,
        "incomeTaxExpense": 80400000,
        "netIncome": 164100000,
        "netIncomeRatio": 0.072335361,
        "eps": 0.75,
        "epsdiluted": 0.75,
        "weightedAverageShsOut": 217388000,
        "weightedAverageShsOutDil": 218137000,
        "link": "https://www.sec.gov/Archives/edgar/data/908255/000090825516000109/0000908255-16-000109-index.htm",
        "finalLink": "https://www.sec.gov/Archives/edgar/data/908255/000090825516000109/a10q3312016.htm"
    },
    {
        "date": "2015-12-31",
        "symbol": "BWA",
        "reportedCurrency": "USD",
        "cik": "0000908255",
        "fillingDate": "2016-02-11",
        "acceptedDate": "2016-02-11 11:52:27",
        "calendarYear": "2015",
        "period": "Q4",
        "revenue": 2123100000,
        "costOfRevenue": 1676200000,
        "grossProfit": 446900000,
        "grossProfitRatio": 0.2104940888,
        "researchAndDevelopmentExpenses": 104000000,
        "generalAndAdministrativeExpenses": 178400000,
        "sellingAndMarketingExpenses": 0,
        "sellingGeneralAndAdministrativeExpenses": 178400000,
        "otherExpenses": -1000000,
        "operatingExpenses": 246400000,
        "costAndExpenses": 1922600000,
        "interestIncome": 2200000,
        "interestExpense": 17800000,
        "depreciationAndAmortization": 83900000,
        "ebitda": 352400000,
        "ebitdaratio": 0.1659837031,
        "operatingIncome": 200500000,
        "operatingIncomeRatio": 0.0944373793,
        "totalOtherIncomeExpensesNet": -3900000,
        "incomeBeforeTax": 196600000,
        "incomeBeforeTaxRatio": 0.0926004427,
        "incomeTaxExpense": 61200000,
        "netIncome": 125300000,
        "netIncomeRatio": 0.0590174744,
        "eps": 0.57,
        "epsdiluted": 0.56,
        "weightedAverageShsOut": 219324821,
        "weightedAverageShsOutDil": 222900000,
        "link": "https://www.sec.gov/Archives/edgar/data/908255/000090825516000077/0000908255-16-000077-index.htm",
        "finalLink": "https://www.sec.gov/Archives/edgar/data/908255/000090825516000077/a10k12312015.htm"
    },
    {
        "date": "2015-09-30",
        "symbol": "BWA",
        "reportedCurrency": "USD",
        "cik": "0000908255",
        "fillingDate": "2015-10-29",
        "acceptedDate": "2015-10-29 11:29:25",
        "calendarYear": "2015",
        "period": "Q3",
        "revenue": 1884000000,
        "costOfRevenue": 1485800000,
        "grossProfit": 398200000,
        "grossProfitRatio": 0.211358811,
        "researchAndDevelopmentExpenses": 95600000,
        "generalAndAdministrativeExpenses": 148000000,
        "sellingAndMarketingExpenses": 0,
        "sellingGeneralAndAdministrativeExpenses": 148000000,
        "otherExpenses": 100000,
        "operatingExpenses": 148000000,
        "costAndExpenses": 1633800000,
        "interestIncome": 2000000,
        "interestExpense": 15000000,
        "depreciationAndAmortization": 78300000,
        "ebitda": 328600000,
        "ebitdaratio": 0.1744161359,
        "operatingIncome": 237100000,
        "operatingIncomeRatio": 0.1258492569,
        "totalOtherIncomeExpensesNet": -4300000,
        "incomeBeforeTax": 232800000,
        "incomeBeforeTaxRatio": 0.123566879,
        "incomeTaxExpense": 66900000,
        "netIncome": 157400000,
        "netIncomeRatio": 0.0835456476,
        "eps": 0.7,
        "epsdiluted": 0.7,
        "weightedAverageShsOut": 224837000,
        "weightedAverageShsOutDil": 225991000,
        "link": "https://www.sec.gov/Archives/edgar/data/908255/000090825515000059/0000908255-15-000059-index.htm",
        "finalLink": "https://www.sec.gov/Archives/edgar/data/908255/000090825515000059/a10q9302015.htm"
    },
    {
        "date": "2015-06-30",
        "symbol": "BWA",
        "reportedCurrency": "USD",
        "cik": "0000908255",
        "fillingDate": "2015-07-30",
        "acceptedDate": "2015-07-30 11:21:56",
        "calendarYear": "2015",
        "period": "Q2",
        "revenue": 2031900000,
        "costOfRevenue": 1602900000,
        "grossProfit": 429000000,
        "grossProfitRatio": 0.2111324376,
        "researchAndDevelopmentExpenses": 94200000,
        "generalAndAdministrativeExpenses": 167400000,
        "sellingAndMarketingExpenses": 0,
        "sellingGeneralAndAdministrativeExpenses": 167400000,
        "otherExpenses": 800000,
        "operatingExpenses": 167400000,
        "costAndExpenses": 1770300000,
        "interestIncome": 1600000,
        "interestExpense": 17600000,
        "depreciationAndAmortization": 80900000,
        "ebitda": 336100000,
        "ebitdaratio": 0.1654116836,
        "operatingIncome": 242500000,
        "operatingIncomeRatio": 0.1193464245,
        "totalOtherIncomeExpensesNet": -4900000,
        "incomeBeforeTax": 237600000,
        "incomeBeforeTaxRatio": 0.1169348885,
        "incomeTaxExpense": 80200000,
        "netIncome": 148100000,
        "netIncomeRatio": 0.0728874452,
        "eps": 0.66,
        "epsdiluted": 0.65,
        "weightedAverageShsOut": 225353000,
        "weightedAverageShsOutDil": 226615000,
        "link": "https://www.sec.gov/Archives/edgar/data/908255/000090825515000048/0000908255-15-000048-index.htm",
        "finalLink": "https://www.sec.gov/Archives/edgar/data/908255/000090825515000048/a10q6302015.htm"
    },
    {
        "date": "2015-03-31",
        "symbol": "BWA",
        "reportedCurrency": "USD",
        "cik": "0000908255",
        "fillingDate": "2015-03-31",
        "acceptedDate": "2015-03-30 20:00:00",
        "calendarYear": "2015",
        "period": "Q1",
        "revenue": 1984200000,
        "costOfRevenue": 1555200000,
        "grossProfit": 429000000,
        "grossProfitRatio": 0.2162080435,
        "researchAndDevelopmentExpenses": 92400000,
        "generalAndAdministrativeExpenses": 168200000,
        "sellingAndMarketingExpenses": 0,
        "sellingGeneralAndAdministrativeExpenses": 168200000,
        "otherExpenses": 100000,
        "operatingExpenses": 168200000,
        "costAndExpenses": 1723400000,
        "interestIncome": 1700000,
        "interestExpense": 10000000,
        "depreciationAndAmortization": 77100000,
        "ebitda": 346900000,
        "ebitdaratio": 0.1748311662,
        "operatingIncome": 259600000,
        "operatingIncomeRatio": 0.1308335853,
        "totalOtherIncomeExpensesNet": 200000,
        "incomeBeforeTax": 259800000,
        "incomeBeforeTaxRatio": 0.1309343816,
        "incomeTaxExpense": 72100000,
        "netIncome": 178900000,
        "netIncomeRatio": 0.090162282,
        "eps": 0.79,
        "epsdiluted": 0.79,
        "weightedAverageShsOut": 225796000,
        "weightedAverageShsOutDil": 227088000,
        "link": "",
        "finalLink": ""
    },
    {
        "date": "2014-12-31",
        "symbol": "BWA",
        "reportedCurrency": "USD",
        "cik": "0000908255",
        "fillingDate": "2015-02-12",
        "acceptedDate": "2015-02-12 11:38:42",
        "calendarYear": "2014",
        "period": "Q4",
        "revenue": 1991900000,
        "costOfRevenue": 1578600000,
        "grossProfit": 413300000,
        "grossProfitRatio": 0.2074903359,
        "researchAndDevelopmentExpenses": 100700000,
        "generalAndAdministrativeExpenses": 169400000,
        "sellingAndMarketingExpenses": 0,
        "sellingGeneralAndAdministrativeExpenses": 169400000,
        "otherExpenses": 2200000,
        "operatingExpenses": 201100000,
        "costAndExpenses": 1779700000,
        "interestIncome": 1200000,
        "interestExpense": 10200000,
        "depreciationAndAmortization": 83400000,
        "ebitda": 329500000,
        "ebitdaratio": 0.1654199508,
        "operatingIncome": 212200000,
        "operatingIncomeRatio": 0.1065314524,
        "totalOtherIncomeExpensesNet": 2500000,
        "incomeBeforeTax": 214700000,
        "incomeBeforeTaxRatio": 0.1077865355,
        "incomeTaxExpense": 67300000,
        "netIncome": 139900000,
        "netIncomeRatio": 0.0702344495,
        "eps": 0.62,
        "epsdiluted": 0.61,
        "weightedAverageShsOut": 226430083,
        "weightedAverageShsOutDil": 228000000,
        "link": "https://www.sec.gov/Archives/edgar/data/908255/000090825515000012/0000908255-15-000012-index.htm",
        "finalLink": "https://www.sec.gov/Archives/edgar/data/908255/000090825515000012/a10k12312014.htm"
    },
    {
        "date": "2014-09-30",
        "symbol": "BWA",
        "reportedCurrency": "USD",
        "cik": "0000908255",
        "fillingDate": "2014-10-30",
        "acceptedDate": "2014-10-30 11:11:53",
        "calendarYear": "2014",
        "period": "Q3",
        "revenue": 2032100000,
        "costOfRevenue": 1607600000,
        "grossProfit": 424500000,
        "grossProfitRatio": 0.2088971999,
        "researchAndDevelopmentExpenses": 96100000,
        "generalAndAdministrativeExpenses": 177200000,
        "sellingAndMarketingExpenses": 0,
        "sellingGeneralAndAdministrativeExpenses": 177200000,
        "otherExpenses": 3500000,
        "operatingExpenses": 177200000,
        "costAndExpenses": 1784800000,
        "interestIncome": 1400000,
        "interestExpense": 9000000,
        "depreciationAndAmortization": 81800000,
        "ebitda": 335300000,
        "ebitdaratio": 0.1650017224,
        "operatingIncome": 237700000,
        "operatingIncomeRatio": 0.1169725899,
        "totalOtherIncomeExpensesNet": 7200000,
        "incomeBeforeTax": 244900000,
        "incomeBeforeTaxRatio": 0.1205157227,
        "incomeTaxExpense": 71900000,
        "netIncome": 166600000,
        "netIncomeRatio": 0.0819841543,
        "eps": 0.73,
        "epsdiluted": 0.73,
        "weightedAverageShsOut": 227077000,
        "weightedAverageShsOutDil": 228668000,
        "link": "https://www.sec.gov/Archives/edgar/data/908255/000090825514000063/0000908255-14-000063-index.htm",
        "finalLink": "https://www.sec.gov/Archives/edgar/data/908255/000090825514000063/a10q9302014.htm"
    },
    {
        "date": "2014-06-30",
        "symbol": "BWA",
        "reportedCurrency": "USD",
        "cik": "0000908255",
        "fillingDate": "2014-07-31",
        "acceptedDate": "2014-07-31 11:31:08",
        "calendarYear": "2014",
        "period": "Q2",
        "revenue": 2197000000,
        "costOfRevenue": 1724200000,
        "grossProfit": 472800000,
        "grossProfitRatio": 0.2152025489,
        "researchAndDevelopmentExpenses": 101500000,
        "generalAndAdministrativeExpenses": 181200000,
        "sellingAndMarketingExpenses": 0,
        "sellingGeneralAndAdministrativeExpenses": 181200000,
        "otherExpenses": 4000000,
        "operatingExpenses": 181200000,
        "costAndExpenses": 1905400000,
        "interestIncome": 1400000,
        "interestExpense": 9000000,
        "depreciationAndAmortization": 85100000,
        "ebitda": 380700000,
        "ebitdaratio": 0.1732817478,
        "operatingIncome": 280600000,
        "operatingIncomeRatio": 0.1277196177,
        "totalOtherIncomeExpensesNet": 4600000,
        "incomeBeforeTax": 285200000,
        "incomeBeforeTaxRatio": 0.1298133819,
        "incomeTaxExpense": 85300000,
        "netIncome": 190200000,
        "netIncomeRatio": 0.086572599,
        "eps": 0.84,
        "epsdiluted": 0.83,
        "weightedAverageShsOut": 227678000,
        "weightedAverageShsOutDil": 229670000,
        "link": "https://www.sec.gov/Archives/edgar/data/908255/000090825514000056/0000908255-14-000056-index.htm",
        "finalLink": "https://www.sec.gov/Archives/edgar/data/908255/000090825514000056/a10q6302014.htm"
    },
    {
        "date": "2014-03-31",
        "symbol": "BWA",
        "reportedCurrency": "USD",
        "cik": "0000908255",
        "fillingDate": "2014-05-01",
        "acceptedDate": "2014-05-01 11:49:19",
        "calendarYear": "2014",
        "period": "Q1",
        "revenue": 2084100000,
        "costOfRevenue": 1638300000,
        "grossProfit": 445800000,
        "grossProfitRatio": 0.2139052829,
        "researchAndDevelopmentExpenses": 94500000,
        "generalAndAdministrativeExpenses": 173800000,
        "sellingAndMarketingExpenses": 0,
        "sellingGeneralAndAdministrativeExpenses": 173800000,
        "otherExpenses": 700000,
        "operatingExpenses": 173800000,
        "costAndExpenses": 1812100000,
        "interestIncome": 1500000,
        "interestExpense": 8200000,
        "depreciationAndAmortization": 80100000,
        "ebitda": 352800000,
        "ebitdaratio": 0.1692817043,
        "operatingIncome": 233200000,
        "operatingIncomeRatio": 0.1118948227,
        "totalOtherIncomeExpensesNet": 2100000,
        "incomeBeforeTax": 235300000,
        "incomeBeforeTaxRatio": 0.1129024519,
        "incomeTaxExpense": 68100000,
        "netIncome": 159100000,
        "netIncomeRatio": 0.0763399069,
        "eps": 0.7,
        "epsdiluted": 0.69,
        "weightedAverageShsOut": 227430000,
        "weightedAverageShsOutDil": 229327000,
        "link": "https://www.sec.gov/Archives/edgar/data/908255/000090825514000033/0000908255-14-000033-index.htm",
        "finalLink": "https://www.sec.gov/Archives/edgar/data/908255/000090825514000033/a10q3312014.htm"
    },
    {
        "date": "2013-12-31",
        "symbol": "BWA",
        "reportedCurrency": "USD",
        "cik": "0000908255",
        "fillingDate": "2014-02-13",
        "acceptedDate": "2014-02-13 12:12:38",
        "calendarYear": "2013",
        "period": "Q4",
        "revenue": 1885400000,
        "costOfRevenue": 1478800000,
        "grossProfit": 406600000,
        "grossProfitRatio": 0.215657155,
        "researchAndDevelopmentExpenses": 99500000,
        "generalAndAdministrativeExpenses": 167100000,
        "sellingAndMarketingExpenses": 0,
        "sellingGeneralAndAdministrativeExpenses": 167100000,
        "otherExpenses": 500000,
        "operatingExpenses": 218900000,
        "costAndExpenses": 1697700000,
        "interestIncome": 1500000,
        "interestExpense": 7600000,
        "depreciationAndAmortization": 76900000,
        "ebitda": 316900000,
        "ebitdaratio": 0.1680810438,
        "operatingIncome": 187700000,
        "operatingIncomeRatio": 0.0995544712,
        "totalOtherIncomeExpensesNet": 6200000,
        "incomeBeforeTax": 193900000,
        "incomeBeforeTaxRatio": 0.1028428981,
        "incomeTaxExpense": 44500000,
        "netIncome": 141400000,
        "netIncomeRatio": 0.074997348,
        "eps": 0.62,
        "epsdiluted": 0.62,
        "weightedAverageShsOut": 227932856,
        "weightedAverageShsOutDil": 229500000,
        "link": "https://www.sec.gov/Archives/edgar/data/908255/000090825514000012/0000908255-14-000012-index.htm",
        "finalLink": "https://www.sec.gov/Archives/edgar/data/908255/000090825514000012/a10k12312013.htm"
    },
    {
        "date": "2013-09-30",
        "symbol": "BWA",
        "reportedCurrency": "USD",
        "cik": "0000908255",
        "fillingDate": "2013-10-30",
        "acceptedDate": "2013-10-30 11:19:02",
        "calendarYear": "2013",
        "period": "Q3",
        "revenue": 1806200000,
        "costOfRevenue": 1426600000,
        "grossProfit": 379600000,
        "grossProfitRatio": 0.2101649873,
        "researchAndDevelopmentExpenses": 84700000,
        "generalAndAdministrativeExpenses": 157700000,
        "sellingAndMarketingExpenses": 0,
        "sellingGeneralAndAdministrativeExpenses": 157700000,
        "otherExpenses": 3700000,
        "operatingExpenses": 154000000,
        "costAndExpenses": 1580600000,
        "interestIncome": 1300000,
        "interestExpense": 8100000,
        "depreciationAndAmortization": 71600000,
        "ebitda": 297200000,
        "ebitdaratio": 0.1645443472,
        "operatingIncome": 225600000,
        "operatingIncomeRatio": 0.1249031115,
        "totalOtherIncomeExpensesNet": 3600000,
        "incomeBeforeTax": 229200000,
        "incomeBeforeTaxRatio": 0.1268962463,
        "incomeTaxExpense": 56300000,
        "netIncome": 166800000,
        "netIncomeRatio": 0.0923485771,
        "eps": 0.73,
        "epsdiluted": 0.72,
        "weightedAverageShsOut": 227638000,
        "weightedAverageShsOutDil": 230476000,
        "link": "https://www.sec.gov/Archives/edgar/data/908255/000090825513000042/0000908255-13-000042-index.htm",
        "finalLink": "https://www.sec.gov/Archives/edgar/data/908255/000090825513000042/a10q9302013.htm"
    },
    {
        "date": "2013-06-30",
        "symbol": "BWA",
        "reportedCurrency": "USD",
        "cik": "0000908255",
        "fillingDate": "2013-07-25",
        "acceptedDate": "2013-07-25 11:22:56",
        "calendarYear": "2013",
        "period": "Q2",
        "revenue": 1893900000,
        "costOfRevenue": 1497300000,
        "grossProfit": 396600000,
        "grossProfitRatio": 0.2094091557,
        "researchAndDevelopmentExpenses": 84000000,
        "generalAndAdministrativeExpenses": 155600000,
        "sellingAndMarketingExpenses": 0,
        "sellingGeneralAndAdministrativeExpenses": 155600000,
        "otherExpenses": 2400000,
        "operatingExpenses": 155600000,
        "costAndExpenses": 1652900000,
        "interestIncome": 1000000,
        "interestExpense": 8800000,
        "depreciationAndAmortization": 76000000,
        "ebitda": 331500000,
        "ebitdaratio": 0.1750356407,
        "operatingIncome": 243400000,
        "operatingIncomeRatio": 0.1285178732,
        "totalOtherIncomeExpensesNet": 3300000,
        "incomeBeforeTax": 246700000,
        "incomeBeforeTaxRatio": 0.1302603094,
        "incomeTaxExpense": 66600000,
        "netIncome": 174100000,
        "netIncomeRatio": 0.0919267121,
        "eps": 0.76,
        "epsdiluted": 0.75,
        "weightedAverageShsOut": 229496000,
        "weightedAverageShsOutDil": 232202000,
        "link": "https://www.sec.gov/Archives/edgar/data/908255/000090825513000033/0000908255-13-000033-index.htm",
        "finalLink": "https://www.sec.gov/Archives/edgar/data/908255/000090825513000033/a10q6302013.htm"
    },
    {
        "date": "2013-03-31",
        "symbol": "BWA",
        "reportedCurrency": "USD",
        "cik": "0000908255",
        "fillingDate": "2013-04-25",
        "acceptedDate": "2013-04-25 11:27:29",
        "calendarYear": "2013",
        "period": "Q1",
        "revenue": 1851100000,
        "costOfRevenue": 1476400000,
        "grossProfit": 374700000,
        "grossProfitRatio": 0.2024201826,
        "researchAndDevelopmentExpenses": 82200000,
        "generalAndAdministrativeExpenses": 165200000,
        "sellingAndMarketingExpenses": 0,
        "sellingGeneralAndAdministrativeExpenses": 165200000,
        "otherExpenses": 300000,
        "operatingExpenses": 165200000,
        "costAndExpenses": 1641600000,
        "interestIncome": 1000000,
        "interestExpense": 9700000,
        "depreciationAndAmortization": 74900000,
        "ebitda": 284100000,
        "ebitdaratio": 0.1534763114,
        "operatingIncome": 198500000,
        "operatingIncomeRatio": 0.1072335368,
        "totalOtherIncomeExpensesNet": 1000000,
        "incomeBeforeTax": 199500000,
        "incomeBeforeTaxRatio": 0.1077737561,
        "incomeTaxExpense": 50900000,
        "netIncome": 142000000,
        "netIncomeRatio": 0.0767111447,
        "eps": 0.62,
        "epsdiluted": 0.61,
        "weightedAverageShsOut": 230372000,
        "weightedAverageShsOutDil": 233130000,
        "link": "https://www.sec.gov/Archives/edgar/data/908255/000090825513000022/0000908255-13-000022-index.htm",
        "finalLink": "https://www.sec.gov/Archives/edgar/data/908255/000090825513000022/a10q3312013.htm"
    },
    {
        "date": "2012-12-31",
        "symbol": "BWA",
        "reportedCurrency": "USD",
        "cik": "0000908255",
        "fillingDate": "2013-02-14",
        "acceptedDate": "2013-02-14 12:20:30",
        "calendarYear": "2012",
        "period": "Q4",
        "revenue": 1719100000,
        "costOfRevenue": 1374900000,
        "grossProfit": 344200000,
        "grossProfitRatio": 0.2002210459,
        "researchAndDevelopmentExpenses": 80800000,
        "generalAndAdministrativeExpenses": 0,
        "sellingAndMarketingExpenses": 0,
        "sellingGeneralAndAdministrativeExpenses": 173500000,
        "otherExpenses": -67100000,
        "operatingExpenses": 106400000,
        "costAndExpenses": 1481300000,
        "interestIncome": 1000000,
        "interestExpense": 6700000,
        "depreciationAndAmortization": 77300000,
        "ebitda": 259000000,
        "ebitdaratio": 0.1506602292,
        "operatingIncome": 170700000,
        "operatingIncomeRatio": 0.0992961433,
        "totalOtherIncomeExpensesNet": 4300000,
        "incomeBeforeTax": 175000000,
        "incomeBeforeTaxRatio": 0.1017974522,
        "incomeTaxExpense": 48400000,
        "netIncome": 121200000,
        "netIncomeRatio": 0.0705020069,
        "eps": 0.53,
        "epsdiluted": 0.52,
        "weightedAverageShsOut": 230372000,
        "weightedAverageShsOutDil": 233130000,
        "link": "https://www.sec.gov/Archives/edgar/data/908255/000090825513000006/0000908255-13-000006-index.htm",
        "finalLink": "https://www.sec.gov/Archives/edgar/data/908255/000090825513000006/a10k12312012.htm"
    },
    {
        "date": "2012-09-30",
        "symbol": "BWA",
        "reportedCurrency": "USD",
        "cik": "0000908255",
        "fillingDate": "2012-10-31",
        "acceptedDate": "2012-10-31 10:24:55",
        "calendarYear": "2012",
        "period": "Q3",
        "revenue": 1695200000,
        "costOfRevenue": 1351500000,
        "grossProfit": 343700000,
        "grossProfitRatio": 0.2027489382,
        "researchAndDevelopmentExpenses": 75600000,
        "generalAndAdministrativeExpenses": 0,
        "sellingAndMarketingExpenses": 0,
        "sellingGeneralAndAdministrativeExpenses": 151000000,
        "otherExpenses": 29700000,
        "operatingExpenses": 180700000,
        "costAndExpenses": 1532200000,
        "interestIncome": 1000000,
        "interestExpense": 5000000,
        "depreciationAndAmortization": 69800000,
        "ebitda": 244900000,
        "ebitdaratio": 0.1444667296,
        "operatingIncome": 163000000,
        "operatingIncomeRatio": 0.0961538462,
        "totalOtherIncomeExpensesNet": 7100000,
        "incomeBeforeTax": 170100000,
        "incomeBeforeTaxRatio": 0.1003421425,
        "incomeTaxExpense": 64200000,
        "netIncome": 101100000,
        "netIncomeRatio": 0.0596389807,
        "eps": 0.44,
        "epsdiluted": 0.43,
        "weightedAverageShsOut": 228598000,
        "weightedAverageShsOutDil": 236998000,
        "link": "https://www.sec.gov/Archives/edgar/data/908255/000090825512000064/0000908255-12-000064-index.htm",
        "finalLink": "https://www.sec.gov/Archives/edgar/data/908255/000090825512000064/a10q9302012.htm"
    },
    {
        "date": "2012-06-30",
        "symbol": "BWA",
        "reportedCurrency": "USD",
        "cik": "0000908255",
        "fillingDate": "2012-07-26",
        "acceptedDate": "2012-07-26 11:46:53",
        "calendarYear": "2012",
        "period": "Q2",
        "revenue": 1856400000,
        "costOfRevenue": 1473200000,
        "grossProfit": 383200000,
        "grossProfitRatio": 0.20642103,
        "researchAndDevelopmentExpenses": 0,
        "generalAndAdministrativeExpenses": 0,
        "sellingAndMarketingExpenses": 0,
        "sellingGeneralAndAdministrativeExpenses": 153100000,
        "otherExpenses": 36600000,
        "operatingExpenses": 189700000,
        "costAndExpenses": 1662900000,
        "interestIncome": 1300000,
        "interestExpense": 12600000,
        "depreciationAndAmortization": 70300000,
        "ebitda": 277600000,
        "ebitdaratio": 0.1495367378,
        "operatingIncome": 193500000,
        "operatingIncomeRatio": 0.1042340013,
        "totalOtherIncomeExpensesNet": 1200000,
        "incomeBeforeTax": 194700000,
        "incomeBeforeTaxRatio": 0.1048804137,
        "incomeTaxExpense": 68500000,
        "netIncome": 120600000,
        "netIncomeRatio": 0.0649644473,
        "eps": 0.54,
        "epsdiluted": 0.5,
        "weightedAverageShsOut": 224278000,
        "weightedAverageShsOutDil": 242946000,
        "link": "https://www.sec.gov/Archives/edgar/data/908255/000090825512000057/0000908255-12-000057-index.htm",
        "finalLink": "https://www.sec.gov/Archives/edgar/data/908255/000090825512000057/a10q6302012.htm"
    },
    {
        "date": "2012-03-31",
        "symbol": "BWA",
        "reportedCurrency": "USD",
        "cik": "0000908255",
        "fillingDate": "2012-04-26",
        "acceptedDate": "2012-04-26 11:17:12",
        "calendarYear": "2012",
        "period": "Q1",
        "revenue": 1912500000,
        "costOfRevenue": 1516700000,
        "grossProfit": 395800000,
        "grossProfitRatio": 0.2069542484,
        "researchAndDevelopmentExpenses": 0,
        "generalAndAdministrativeExpenses": 0,
        "sellingAndMarketingExpenses": 0,
        "sellingGeneralAndAdministrativeExpenses": 169000000,
        "otherExpenses": 1100000,
        "operatingExpenses": 170100000,
        "costAndExpenses": 1686800000,
        "interestIncome": 1400000,
        "interestExpense": 15100000,
        "depreciationAndAmortization": 71200000,
        "ebitda": 307500000,
        "ebitdaratio": 0.1607843137,
        "operatingIncome": 225700000,
        "operatingIncomeRatio": 0.1180130719,
        "totalOtherIncomeExpensesNet": -4500000,
        "incomeBeforeTax": 221200000,
        "incomeBeforeTaxRatio": 0.1156601307,
        "incomeTaxExpense": 57500000,
        "netIncome": 158000000,
        "netIncomeRatio": 0.0826143791,
        "eps": 0.73,
        "epsdiluted": 0.64,
        "weightedAverageShsOut": 216840000,
        "weightedAverageShsOutDil": 255484000,
        "link": "https://www.sec.gov/Archives/edgar/data/908255/000090825512000036/0000908255-12-000036-index.htm",
        "finalLink": "https://www.sec.gov/Archives/edgar/data/908255/000090825512000036/a10q3312012.htm"
    },
    {
        "date": "2011-12-31",
        "symbol": "BWA",
        "reportedCurrency": "USD",
        "cik": "0000908255",
        "fillingDate": "2012-02-14",
        "acceptedDate": "2012-02-14 11:22:22",
        "calendarYear": "2011",
        "period": "Q4",
        "revenue": 1773700000,
        "costOfRevenue": 1414000000,
        "grossProfit": 359700000,
        "grossProfitRatio": 0.2027964143,
        "researchAndDevelopmentExpenses": 0,
        "generalAndAdministrativeExpenses": 0,
        "sellingAndMarketingExpenses": 0,
        "sellingGeneralAndAdministrativeExpenses": 146800000,
        "otherExpenses": 29900000,
        "operatingExpenses": 176700000,
        "costAndExpenses": 1590700000,
        "interestIncome": 1300000,
        "interestExpense": 17200000,
        "depreciationAndAmortization": 72900000,
        "ebitda": 275500000,
        "ebitdaratio": 0.1553250268,
        "operatingIncome": 191100000,
        "operatingIncomeRatio": 0.1077408806,
        "totalOtherIncomeExpensesNet": -5700000,
        "incomeBeforeTax": 185400000,
        "incomeBeforeTaxRatio": 0.1045272594,
        "incomeTaxExpense": 58200000,
        "netIncome": 122000000,
        "netIncomeRatio": 0.0687827705,
        "eps": 0.53,
        "epsdiluted": 0.48,
        "weightedAverageShsOut": 229227070,
        "weightedAverageShsOutDil": 255400000,
        "link": "https://www.sec.gov/Archives/edgar/data/908255/000090825512000008/0000908255-12-000008-index.htm",
        "finalLink": "https://www.sec.gov/Archives/edgar/data/908255/000090825512000008/a10k12312011.htm"
    },
    {
        "date": "2011-09-30",
        "symbol": "BWA",
        "reportedCurrency": "USD",
        "cik": "0000908255",
        "fillingDate": "2011-10-28",
        "acceptedDate": "2011-10-28 11:47:09",
        "calendarYear": "2011",
        "period": "Q3",
        "revenue": 1791800000,
        "costOfRevenue": 1441000000,
        "grossProfit": 350800000,
        "grossProfitRatio": 0.1957807791,
        "researchAndDevelopmentExpenses": 0,
        "generalAndAdministrativeExpenses": 0,
        "sellingAndMarketingExpenses": 0,
        "sellingGeneralAndAdministrativeExpenses": 151400000,
        "otherExpenses": 600000,
        "operatingExpenses": 152000000,
        "costAndExpenses": 1593000000,
        "interestIncome": 1300000,
        "interestExpense": 18500000,
        "depreciationAndAmortization": 70000000,
        "ebitda": 281600000,
        "ebitdaratio": 0.1571603974,
        "operatingIncome": 198800000,
        "operatingIncomeRatio": 0.1109498828,
        "totalOtherIncomeExpensesNet": -5700000,
        "incomeBeforeTax": 193100000,
        "incomeBeforeTaxRatio": 0.1077687242,
        "incomeTaxExpense": 46400000,
        "netIncome": 141600000,
        "netIncomeRatio": 0.0790266771,
        "eps": 0.65,
        "epsdiluted": 0.57,
        "weightedAverageShsOut": 217558000,
        "weightedAverageShsOutDil": 255880000,
        "link": "https://www.sec.gov/Archives/edgar/data/908255/000090825511000064/0000908255-11-000064-index.htm",
        "finalLink": "https://www.sec.gov/Archives/edgar/data/908255/000090825511000064/a10q9302011.htm"
    },
    {
        "date": "2011-06-30",
        "symbol": "BWA",
        "reportedCurrency": "USD",
        "cik": "0000908255",
        "fillingDate": "2011-07-28",
        "acceptedDate": "2011-07-28 11:21:44",
        "calendarYear": "2011",
        "period": "Q2",
        "revenue": 1818800000,
        "costOfRevenue": 1461700000,
        "grossProfit": 357100000,
        "grossProfitRatio": 0.196338245,
        "researchAndDevelopmentExpenses": 0,
        "generalAndAdministrativeExpenses": 0,
        "sellingAndMarketingExpenses": 0,
        "sellingGeneralAndAdministrativeExpenses": 157700000,
        "otherExpenses": -28900000,
        "operatingExpenses": 128800000,
        "costAndExpenses": 1590500000,
        "interestIncome": 1200000,
        "interestExpense": 20500000,
        "depreciationAndAmortization": 72300000,
        "ebitda": 309900000,
        "ebitdaratio": 0.1703870684,
        "operatingIncome": 228300000,
        "operatingIncomeRatio": 0.1255223224,
        "totalOtherIncomeExpensesNet": -11200000,
        "incomeBeforeTax": 217100000,
        "incomeBeforeTaxRatio": 0.1193644161,
        "incomeTaxExpense": 49800000,
        "netIncome": 162000000,
        "netIncomeRatio": 0.0890697163,
        "eps": 0.75,
        "epsdiluted": 0.66,
        "weightedAverageShsOut": 217522000,
        "weightedAverageShsOutDil": 256284000,
        "link": "https://www.sec.gov/Archives/edgar/data/908255/000090825511000052/0000908255-11-000052-index.htm",
        "finalLink": "https://www.sec.gov/Archives/edgar/data/908255/000090825511000052/bwa630201110q.htm"
    },
    {
        "date": "2011-03-31",
        "symbol": "BWA",
        "reportedCurrency": "USD",
        "cik": "0000908255",
        "fillingDate": "2011-04-28",
        "acceptedDate": "2011-04-28 11:47:04",
        "calendarYear": "2011",
        "period": "Q1",
        "revenue": 1730400000,
        "costOfRevenue": 1387600000,
        "grossProfit": 342800000,
        "grossProfitRatio": 0.1981044845,
        "researchAndDevelopmentExpenses": 0,
        "generalAndAdministrativeExpenses": 0,
        "sellingAndMarketingExpenses": 0,
        "sellingGeneralAndAdministrativeExpenses": 165100000,
        "otherExpenses": -1600000,
        "operatingExpenses": 163500000,
        "costAndExpenses": 1551100000,
        "interestIncome": 1000000,
        "interestExpense": 18400000,
        "depreciationAndAmortization": 67800000,
        "ebitda": 256500000,
        "ebitdaratio": 0.1482316227,
        "operatingIncome": 179300000,
        "operatingIncomeRatio": 0.1036176607,
        "totalOtherIncomeExpensesNet": -9000000,
        "incomeBeforeTax": 170300000,
        "incomeBeforeTaxRatio": 0.0984165511,
        "incomeTaxExpense": 40900000,
        "netIncome": 124500000,
        "netIncomeRatio": 0.0719486824,
        "eps": 0.56,
        "epsdiluted": 0.5,
        "weightedAverageShsOut": 221268000,
        "weightedAverageShsOutDil": 260448000,
        "link": "https://www.sec.gov/Archives/edgar/data/908255/000090825511000032/0000908255-11-000032-index.htm",
        "finalLink": "https://www.sec.gov/Archives/edgar/data/908255/000090825511000032/bwa331201110q.htm"
    },
    {
        "date": "2010-12-31",
        "symbol": "BWA",
        "reportedCurrency": "USD",
        "cik": "0000908255",
        "fillingDate": "2011-02-10",
        "acceptedDate": "2011-02-10 11:44:19",
        "calendarYear": "2010",
        "period": "Q4",
        "revenue": 1533400000,
        "costOfRevenue": 1227300000,
        "grossProfit": 306100000,
        "grossProfitRatio": 0.1996217556,
        "researchAndDevelopmentExpenses": 0,
        "generalAndAdministrativeExpenses": 0,
        "sellingAndMarketingExpenses": 0,
        "sellingGeneralAndAdministrativeExpenses": 148300000,
        "otherExpenses": -22000000,
        "operatingExpenses": 126300000,
        "costAndExpenses": 1353600000,
        "interestIncome": 1000000,
        "interestExpense": 22000000,
        "depreciationAndAmortization": 60700000,
        "ebitda": 228900000,
        "ebitdaratio": 0.1492761184,
        "operatingIncome": 157400000,
        "operatingIncomeRatio": 0.102647711,
        "totalOtherIncomeExpensesNet": -11200000,
        "incomeBeforeTax": 146200000,
        "incomeBeforeTaxRatio": 0.0953436807,
        "incomeTaxExpense": 30600000,
        "netIncome": 111700000,
        "netIncomeRatio": 0.0728446589,
        "eps": 0.5,
        "epsdiluted": 0.43,
        "weightedAverageShsOut": 221268000,
        "weightedAverageShsOutDil": 260448000,
        "link": "https://www.sec.gov/Archives/edgar/data/908255/000095012311011507/0000950123-11-011507-index.htm",
        "finalLink": "https://www.sec.gov/Archives/edgar/data/908255/000095012311011507/c61332e10vk.htm"
    },
    {
        "date": "2010-09-30",
        "symbol": "BWA",
        "reportedCurrency": "USD",
        "cik": "0000908255",
        "fillingDate": "2010-10-27",
        "acceptedDate": "2010-10-27 12:51:18",
        "calendarYear": "2010",
        "period": "Q3",
        "revenue": 1410900000,
        "costOfRevenue": 1137600000,
        "grossProfit": 273300000,
        "grossProfitRatio": 0.193706145,
        "researchAndDevelopmentExpenses": 0,
        "generalAndAdministrativeExpenses": 0,
        "sellingAndMarketingExpenses": 0,
        "sellingGeneralAndAdministrativeExpenses": 150200000,
        "otherExpenses": 100000,
        "operatingExpenses": 150300000,
        "costAndExpenses": 1287900000,
        "interestIncome": 600000,
        "interestExpense": 18400000,
        "depreciationAndAmortization": 77700000,
        "ebitda": 198200000,
        "ebitdaratio": 0.1404777093,
        "operatingIncome": 123000000,
        "operatingIncomeRatio": 0.0871783968,
        "totalOtherIncomeExpensesNet": -7300000,
        "incomeBeforeTax": 115700000,
        "incomeBeforeTaxRatio": 0.0820043944,
        "incomeTaxExpense": 4200000,
        "netIncome": 106700000,
        "netIncomeRatio": 0.0756254873,
        "eps": 0.48,
        "epsdiluted": 0.44,
        "weightedAverageShsOut": 225514000,
        "weightedAverageShsOutDil": 255608000,
        "link": "https://www.sec.gov/Archives/edgar/data/908255/000095012310096493/0000950123-10-096493-index.htm",
        "finalLink": "https://www.sec.gov/Archives/edgar/data/908255/000095012310096493/c60067e10vq.htm"
    },
    {
        "date": "2010-06-30",
        "symbol": "BWA",
        "reportedCurrency": "USD",
        "cik": "0000908255",
        "fillingDate": "2010-07-30",
        "acceptedDate": "2010-07-30 11:50:17",
        "calendarYear": "2010",
        "period": "Q2",
        "revenue": 1421700000,
        "costOfRevenue": 1146300000,
        "grossProfit": 275400000,
        "grossProfitRatio": 0.1937117535,
        "researchAndDevelopmentExpenses": 0,
        "generalAndAdministrativeExpenses": 0,
        "sellingAndMarketingExpenses": 0,
        "sellingGeneralAndAdministrativeExpenses": 137800000,
        "otherExpenses": 20300000,
        "operatingExpenses": 158100000,
        "costAndExpenses": 1304400000,
        "interestIncome": 600000,
        "interestExpense": 14200000,
        "depreciationAndAmortization": 64500000,
        "ebitda": 192400000,
        "ebitdaratio": 0.1353309418,
        "operatingIncome": 117300000,
        "operatingIncomeRatio": 0.082506858,
        "totalOtherIncomeExpensesNet": -3600000,
        "incomeBeforeTax": 113700000,
        "incomeBeforeTaxRatio": 0.0799746782,
        "incomeTaxExpense": 26000000,
        "netIncome": 82800000,
        "netIncomeRatio": 0.058240135,
        "eps": 0.36,
        "epsdiluted": 0.34,
        "weightedAverageShsOut": 230724000,
        "weightedAverageShsOutDil": 258156000,
        "link": "https://www.sec.gov/Archives/edgar/data/908255/000095012310070306/0000950123-10-070306-index.htm",
        "finalLink": "https://www.sec.gov/Archives/edgar/data/908255/000095012310070306/c58412e10vq.htm"
    },
    {
        "date": "2010-03-31",
        "symbol": "BWA",
        "reportedCurrency": "USD",
        "cik": "0000908255",
        "fillingDate": "2010-04-29",
        "acceptedDate": "2010-04-29 11:40:26",
        "calendarYear": "2010",
        "period": "Q1",
        "revenue": 1286800000,
        "costOfRevenue": 1048300000,
        "grossProfit": 238500000,
        "grossProfitRatio": 0.1853434877,
        "researchAndDevelopmentExpenses": 0,
        "generalAndAdministrativeExpenses": 0,
        "sellingAndMarketingExpenses": 0,
        "sellingGeneralAndAdministrativeExpenses": 130300000,
        "otherExpenses": 1600000,
        "operatingExpenses": 131900000,
        "costAndExpenses": 1180200000,
        "interestIncome": 600000,
        "interestExpense": 14200000,
        "depreciationAndAmortization": 63600000,
        "ebitda": 180100000,
        "ebitdaratio": 0.1399595897,
        "operatingIncome": 106600000,
        "operatingIncomeRatio": 0.0828411564,
        "totalOtherIncomeExpensesNet": -4300000,
        "incomeBeforeTax": 102300000,
        "incomeBeforeTaxRatio": 0.0794995337,
        "incomeTaxExpense": 20900000,
        "netIncome": 76200000,
        "netIncomeRatio": 0.0592166615,
        "eps": 0.33,
        "epsdiluted": 0.32,
        "weightedAverageShsOut": 232750000,
        "weightedAverageShsOutDil": 259326000,
        "link": "https://www.sec.gov/Archives/edgar/data/908255/000095012310040255/0000950123-10-040255-index.htm",
        "finalLink": "https://www.sec.gov/Archives/edgar/data/908255/000095012310040255/c57449e10vq.htm"
    },
    {
        "date": "2009-12-31",
        "symbol": "BWA",
        "reportedCurrency": "USD",
        "cik": "0000908255",
        "fillingDate": "2010-02-11",
        "acceptedDate": "2010-02-11 11:25:35",
        "calendarYear": "2009",
        "period": "Q4",
        "revenue": 1198300000,
        "costOfRevenue": 985100000,
        "grossProfit": 213200000,
        "grossProfitRatio": 0.1779187182,
        "researchAndDevelopmentExpenses": 0,
        "generalAndAdministrativeExpenses": 0,
        "sellingAndMarketingExpenses": 0,
        "sellingGeneralAndAdministrativeExpenses": 144400000,
        "otherExpenses": 1500000,
        "operatingExpenses": 145900000,
        "costAndExpenses": 1131000000,
        "interestIncome": 800000,
        "interestExpense": 16100000,
        "depreciationAndAmortization": 68900000,
        "ebitda": 147300000,
        "ebitdaratio": 0.1229241425,
        "operatingIncome": 67300000,
        "operatingIncomeRatio": 0.0561628974,
        "totalOtherIncomeExpensesNet": -5000000,
        "incomeBeforeTax": 62300000,
        "incomeBeforeTaxRatio": 0.0519903196,
        "incomeTaxExpense": 5700000,
        "netIncome": 52700000,
        "netIncomeRatio": 0.0439789702,
        "eps": 0.23,
        "epsdiluted": 0.2,
        "weightedAverageShsOut": 232750000,
        "weightedAverageShsOutDil": 259326000,
        "link": "https://www.sec.gov/Archives/edgar/data/908255/000095012310011337/0000950123-10-011337-index.htm",
        "finalLink": "https://www.sec.gov/Archives/edgar/data/908255/000095012310011337/c54822e10vk.htm"
    },
    {
        "date": "2009-09-30",
        "symbol": "BWA",
        "reportedCurrency": "USD",
        "cik": "0000908255",
        "fillingDate": "2009-10-28",
        "acceptedDate": "2009-10-28 11:07:47",
        "calendarYear": "2009",
        "period": "Q3",
        "revenue": 1027800000,
        "costOfRevenue": 876000000,
        "grossProfit": 151800000,
        "grossProfitRatio": 0.1476941039,
        "researchAndDevelopmentExpenses": 0,
        "generalAndAdministrativeExpenses": 0,
        "sellingAndMarketingExpenses": 0,
        "sellingGeneralAndAdministrativeExpenses": 125900000,
        "otherExpenses": -1600000,
        "operatingExpenses": 124300000,
        "costAndExpenses": 1000300000,
        "interestIncome": 500000,
        "interestExpense": 13000000,
        "depreciationAndAmortization": 66000000,
        "ebitda": 100500000,
        "ebitdaratio": 0.0977816696,
        "operatingIncome": 27500000,
        "operatingIncomeRatio": 0.0267561782,
        "totalOtherIncomeExpensesNet": -6000000,
        "incomeBeforeTax": 21500000,
        "incomeBeforeTaxRatio": 0.0209184666,
        "incomeTaxExpense": 1500000,
        "netIncome": 17200000,
        "netIncomeRatio": 0.0167347733,
        "eps": 0.075,
        "epsdiluted": 0.075,
        "weightedAverageShsOut": 233458000,
        "weightedAverageShsOutDil": 234990000,
        "link": "https://www.sec.gov/Archives/edgar/data/908255/000095012309053981/0000950123-09-053981-index.htm",
        "finalLink": "https://www.sec.gov/Archives/edgar/data/908255/000095012309053981/c52993e10vq.htm"
    },
    {
        "date": "2009-06-30",
        "symbol": "BWA",
        "reportedCurrency": "USD",
        "cik": "0000908255",
        "fillingDate": "2009-07-29",
        "acceptedDate": "2009-07-29 16:27:36",
        "calendarYear": "2009",
        "period": "Q2",
        "revenue": 916200000,
        "costOfRevenue": 800000000,
        "grossProfit": 116200000,
        "grossProfitRatio": 0.1268282034,
        "researchAndDevelopmentExpenses": 0,
        "generalAndAdministrativeExpenses": 0,
        "sellingAndMarketingExpenses": 0,
        "sellingGeneralAndAdministrativeExpenses": 115400000,
        "otherExpenses": 0,
        "operatingExpenses": 115400000,
        "costAndExpenses": 915400000,
        "interestIncome": 700000,
        "interestExpense": 9000000,
        "depreciationAndAmortization": 62900000,
        "ebitda": 18900000,
        "ebitdaratio": 0.0206286837,
        "operatingIncome": -49500000,
        "operatingIncomeRatio": -0.0540275049,
        "totalOtherIncomeExpensesNet": -3500000,
        "incomeBeforeTax": -53000000,
        "incomeBeforeTaxRatio": -0.0578476315,
        "incomeTaxExpense": -19100000,
        "netIncome": -35900000,
        "netIncomeRatio": -0.0391835844,
        "eps": -0.15,
        "epsdiluted": -0.15,
        "weightedAverageShsOut": 233128000,
        "weightedAverageShsOutDil": 233128000,
        "link": "https://www.sec.gov/Archives/edgar/data/908255/000095012309027003/0000950123-09-027003-index.htm",
        "finalLink": "https://www.sec.gov/Archives/edgar/data/908255/000095012309027003/c52544e10vq.htm"
    },
    {
        "date": "2009-03-31",
        "symbol": "BWA",
        "reportedCurrency": "USD",
        "cik": "0000908255",
        "fillingDate": "2009-04-30",
        "acceptedDate": "2009-04-30 14:45:28",
        "calendarYear": "2009",
        "period": "Q1",
        "revenue": 819500000,
        "costOfRevenue": 739900000,
        "grossProfit": 79600000,
        "grossProfitRatio": 0.0971323978,
        "researchAndDevelopmentExpenses": 0,
        "generalAndAdministrativeExpenses": 0,
        "sellingAndMarketingExpenses": 0,
        "sellingGeneralAndAdministrativeExpenses": 74100000,
        "otherExpenses": 0,
        "operatingExpenses": 74100000,
        "costAndExpenses": 814000000,
        "interestIncome": 500000,
        "interestExpense": 19100000,
        "depreciationAndAmortization": 63100000,
        "ebitda": 69300000,
        "ebitdaratio": 0.0845637584,
        "operatingIncome": 5500000,
        "operatingIncomeRatio": 0.0067114094,
        "totalOtherIncomeExpensesNet": -18400000,
        "incomeBeforeTax": -12900000,
        "incomeBeforeTaxRatio": -0.0157413057,
        "incomeTaxExpense": -6600000,
        "netIncome": -7000000,
        "netIncomeRatio": -0.0085417938,
        "eps": -0.0302,
        "epsdiluted": -0.0302,
        "weightedAverageShsOut": 232058000,
        "weightedAverageShsOutDil": 232058000,
        "link": "https://www.sec.gov/Archives/edgar/data/908255/000095013709003432/0000950137-09-003432-index.htm",
        "finalLink": "https://www.sec.gov/Archives/edgar/data/908255/000095013709003432/c50890e10vq.htm"
    },
    {
        "date": "2008-12-31",
        "symbol": "BWA",
        "reportedCurrency": "USD",
        "cik": "0000908255",
        "fillingDate": "2009-02-12",
        "acceptedDate": "2009-02-12 14:29:59",
        "calendarYear": "2008",
        "period": "Q4",
        "revenue": 931500000,
        "costOfRevenue": 857600000,
        "grossProfit": 73900000,
        "grossProfitRatio": 0.0793344069,
        "researchAndDevelopmentExpenses": 0,
        "generalAndAdministrativeExpenses": 0,
        "sellingAndMarketingExpenses": 0,
        "sellingGeneralAndAdministrativeExpenses": 92500000,
        "otherExpenses": 10500000,
        "operatingExpenses": 103000000,
        "costAndExpenses": 960600000,
        "interestIncome": 0,
        "interestExpense": 0,
        "depreciationAndAmortization": 63400000,
        "ebitda": 34300000,
        "ebitdaratio": 0.0368223296,
        "operatingIncome": -131600000,
        "operatingIncomeRatio": -0.1412775094,
        "totalOtherIncomeExpensesNet": -2100000,
        "incomeBeforeTax": -133700000,
        "incomeBeforeTaxRatio": -0.1435319377,
        "incomeTaxExpense": -54400000,
        "netIncome": -81400000,
        "netIncomeRatio": -0.0873859367,
        "eps": -0.35,
        "epsdiluted": -0.35,
        "weightedAverageShsOut": 231066000,
        "weightedAverageShsOutDil": 232058000,
        "link": "https://www.sec.gov/Archives/edgar/data/908255/000095013709001021/0000950137-09-001021-index.htm",
        "finalLink": "https://www.sec.gov/Archives/edgar/data/908255/000095013709001021/c49098e10vk.htm"
    },
    {
        "date": "2008-09-30",
        "symbol": "BWA",
        "reportedCurrency": "USD",
        "cik": "0000908255",
        "fillingDate": "2008-10-29",
        "acceptedDate": "2008-10-29 17:30:35",
        "calendarYear": "2008",
        "period": "Q3",
        "revenue": 1316900000,
        "costOfRevenue": 1114600000,
        "grossProfit": 202300000,
        "grossProfitRatio": 0.1536183461,
        "researchAndDevelopmentExpenses": 0,
        "generalAndAdministrativeExpenses": 0,
        "sellingAndMarketingExpenses": 0,
        "sellingGeneralAndAdministrativeExpenses": 134800000,
        "otherExpenses": 144200000,
        "operatingExpenses": 279000000,
        "costAndExpenses": 1393600000,
        "interestIncome": 2200000,
        "interestExpense": 11200000,
        "depreciationAndAmortization": 70200000,
        "ebitda": -22300000,
        "ebitdaratio": -0.016933708,
        "operatingIncome": -101700000,
        "operatingIncomeRatio": -0.0772268206,
        "totalOtherIncomeExpensesNet": 200000,
        "incomeBeforeTax": -103700000,
        "incomeBeforeTaxRatio": -0.0787455388,
        "incomeTaxExpense": 24300000,
        "netIncome": -130400000,
        "netIncomeRatio": -0.0990204268,
        "eps": -0.56,
        "epsdiluted": -0.56,
        "weightedAverageShsOut": 231998000,
        "weightedAverageShsOutDil": 231998000,
        "link": "https://www.sec.gov/Archives/edgar/data/908255/000095013708013304/0000950137-08-013304-index.htm",
        "finalLink": "https://www.sec.gov/Archives/edgar/data/908255/000095013708013304/c47244e10vq.htm"
    },
    {
        "date": "2008-06-30",
        "symbol": "BWA",
        "reportedCurrency": "USD",
        "cik": "0000908255",
        "fillingDate": "2008-07-31",
        "acceptedDate": "2008-07-31 12:31:25",
        "calendarYear": "2008",
        "period": "Q2",
        "revenue": 1516600000,
        "costOfRevenue": 1237800000,
        "grossProfit": 278800000,
        "grossProfitRatio": 0.1838322564,
        "researchAndDevelopmentExpenses": 0,
        "generalAndAdministrativeExpenses": 0,
        "sellingAndMarketingExpenses": 0,
        "sellingGeneralAndAdministrativeExpenses": 159900000,
        "otherExpenses": -2100000,
        "operatingExpenses": 157800000,
        "costAndExpenses": 1395600000,
        "interestIncome": 2300000,
        "interestExpense": 10800000,
        "depreciationAndAmortization": 81000000,
        "ebitda": 213900000,
        "ebitdaratio": 0.1410391666,
        "operatingIncome": 121000000,
        "operatingIncomeRatio": 0.0797837268,
        "totalOtherIncomeExpensesNet": 3400000,
        "incomeBeforeTax": 122100000,
        "incomeBeforeTaxRatio": 0.0805090334,
        "incomeTaxExpense": 29800000,
        "netIncome": 87500000,
        "netIncomeRatio": 0.0576948437,
        "eps": 0.38,
        "epsdiluted": 0.37,
        "weightedAverageShsOut": 232500000,
        "weightedAverageShsOutDil": 236764000,
        "link": "https://www.sec.gov/Archives/edgar/data/908255/000090825508000067/0000908255-08-000067-index.htm",
        "finalLink": "https://www.sec.gov/Archives/edgar/data/908255/000090825508000067/q1063008.htm"
    },
    {
        "date": "2008-03-31",
        "symbol": "BWA",
        "reportedCurrency": "USD",
        "cik": "0000908255",
        "fillingDate": "2008-05-02",
        "acceptedDate": "2008-05-02 12:00:11",
        "calendarYear": "2008",
        "period": "Q1",
        "revenue": 1498900000,
        "costOfRevenue": 1215400000,
        "grossProfit": 283500000,
        "grossProfitRatio": 0.1891387017,
        "researchAndDevelopmentExpenses": 0,
        "generalAndAdministrativeExpenses": 0,
        "sellingAndMarketingExpenses": 0,
        "sellingGeneralAndAdministrativeExpenses": 155700000,
        "otherExpenses": 1100000,
        "operatingExpenses": 156800000,
        "costAndExpenses": 1372200000,
        "interestIncome": 1900000,
        "interestExpense": 6500000,
        "depreciationAndAmortization": 72200000,
        "ebitda": 208000000,
        "ebitdaratio": 0.1387684302,
        "operatingIncome": 126700000,
        "operatingIncomeRatio": 0.0845286543,
        "totalOtherIncomeExpensesNet": 4500000,
        "incomeBeforeTax": 129300000,
        "incomeBeforeTaxRatio": 0.0862632597,
        "incomeTaxExpense": 33600000,
        "netIncome": 88700000,
        "netIncomeRatio": 0.0591767296,
        "eps": 0.38,
        "epsdiluted": 0.38,
        "weightedAverageShsOut": 232494000,
        "weightedAverageShsOutDil": 236932000,
        "link": "https://www.sec.gov/Archives/edgar/data/908255/000090825508000047/0000908255-08-000047-index.htm",
        "finalLink": "https://www.sec.gov/Archives/edgar/data/908255/000090825508000047/q10033108.htm"
    },
    {
        "date": "2007-12-31",
        "symbol": "BWA",
        "reportedCurrency": "USD",
        "cik": "0000908255",
        "fillingDate": "2008-02-14",
        "acceptedDate": "2008-02-14 16:57:56",
        "calendarYear": "2007",
        "period": "Q4",
        "revenue": 1372900000,
        "costOfRevenue": 1115200000,
        "grossProfit": 257700000,
        "grossProfitRatio": 0.1877048583,
        "researchAndDevelopmentExpenses": 0,
        "generalAndAdministrativeExpenses": 0,
        "sellingAndMarketingExpenses": 0,
        "sellingGeneralAndAdministrativeExpenses": 135900000,
        "otherExpenses": -1200000,
        "operatingExpenses": 134700000,
        "costAndExpenses": 1249900000,
        "interestIncome": 0,
        "interestExpense": 0,
        "depreciationAndAmortization": 74700000,
        "ebitda": 197700000,
        "ebitdaratio": 0.1440017481,
        "operatingIncome": 123000000,
        "operatingIncomeRatio": 0.0895913759,
        "totalOtherIncomeExpensesNet": 4300000,
        "incomeBeforeTax": 127300000,
        "incomeBeforeTaxRatio": 0.0927234322,
        "incomeTaxExpense": 48100000,
        "netIncome": 71200000,
        "netIncomeRatio": 0.0518610241,
        "eps": 0.31,
        "epsdiluted": 0.3,
        "weightedAverageShsOut": 232494000,
        "weightedAverageShsOutDil": 236932000,
        "link": "https://www.sec.gov/Archives/edgar/data/908255/000090825508000021/0000908255-08-000021-index.htm",
        "finalLink": "https://www.sec.gov/Archives/edgar/data/908255/000090825508000021/form10k.htm"
    },
    {
        "date": "2007-09-30",
        "symbol": "BWA",
        "reportedCurrency": "USD",
        "cik": "0000908255",
        "fillingDate": "2007-10-25",
        "acceptedDate": "2007-10-25 14:50:17",
        "calendarYear": "2007",
        "period": "Q3",
        "revenue": 1313600000,
        "costOfRevenue": 1084900000,
        "grossProfit": 228700000,
        "grossProfitRatio": 0.1741017052,
        "researchAndDevelopmentExpenses": 0,
        "generalAndAdministrativeExpenses": 0,
        "sellingAndMarketingExpenses": 0,
        "sellingGeneralAndAdministrativeExpenses": 134100000,
        "otherExpenses": -3700000,
        "operatingExpenses": 130400000,
        "costAndExpenses": 1215300000,
        "interestIncome": 0,
        "interestExpense": 8400000,
        "depreciationAndAmortization": 63800000,
        "ebitda": 98300000,
        "ebitdaratio": 0.0748325213,
        "operatingIncome": 98300000,
        "operatingIncomeRatio": 0.0748325213,
        "totalOtherIncomeExpensesNet": -4200000,
        "incomeBeforeTax": 99800000,
        "incomeBeforeTaxRatio": 0.0759744214,
        "incomeTaxExpense": 10900000,
        "netIncome": 83200000,
        "netIncomeRatio": 0.0633373934,
        "eps": 0.36,
        "epsdiluted": 0.35,
        "weightedAverageShsOut": 231996000,
        "weightedAverageShsOutDil": 236108000,
        "link": "https://www.sec.gov/Archives/edgar/data/908255/000095013707015989/0000950137-07-015989-index.htm",
        "finalLink": "https://www.sec.gov/Archives/edgar/data/908255/000095013707015989/c19277e10vq.htm"
    },
    {
        "date": "2007-06-30",
        "symbol": "BWA",
        "reportedCurrency": "USD",
        "cik": "0000908255",
        "fillingDate": "2007-07-26",
        "acceptedDate": "2007-07-26 14:52:53",
        "calendarYear": "2007",
        "period": "Q2",
        "revenue": 1364300000,
        "costOfRevenue": 1116700000,
        "grossProfit": 247600000,
        "grossProfitRatio": 0.1814850106,
        "researchAndDevelopmentExpenses": 0,
        "generalAndAdministrativeExpenses": 0,
        "sellingAndMarketingExpenses": 0,
        "sellingGeneralAndAdministrativeExpenses": 135200000,
        "otherExpenses": -1200000,
        "operatingExpenses": 134000000,
        "costAndExpenses": 1250700000,
        "interestIncome": 0,
        "interestExpense": 9300000,
        "depreciationAndAmortization": 61800000,
        "ebitda": 113600000,
        "ebitdaratio": 0.0832661438,
        "operatingIncome": 113600000,
        "operatingIncomeRatio": 0.0832661438,
        "totalOtherIncomeExpensesNet": -7400000,
        "incomeBeforeTax": 106200000,
        "incomeBeforeTaxRatio": 0.0778421168,
        "incomeTaxExpense": 30500000,
        "netIncome": 75700000,
        "netIncomeRatio": 0.05548633,
        "eps": 0.33,
        "epsdiluted": 0.32,
        "weightedAverageShsOut": 232200000,
        "weightedAverageShsOutDil": 235632000,
        "link": "https://www.sec.gov/Archives/edgar/data/908255/000090825507000077/0000908255-07-000077-index.htm",
        "finalLink": "https://www.sec.gov/Archives/edgar/data/908255/000090825507000077/q63007.htm"
    },
    {
        "date": "2007-03-31",
        "symbol": "BWA",
        "reportedCurrency": "USD",
        "cik": "0000908255",
        "fillingDate": "2007-04-26",
        "acceptedDate": "2007-04-26 15:43:35",
        "calendarYear": "2007",
        "period": "Q1",
        "revenue": 1277800000,
        "costOfRevenue": 1061900000,
        "grossProfit": 215900000,
        "grossProfitRatio": 0.1689622789,
        "researchAndDevelopmentExpenses": 0,
        "generalAndAdministrativeExpenses": 0,
        "sellingAndMarketingExpenses": 0,
        "sellingGeneralAndAdministrativeExpenses": 126700000,
        "otherExpenses": -700000,
        "operatingExpenses": 126000000,
        "costAndExpenses": 1187900000,
        "interestIncome": 0,
        "interestExpense": 8900000,
        "depreciationAndAmortization": 64300000,
        "ebitda": 89900000,
        "ebitdaratio": 0.0703552982,
        "operatingIncome": 89900000,
        "operatingIncomeRatio": 0.0703552982,
        "totalOtherIncomeExpensesNet": -7100000,
        "incomeBeforeTax": 90200000,
        "incomeBeforeTaxRatio": 0.0705900767,
        "incomeTaxExpense": 24400000,
        "netIncome": 58400000,
        "netIncomeRatio": 0.045703553,
        "eps": 0.25,
        "epsdiluted": 0.25,
        "weightedAverageShsOut": 231664000,
        "weightedAverageShsOutDil": 234476000,
        "link": "https://www.sec.gov/Archives/edgar/data/908255/000090825507000065/0000908255-07-000065-index.htm",
        "finalLink": "https://www.sec.gov/Archives/edgar/data/908255/000090825507000065/testq.htm"
    },
    {
        "date": "2006-12-31",
        "symbol": "BWA",
        "reportedCurrency": "USD",
        "cik": "0000908255",
        "fillingDate": "2007-02-16",
        "acceptedDate": "2007-02-16 17:11:49",
        "calendarYear": "2006",
        "period": "Q4",
        "revenue": 1201700000,
        "costOfRevenue": 989500000,
        "grossProfit": 212200000,
        "grossProfitRatio": 0.1765831738,
        "researchAndDevelopmentExpenses": 0,
        "generalAndAdministrativeExpenses": 0,
        "sellingAndMarketingExpenses": 0,
        "sellingGeneralAndAdministrativeExpenses": 127500000,
        "otherExpenses": -1700000,
        "operatingExpenses": 125800000,
        "costAndExpenses": 1115300000,
        "interestIncome": 0,
        "interestExpense": 0,
        "depreciationAndAmortization": 72900000,
        "ebitda": 159300000,
        "ebitdaratio": 0.1325622035,
        "operatingIncome": 12200000,
        "operatingIncomeRatio": 0.0101522843,
        "totalOtherIncomeExpensesNet": -1800000,
        "incomeBeforeTax": 10400000,
        "incomeBeforeTaxRatio": 0.0086544063,
        "incomeTaxExpense": -37800000,
        "netIncome": 40900000,
        "netIncomeRatio": 0.0340351169,
        "eps": 0.18,
        "epsdiluted": 0.17,
        "weightedAverageShsOut": 231664000,
        "weightedAverageShsOutDil": 234476000,
        "link": "https://www.sec.gov/Archives/edgar/data/908255/000095013707002405/0000950137-07-002405-index.htm",
        "finalLink": "https://www.sec.gov/Archives/edgar/data/908255/000095013707002405/c12236e10vk.htm"
    },
    {
        "date": "2006-09-30",
        "symbol": "BWA",
        "reportedCurrency": "USD",
        "cik": "0000908255",
        "fillingDate": "2006-10-27",
        "acceptedDate": "2006-10-27 16:13:10",
        "calendarYear": "2006",
        "period": "Q3",
        "revenue": 1059800000,
        "costOfRevenue": 876500000,
        "grossProfit": 183300000,
        "grossProfitRatio": 0.1729571617,
        "researchAndDevelopmentExpenses": 0,
        "generalAndAdministrativeExpenses": 0,
        "sellingAndMarketingExpenses": 0,
        "sellingGeneralAndAdministrativeExpenses": 116800000,
        "otherExpenses": -5600000,
        "operatingExpenses": 111200000,
        "costAndExpenses": 987700000,
        "interestIncome": 0,
        "interestExpense": 9500000,
        "depreciationAndAmortization": 59600000,
        "ebitda": 131700000,
        "ebitdaratio": 0.1242687299,
        "operatingIncome": 60600000,
        "operatingIncomeRatio": 0.0571806001,
        "totalOtherIncomeExpensesNet": -1700000,
        "incomeBeforeTax": 58900000,
        "incomeBeforeTaxRatio": 0.0555765239,
        "incomeTaxExpense": 13900000,
        "netIncome": 39200000,
        "netIncomeRatio": 0.036988111,
        "eps": 0.17,
        "epsdiluted": 0.17,
        "weightedAverageShsOut": 229836000,
        "weightedAverageShsOutDil": 231960000,
        "link": "https://www.sec.gov/Archives/edgar/data/908255/000095013706011533/0000950137-06-011533-index.htm",
        "finalLink": "https://www.sec.gov/Archives/edgar/data/908255/000095013706011533/c09326e10vq.htm"
    },
    {
        "date": "2006-06-30",
        "symbol": "BWA",
        "reportedCurrency": "USD",
        "cik": "0000908255",
        "fillingDate": "2006-07-27",
        "acceptedDate": "2006-07-27 15:55:07",
        "calendarYear": "2006",
        "period": "Q2",
        "revenue": 1168700000,
        "costOfRevenue": 937600000,
        "grossProfit": 231100000,
        "grossProfitRatio": 0.1977410798,
        "researchAndDevelopmentExpenses": 0,
        "generalAndAdministrativeExpenses": 0,
        "sellingAndMarketingExpenses": 0,
        "sellingGeneralAndAdministrativeExpenses": 124300000,
        "otherExpenses": -700000,
        "operatingExpenses": 123600000,
        "costAndExpenses": 1061200000,
        "interestIncome": 0,
        "interestExpense": 9900000,
        "depreciationAndAmortization": 63000000,
        "ebitda": 107500000,
        "ebitdaratio": 0.0919825447,
        "operatingIncome": 107500000,
        "operatingIncomeRatio": 0.0919825447,
        "totalOtherIncomeExpensesNet": -1400000,
        "incomeBeforeTax": 106100000,
        "incomeBeforeTaxRatio": 0.0907846325,
        "incomeTaxExpense": 29700000,
        "netIncome": 70200000,
        "netIncomeRatio": 0.0600667408,
        "eps": 0.31,
        "epsdiluted": 0.3,
        "weightedAverageShsOut": 229312000,
        "weightedAverageShsOutDil": 231992000,
        "link": "https://www.sec.gov/Archives/edgar/data/908255/000095013706008178/0000950137-06-008178-index.htm",
        "finalLink": "https://www.sec.gov/Archives/edgar/data/908255/000095013706008178/c07084e10vq.htm"
    },
    {
        "date": "2006-03-31",
        "symbol": "BWA",
        "reportedCurrency": "USD",
        "cik": "0000908255",
        "fillingDate": "2006-04-27",
        "acceptedDate": "2006-04-27 16:11:12",
        "calendarYear": "2006",
        "period": "Q1",
        "revenue": 1155200000,
        "costOfRevenue": 928800000,
        "grossProfit": 226400000,
        "grossProfitRatio": 0.1959833795,
        "researchAndDevelopmentExpenses": 0,
        "generalAndAdministrativeExpenses": 0,
        "sellingAndMarketingExpenses": 0,
        "sellingGeneralAndAdministrativeExpenses": 132600000,
        "otherExpenses": -500000,
        "operatingExpenses": 132100000,
        "costAndExpenses": 1060900000,
        "interestIncome": 0,
        "interestExpense": 9400000,
        "depreciationAndAmortization": 61100000,
        "ebitda": 94300000,
        "ebitdaratio": 0.0816308864,
        "operatingIncome": 94300000,
        "operatingIncomeRatio": 0.0816308864,
        "totalOtherIncomeExpensesNet": -6400000,
        "incomeBeforeTax": 94900000,
        "incomeBeforeTaxRatio": 0.082150277,
        "incomeTaxExpense": 26600000,
        "netIncome": 61300000,
        "netIncomeRatio": 0.0530644044,
        "eps": 0.27,
        "epsdiluted": 0.27,
        "weightedAverageShsOut": 228724000,
        "weightedAverageShsOutDil": 231032000,
        "link": "https://www.sec.gov/Archives/edgar/data/908255/000095013706005056/0000950137-06-005056-index.htm",
        "finalLink": "https://www.sec.gov/Archives/edgar/data/908255/000095013706005056/c04608e10vq.htm"
    },
    {
        "date": "2005-12-31",
        "symbol": "BWA",
        "reportedCurrency": "USD",
        "cik": "0000908255",
        "fillingDate": "2006-02-17",
        "acceptedDate": "2006-02-17 17:22:16",
        "calendarYear": "2005",
        "period": "Q4",
        "revenue": 1048000000,
        "costOfRevenue": 848500000,
        "grossProfit": 199500000,
        "grossProfitRatio": 0.1903625954,
        "researchAndDevelopmentExpenses": 0,
        "generalAndAdministrativeExpenses": 0,
        "sellingAndMarketingExpenses": 0,
        "sellingGeneralAndAdministrativeExpenses": 110100000,
        "otherExpenses": -900000,
        "operatingExpenses": 109200000,
        "costAndExpenses": 957700000,
        "interestIncome": 0,
        "interestExpense": 0,
        "depreciationAndAmortization": 62700000,
        "ebitda": 153000000,
        "ebitdaratio": 0.1459923664,
        "operatingIncome": 90300000,
        "operatingIncomeRatio": 0.0861641221,
        "totalOtherIncomeExpensesNet": 2200000,
        "incomeBeforeTax": 92500000,
        "incomeBeforeTaxRatio": 0.0882633588,
        "incomeTaxExpense": 23100000,
        "netIncome": 64600000,
        "netIncomeRatio": 0.0616412214,
        "eps": 0.28,
        "epsdiluted": 0.28,
        "weightedAverageShsOut": 228724000,
        "weightedAverageShsOutDil": 231032000,
        "link": "https://www.sec.gov/Archives/edgar/data/908255/000095013706002007/0000950137-06-002007-index.htm",
        "finalLink": "https://www.sec.gov/Archives/edgar/data/908255/000095013706002007/c02047e10vk.htm"
    },
    {
        "date": "2005-09-30",
        "symbol": "BWA",
        "reportedCurrency": "USD",
        "cik": "0000908255",
        "fillingDate": "2005-10-26",
        "acceptedDate": "2005-10-26 17:16:19",
        "calendarYear": "2005",
        "period": "Q3",
        "revenue": 1050900000,
        "costOfRevenue": 842700000,
        "grossProfit": 208200000,
        "grossProfitRatio": 0.1981159007,
        "researchAndDevelopmentExpenses": 0,
        "generalAndAdministrativeExpenses": 0,
        "sellingAndMarketingExpenses": 0,
        "sellingGeneralAndAdministrativeExpenses": 120000000,
        "otherExpenses": -2300000,
        "operatingExpenses": 117700000,
        "costAndExpenses": 960400000,
        "interestIncome": 0,
        "interestExpense": 0,
        "depreciationAndAmortization": 62200000,
        "ebitda": 90500000,
        "ebitdaratio": 0.0861166619,
        "operatingIncome": 90500000,
        "operatingIncomeRatio": 0.0861166619,
        "totalOtherIncomeExpensesNet": -3900000,
        "incomeBeforeTax": 86600000,
        "incomeBeforeTaxRatio": 0.0824055571,
        "incomeTaxExpense": 19600000,
        "netIncome": 61400000,
        "netIncomeRatio": 0.058426111,
        "eps": 0.27,
        "epsdiluted": 0.27,
        "weightedAverageShsOut": 227244000,
        "weightedAverageShsOutDil": 229932000,
        "link": "https://www.sec.gov/Archives/edgar/data/908255/000095013705012919/0000950137-05-012919-index.htm",
        "finalLink": "https://www.sec.gov/Archives/edgar/data/908255/000095013705012919/c99246e10vq.htm"
    },
    {
        "date": "2005-06-30",
        "symbol": "BWA",
        "reportedCurrency": "USD",
        "cik": "0000908255",
        "fillingDate": "2005-07-29",
        "acceptedDate": "2005-07-29 17:22:29",
        "calendarYear": "2005",
        "period": "Q2",
        "revenue": 1111400000,
        "costOfRevenue": 878900000,
        "grossProfit": 232500000,
        "grossProfitRatio": 0.2091956091,
        "researchAndDevelopmentExpenses": 0,
        "generalAndAdministrativeExpenses": 0,
        "sellingAndMarketingExpenses": 0,
        "sellingGeneralAndAdministrativeExpenses": 130900000,
        "otherExpenses": 43000000,
        "operatingExpenses": 173900000,
        "costAndExpenses": 1052800000,
        "interestIncome": 0,
        "interestExpense": 0,
        "depreciationAndAmortization": 67100000,
        "ebitda": 125800000,
        "ebitdaratio": 0.1131905705,
        "operatingIncome": 58600000,
        "operatingIncomeRatio": 0.0527262912,
        "totalOtherIncomeExpensesNet": -1900000,
        "incomeBeforeTax": 56800000,
        "incomeBeforeTaxRatio": 0.0511067123,
        "incomeTaxExpense": 12800000,
        "netIncome": 35900000,
        "netIncomeRatio": 0.0323016016,
        "eps": 0.16,
        "epsdiluted": 0.16,
        "weightedAverageShsOut": 226024000,
        "weightedAverageShsOutDil": 228668000,
        "link": "https://www.sec.gov/Archives/edgar/data/908255/000095013705009307/0000950137-05-009307-index.htm",
        "finalLink": "https://www.sec.gov/Archives/edgar/data/908255/000095013705009307/borgwarner10q.htm"
    },
    {
        "date": "2005-03-31",
        "symbol": "BWA",
        "reportedCurrency": "USD",
        "cik": "0000908255",
        "fillingDate": "2005-05-10",
        "acceptedDate": "2005-05-09 18:58:50",
        "calendarYear": "2005",
        "period": "Q1",
        "revenue": 1083500000,
        "costOfRevenue": 869800000,
        "grossProfit": 213700000,
        "grossProfitRatio": 0.1972311952,
        "researchAndDevelopmentExpenses": 0,
        "generalAndAdministrativeExpenses": 0,
        "sellingAndMarketingExpenses": 0,
        "sellingGeneralAndAdministrativeExpenses": 134200000,
        "otherExpenses": -4100000,
        "operatingExpenses": 130100000,
        "costAndExpenses": 999900000,
        "interestIncome": 0,
        "interestExpense": 9300000,
        "depreciationAndAmortization": 63500000,
        "ebitda": 83600000,
        "ebitdaratio": 0.0771573604,
        "operatingIncome": 83600000,
        "operatingIncomeRatio": 0.0771573604,
        "totalOtherIncomeExpensesNet": -5300000,
        "incomeBeforeTax": 78300000,
        "incomeBeforeTaxRatio": 0.0722658053,
        "incomeTaxExpense": -300000,
        "netIncome": 77600000,
        "netIncomeRatio": 0.0716197508,
        "eps": 0.35,
        "epsdiluted": 0.34,
        "weightedAverageShsOut": 225704000,
        "weightedAverageShsOutDil": 228612000,
        "link": "https://www.sec.gov/Archives/edgar/data/908255/000095013705005593/0000950137-05-005593-index.htm",
        "finalLink": "https://www.sec.gov/Archives/edgar/data/908255/000095013705005593/c95112e10vq.htm"
    },
    {
        "date": "2004-12-31",
        "symbol": "BWA",
        "reportedCurrency": "USD",
        "cik": "0000908255",
        "fillingDate": "2005-03-15",
        "acceptedDate": "2005-03-15 12:28:44",
        "calendarYear": "2004",
        "period": "Q4",
        "revenue": 889200000,
        "costOfRevenue": 725500000,
        "grossProfit": 163700000,
        "grossProfitRatio": 0.1840980657,
        "researchAndDevelopmentExpenses": 0,
        "generalAndAdministrativeExpenses": 0,
        "sellingAndMarketingExpenses": 0,
        "sellingGeneralAndAdministrativeExpenses": 79100000,
        "otherExpenses": 2600000,
        "operatingExpenses": 81700000,
        "costAndExpenses": 807200000,
        "interestIncome": 0,
        "interestExpense": 0,
        "depreciationAndAmortization": 46700000,
        "ebitda": 128700000,
        "ebitdaratio": 0.1447368421,
        "operatingIncome": 82000000,
        "operatingIncomeRatio": 0.0922177238,
        "totalOtherIncomeExpensesNet": 1000000,
        "incomeBeforeTax": 83000000,
        "incomeBeforeTaxRatio": 0.0933423302,
        "incomeTaxExpense": 13500000,
        "netIncome": 67700000,
        "netIncomeRatio": 0.0761358525,
        "eps": 0.3,
        "epsdiluted": 0.3,
        "weightedAverageShsOut": 225704000,
        "weightedAverageShsOutDil": 228612000,
        "link": "https://www.sec.gov/Archives/edgar/data/908255/000095013705003025/0000950137-05-003025-index.htm",
        "finalLink": "https://www.sec.gov/Archives/edgar/data/908255/000095013705003025/c92839e10vk.htm"
    },
    {
        "date": "2004-09-30",
        "symbol": "BWA",
        "reportedCurrency": "USD",
        "cik": "0000908255",
        "fillingDate": "2004-11-09",
        "acceptedDate": "2004-11-09 11:03:51",
        "calendarYear": "2004",
        "period": "Q3",
        "revenue": 839800000,
        "costOfRevenue": 694700000,
        "grossProfit": 145100000,
        "grossProfitRatio": 0.1727792332,
        "researchAndDevelopmentExpenses": 0,
        "generalAndAdministrativeExpenses": 0,
        "sellingAndMarketingExpenses": 0,
        "sellingGeneralAndAdministrativeExpenses": 77400000,
        "otherExpenses": -500000,
        "operatingExpenses": 76900000,
        "costAndExpenses": 771600000,
        "interestIncome": 0,
        "interestExpense": 0,
        "depreciationAndAmortization": 43100000,
        "ebitda": 111300000,
        "ebitdaratio": 0.1325315551,
        "operatingIncome": 68200000,
        "operatingIncomeRatio": 0.0812098119,
        "totalOtherIncomeExpensesNet": -1300000,
        "incomeBeforeTax": 66900000,
        "incomeBeforeTaxRatio": 0.0796618242,
        "incomeTaxExpense": 20100000,
        "netIncome": 44800000,
        "netIncomeRatio": 0.0533460348,
        "eps": 0.2,
        "epsdiluted": 0.2,
        "weightedAverageShsOut": 224100000,
        "weightedAverageShsOutDil": 226600000,
        "link": "https://www.sec.gov/Archives/edgar/data/908255/000090825504000102/0000908255-04-000102-index.htm",
        "finalLink": "https://www.sec.gov/Archives/edgar/data/908255/000090825504000102/cascii.txt"
    },
    {
        "date": "2004-06-30",
        "symbol": "BWA",
        "reportedCurrency": "USD",
        "cik": "0000908255",
        "fillingDate": "2004-08-06",
        "acceptedDate": "2004-08-06 16:24:22",
        "calendarYear": "2004",
        "period": "Q2",
        "revenue": 893200000,
        "costOfRevenue": 723400000,
        "grossProfit": 169800000,
        "grossProfitRatio": 0.1901030004,
        "researchAndDevelopmentExpenses": 0,
        "generalAndAdministrativeExpenses": 0,
        "sellingAndMarketingExpenses": 0,
        "sellingGeneralAndAdministrativeExpenses": 87800000,
        "otherExpenses": 600000,
        "operatingExpenses": 88400000,
        "costAndExpenses": 811800000,
        "interestIncome": 0,
        "interestExpense": 0,
        "depreciationAndAmortization": 43700000,
        "ebitda": 125100000,
        "ebitdaratio": 0.1400582176,
        "operatingIncome": 81400000,
        "operatingIncomeRatio": 0.0911330049,
        "totalOtherIncomeExpensesNet": 700000,
        "incomeBeforeTax": 82100000,
        "incomeBeforeTaxRatio": 0.091916704,
        "incomeTaxExpense": 24600000,
        "netIncome": 54700000,
        "netIncomeRatio": 0.0612404837,
        "eps": 0.25,
        "epsdiluted": 0.24,
        "weightedAverageShsOut": 223064000,
        "weightedAverageShsOutDil": 225532000,
        "link": "https://www.sec.gov/Archives/edgar/data/908255/000090825504000063/0000908255-04-000063-index.htm",
        "finalLink": "https://www.sec.gov/Archives/edgar/data/908255/000090825504000063/qdrft.txt"
    },
    {
        "date": "2004-03-31",
        "symbol": "BWA",
        "reportedCurrency": "USD",
        "cik": "0000908255",
        "fillingDate": "2004-05-07",
        "acceptedDate": "2004-05-07 11:26:27",
        "calendarYear": "2004",
        "period": "Q1",
        "revenue": 903100000,
        "costOfRevenue": 730500000,
        "grossProfit": 172600000,
        "grossProfitRatio": 0.1911194774,
        "researchAndDevelopmentExpenses": 0,
        "generalAndAdministrativeExpenses": 0,
        "sellingAndMarketingExpenses": 0,
        "sellingGeneralAndAdministrativeExpenses": 94700000,
        "otherExpenses": 300000,
        "operatingExpenses": 95000000,
        "costAndExpenses": 825500000,
        "interestIncome": 0,
        "interestExpense": 0,
        "depreciationAndAmortization": 43500000,
        "ebitda": 121100000,
        "ebitdaratio": 0.1340936773,
        "operatingIncome": 77600000,
        "operatingIncomeRatio": 0.085926254,
        "totalOtherIncomeExpensesNet": -1000000,
        "incomeBeforeTax": 76600000,
        "incomeBeforeTaxRatio": 0.0848189569,
        "incomeTaxExpense": 22900000,
        "netIncome": 51100000,
        "netIncomeRatio": 0.0565828812,
        "eps": 0.23,
        "epsdiluted": 0.23,
        "weightedAverageShsOut": 221776000,
        "weightedAverageShsOutDil": 224176000,
        "link": "https://www.sec.gov/Archives/edgar/data/908255/000090825504000035/0000908255-04-000035-index.htm",
        "finalLink": "https://www.sec.gov/Archives/edgar/data/908255/000090825504000035/qskip.txt"
    },
    {
        "date": "2003-12-31",
        "symbol": "BWA",
        "reportedCurrency": "USD",
        "cik": "0000908255",
        "fillingDate": "2004-03-12",
        "acceptedDate": "2004-03-12 16:18:00",
        "calendarYear": "2003",
        "period": "Q4",
        "revenue": 798800000,
        "costOfRevenue": 639700000,
        "grossProfit": 159100000,
        "grossProfitRatio": 0.1991737606,
        "researchAndDevelopmentExpenses": 0,
        "generalAndAdministrativeExpenses": 0,
        "sellingAndMarketingExpenses": 0,
        "sellingGeneralAndAdministrativeExpenses": 83500000,
        "otherExpenses": -300000,
        "operatingExpenses": 83200000,
        "costAndExpenses": 722900000,
        "interestIncome": 0,
        "interestExpense": 0,
        "depreciationAndAmortization": 45200000,
        "ebitda": 121100000,
        "ebitdaratio": 0.1516024036,
        "operatingIncome": 75900000,
        "operatingIncomeRatio": 0.0950175263,
        "totalOtherIncomeExpensesNet": -2700000,
        "incomeBeforeTax": 73200000,
        "incomeBeforeTaxRatio": 0.0916374562,
        "incomeTaxExpense": 20900000,
        "netIncome": 50000000,
        "netIncomeRatio": 0.0625938908,
        "eps": 0.23,
        "epsdiluted": 0.22,
        "weightedAverageShsOut": 221776000,
        "weightedAverageShsOutDil": 224176000,
        "link": "https://www.sec.gov/Archives/edgar/data/908255/000095013704001801/0000950137-04-001801-index.htm",
        "finalLink": "https://www.sec.gov/Archives/edgar/data/908255/000095013704001801/c82811e10vk.htm"
    },
    {
        "date": "2003-09-30",
        "symbol": "BWA",
        "reportedCurrency": "USD",
        "cik": "0000908255",
        "fillingDate": "2003-11-13",
        "acceptedDate": "2003-11-13 14:35:58",
        "calendarYear": "2003",
        "period": "Q3",
        "revenue": 725200000,
        "costOfRevenue": 595900000,
        "grossProfit": 129300000,
        "grossProfitRatio": 0.1782956426,
        "researchAndDevelopmentExpenses": 0,
        "generalAndAdministrativeExpenses": 0,
        "sellingAndMarketingExpenses": 0,
        "sellingGeneralAndAdministrativeExpenses": 72700000,
        "otherExpenses": 100000,
        "operatingExpenses": 72800000,
        "costAndExpenses": 668700000,
        "interestIncome": 0,
        "interestExpense": 0,
        "depreciationAndAmortization": 40200000,
        "ebitda": 96700000,
        "ebitdaratio": 0.1333425262,
        "operatingIncome": 56500000,
        "operatingIncomeRatio": 0.0779095422,
        "totalOtherIncomeExpensesNet": -4500000,
        "incomeBeforeTax": 52000000,
        "incomeBeforeTaxRatio": 0.0717043574,
        "incomeTaxExpense": 14200000,
        "netIncome": 35900000,
        "netIncomeRatio": 0.0495035852,
        "eps": 0.17,
        "epsdiluted": 0.16,
        "weightedAverageShsOut": 217976000,
        "weightedAverageShsOutDil": 220256000,
        "link": "https://www.sec.gov/Archives/edgar/data/908255/000090825503000072/0000908255-03-000072-index.htm",
        "finalLink": "https://www.sec.gov/Archives/edgar/data/908255/000090825503000072/q903.txt"
    },
    {
        "date": "2003-06-30",
        "symbol": "BWA",
        "reportedCurrency": "USD",
        "cik": "0000908255",
        "fillingDate": "2003-08-13",
        "acceptedDate": "2003-08-13 12:24:59",
        "calendarYear": "2003",
        "period": "Q2",
        "revenue": 769500000,
        "costOfRevenue": 622800000,
        "grossProfit": 146700000,
        "grossProfitRatio": 0.1906432749,
        "researchAndDevelopmentExpenses": 0,
        "generalAndAdministrativeExpenses": 0,
        "sellingAndMarketingExpenses": 0,
        "sellingGeneralAndAdministrativeExpenses": 77000000,
        "otherExpenses": 100000,
        "operatingExpenses": 77100000,
        "costAndExpenses": 699900000,
        "interestIncome": 0,
        "interestExpense": 0,
        "depreciationAndAmortization": 38400000,
        "ebitda": 108000000,
        "ebitdaratio": 0.1403508772,
        "operatingIncome": 69600000,
        "operatingIncomeRatio": 0.0904483431,
        "totalOtherIncomeExpensesNet": -3500000,
        "incomeBeforeTax": 66100000,
        "incomeBeforeTaxRatio": 0.085899935,
        "incomeTaxExpense": 19200000,
        "netIncome": 44800000,
        "netIncomeRatio": 0.0582196231,
        "eps": 0.21,
        "epsdiluted": 0.21,
        "weightedAverageShsOut": 214680000,
        "weightedAverageShsOutDil": 216864000,
        "link": "https://www.sec.gov/Archives/edgar/data/908255/000090825503000066/0000908255-03-000066-index.htm",
        "finalLink": "https://www.sec.gov/Archives/edgar/data/908255/000090825503000066/q0603.txt"
    },
    {
        "date": "2003-03-31",
        "symbol": "BWA",
        "reportedCurrency": "USD",
        "cik": "0000908255",
        "fillingDate": "2003-03-31",
        "acceptedDate": "2003-03-30 19:00:00",
        "calendarYear": "2003",
        "period": "Q1",
        "revenue": 775700000,
        "costOfRevenue": 624200000,
        "grossProfit": 151500000,
        "grossProfitRatio": 0.1953074642,
        "researchAndDevelopmentExpenses": 0,
        "generalAndAdministrativeExpenses": 0,
        "sellingAndMarketingExpenses": 0,
        "sellingGeneralAndAdministrativeExpenses": 83600000,
        "otherExpenses": 0,
        "operatingExpenses": 83600000,
        "costAndExpenses": 707800000,
        "interestIncome": 0,
        "interestExpense": 0,
        "depreciationAndAmortization": 37500000,
        "ebitda": 105400000,
        "ebitdaratio": 0.1358772721,
        "operatingIncome": 67900000,
        "operatingIncomeRatio": 0.0875338404,
        "totalOtherIncomeExpensesNet": -2600000,
        "incomeBeforeTax": 65300000,
        "incomeBeforeTaxRatio": 0.0841820291,
        "incomeTaxExpense": 18900000,
        "netIncome": 44200000,
        "netIncomeRatio": 0.0569807915,
        "eps": 0.21,
        "epsdiluted": 0.21,
        "weightedAverageShsOut": 213176000,
        "weightedAverageShsOutDil": 214376000,
        "link": "",
        "finalLink": ""
    },
    {
        "date": "2002-12-31",
        "symbol": "BWA",
        "reportedCurrency": "USD",
        "cik": "0000908255",
        "fillingDate": "2003-03-21",
        "acceptedDate": "2003-03-21 12:44:55",
        "calendarYear": "2002",
        "period": "Q4",
        "revenue": 700800000,
        "costOfRevenue": 554900000,
        "grossProfit": 145900000,
        "grossProfitRatio": 0.2081906393,
        "researchAndDevelopmentExpenses": 0,
        "generalAndAdministrativeExpenses": 0,
        "sellingAndMarketingExpenses": 0,
        "sellingGeneralAndAdministrativeExpenses": 79200000,
        "otherExpenses": -300000,
        "operatingExpenses": 78900000,
        "costAndExpenses": 633800000,
        "interestIncome": 0,
        "interestExpense": 0,
        "depreciationAndAmortization": 35400000,
        "ebitda": 102400000,
        "ebitdaratio": 0.1461187215,
        "operatingIncome": 67000000,
        "operatingIncomeRatio": 0.0956050228,
        "totalOtherIncomeExpensesNet": -3400000,
        "incomeBeforeTax": 63600000,
        "incomeBeforeTaxRatio": 0.0907534247,
        "incomeTaxExpense": 21000000,
        "netIncome": 40800000,
        "netIncomeRatio": 0.0582191781,
        "eps": 0.19,
        "epsdiluted": 0.19,
        "weightedAverageShsOut": 213176000,
        "weightedAverageShsOutDil": 214376000,
        "link": "https://www.sec.gov/Archives/edgar/data/908255/000095013703001615/0000950137-03-001615-index.htm",
        "finalLink": "https://www.sec.gov/Archives/edgar/data/908255/000095013703001615/c75405e10vk.htm"
    },
    {
        "date": "2002-09-30",
        "symbol": "BWA",
        "reportedCurrency": "USD",
        "cik": "0000908255",
        "fillingDate": "2002-11-14",
        "acceptedDate": "2002-11-13 18:49:35",
        "calendarYear": "2002",
        "period": "Q3",
        "revenue": 684000000,
        "costOfRevenue": 556100000,
        "grossProfit": 127900000,
        "grossProfitRatio": 0.1869883041,
        "researchAndDevelopmentExpenses": 0,
        "generalAndAdministrativeExpenses": 0,
        "sellingAndMarketingExpenses": 0,
        "sellingGeneralAndAdministrativeExpenses": 73200000,
        "otherExpenses": -200000,
        "operatingExpenses": 73000000,
        "costAndExpenses": 629100000,
        "interestIncome": 0,
        "interestExpense": 0,
        "depreciationAndAmortization": 34100000,
        "ebitda": 89000000,
        "ebitdaratio": 0.1301169591,
        "operatingIncome": 54900000,
        "operatingIncomeRatio": 0.0802631579,
        "totalOtherIncomeExpensesNet": -4800000,
        "incomeBeforeTax": 50100000,
        "incomeBeforeTaxRatio": 0.073245614,
        "incomeTaxExpense": 16400000,
        "netIncome": 31900000,
        "netIncomeRatio": 0.0466374269,
        "eps": 0.15,
        "epsdiluted": 0.15,
        "weightedAverageShsOut": 214048000,
        "weightedAverageShsOutDil": 215912000,
        "link": "https://www.sec.gov/Archives/edgar/data/908255/000090825502000068/0000908255-02-000068-index.htm",
        "finalLink": "https://www.sec.gov/Archives/edgar/data/908255/000090825502000068/q902.txt"
    },
    {
        "date": "2002-06-30",
        "symbol": "BWA",
        "reportedCurrency": "USD",
        "cik": "0000908255",
        "fillingDate": "2002-08-14",
        "acceptedDate": "2002-08-14 13:48:29",
        "calendarYear": "2002",
        "period": "Q2",
        "revenue": 712400000,
        "costOfRevenue": 538000000,
        "grossProfit": 174400000,
        "grossProfitRatio": 0.2448062886,
        "researchAndDevelopmentExpenses": 0,
        "generalAndAdministrativeExpenses": 0,
        "sellingAndMarketingExpenses": 0,
        "sellingGeneralAndAdministrativeExpenses": 72700000,
        "otherExpenses": 27200000,
        "operatingExpenses": 99900000,
        "costAndExpenses": 637900000,
        "interestIncome": 0,
        "interestExpense": 0,
        "depreciationAndAmortization": 40900000,
        "ebitda": 115400000,
        "ebitdaratio": 0.1619876474,
        "operatingIncome": 74500000,
        "operatingIncomeRatio": 0.1045760809,
        "totalOtherIncomeExpensesNet": -5200000,
        "incomeBeforeTax": 69300000,
        "incomeBeforeTaxRatio": 0.0972768108,
        "incomeTaxExpense": 23600000,
        "netIncome": 45700000,
        "netIncomeRatio": 0.0641493543,
        "eps": 0.22,
        "epsdiluted": 0.21,
        "weightedAverageShsOut": 212944000,
        "weightedAverageShsOutDil": 215344000,
        "link": "https://www.sec.gov/Archives/edgar/data/908255/000090825502000059/0000908255-02-000059-index.htm",
        "finalLink": "https://www.sec.gov/Archives/edgar/data/908255/000090825502000059/q63002.txt"
    },
    {
        "date": "2002-03-31",
        "symbol": "BWA",
        "reportedCurrency": "USD",
        "cik": "0000908255",
        "fillingDate": "2002-05-14",
        "acceptedDate": "2002-05-14 15:38:28",
        "calendarYear": "2002",
        "period": "Q1",
        "revenue": 634000000,
        "costOfRevenue": 481000000,
        "grossProfit": 153000000,
        "grossProfitRatio": 0.2413249211,
        "researchAndDevelopmentExpenses": 0,
        "generalAndAdministrativeExpenses": 0,
        "sellingAndMarketingExpenses": 0,
        "sellingGeneralAndAdministrativeExpenses": 71000000,
        "otherExpenses": 27000000,
        "operatingExpenses": 98000000,
        "costAndExpenses": 579000000,
        "interestIncome": 0,
        "interestExpense": 0,
        "depreciationAndAmortization": 27000000,
        "ebitda": 82000000,
        "ebitdaratio": 0.1293375394,
        "operatingIncome": 55000000,
        "operatingIncomeRatio": 0.0867507886,
        "totalOtherIncomeExpensesNet": -6000000,
        "incomeBeforeTax": 49000000,
        "incomeBeforeTaxRatio": 0.0772870662,
        "incomeTaxExpense": 16000000,
        "netIncome": -237000000,
        "netIncomeRatio": -0.3738170347,
        "eps": -1.12,
        "epsdiluted": -1.11,
        "weightedAverageShsOut": 211888000,
        "weightedAverageShsOutDil": 213576000,
        "link": "https://www.sec.gov/Archives/edgar/data/908255/000090825502000046/0000908255-02-000046-index.htm",
        "finalLink": "https://www.sec.gov/Archives/edgar/data/908255/000090825502000046/q302.txt"
    },
    {
        "date": "2001-12-31",
        "symbol": "BWA",
        "reportedCurrency": "USD",
        "cik": "0000908255",
        "fillingDate": "2002-03-25",
        "acceptedDate": "2002-03-25 00:00:00",
        "calendarYear": "2001",
        "period": "Q4",
        "revenue": 582800000,
        "costOfRevenue": 442700000,
        "grossProfit": 140100000,
        "grossProfitRatio": 0.2403912148,
        "researchAndDevelopmentExpenses": 0,
        "generalAndAdministrativeExpenses": 0,
        "sellingAndMarketingExpenses": 0,
        "sellingGeneralAndAdministrativeExpenses": 63900000,
        "otherExpenses": 36400000,
        "operatingExpenses": 100300000,
        "costAndExpenses": 543000000,
        "interestIncome": 0,
        "interestExpense": 0,
        "depreciationAndAmortization": -5600000,
        "ebitda": 76200000,
        "ebitdaratio": 0.1307481126,
        "operatingIncome": 11400000,
        "operatingIncomeRatio": 0.0195607412,
        "totalOtherIncomeExpensesNet": -7800000,
        "incomeBeforeTax": 3600000,
        "incomeBeforeTaxRatio": 0.0061770762,
        "incomeTaxExpense": 1400000,
        "netIncome": 2200000,
        "netIncomeRatio": 0.0037748799,
        "eps": 0.01,
        "epsdiluted": 0.01,
        "weightedAverageShsOut": 211888000,
        "weightedAverageShsOutDil": 213576000,
        "link": "https://www.sec.gov/Archives/edgar/data/908255/000090825502000040/0000908255-02-000040-index.htm",
        "finalLink": "https://www.sec.gov/Archives/edgar/data/908255/000090825502000040/tenk02.txt"
    },
    {
        "date": "2001-09-30",
        "symbol": "BWA",
        "reportedCurrency": "USD",
        "cik": "0000908255",
        "fillingDate": "2001-11-13",
        "acceptedDate": "2001-11-13 00:00:00",
        "calendarYear": "2001",
        "period": "Q3",
        "revenue": 559900000,
        "costOfRevenue": 429700000,
        "grossProfit": 130200000,
        "grossProfitRatio": 0.2325415253,
        "researchAndDevelopmentExpenses": 0,
        "generalAndAdministrativeExpenses": 0,
        "sellingAndMarketingExpenses": 0,
        "sellingGeneralAndAdministrativeExpenses": 55500000,
        "otherExpenses": 35900000,
        "operatingExpenses": 91400000,
        "costAndExpenses": 521100000,
        "interestIncome": 0,
        "interestExpense": 0,
        "depreciationAndAmortization": 36100000,
        "ebitda": 74900000,
        "ebitdaratio": 0.1337738882,
        "operatingIncome": 38800000,
        "operatingIncomeRatio": 0.0692980889,
        "totalOtherIncomeExpensesNet": -9500000,
        "incomeBeforeTax": 29300000,
        "incomeBeforeTaxRatio": 0.0523307734,
        "incomeTaxExpense": 10900000,
        "netIncome": 18400000,
        "netIncomeRatio": 0.0328630113,
        "eps": 0.0875,
        "epsdiluted": 0.0875,
        "weightedAverageShsOut": 210720000,
        "weightedAverageShsOutDil": 211968000,
        "link": "https://www.sec.gov/Archives/edgar/data/908255/000095013701504537/0000950137-01-504537-index.htm",
        "finalLink": "https://www.sec.gov/Archives/edgar/data/908255/000095013701504537/c66038e10-q.txt"
    },
    {
        "date": "2001-06-30",
        "symbol": "BWA",
        "reportedCurrency": "USD",
        "cik": "0000908255",
        "fillingDate": "2001-08-14",
        "acceptedDate": "2001-08-14 00:00:00",
        "calendarYear": "2001",
        "period": "Q2",
        "revenue": 602000000,
        "costOfRevenue": 458400000,
        "grossProfit": 143600000,
        "grossProfitRatio": 0.238538206,
        "researchAndDevelopmentExpenses": 0,
        "generalAndAdministrativeExpenses": 0,
        "sellingAndMarketingExpenses": 0,
        "sellingGeneralAndAdministrativeExpenses": 59300000,
        "otherExpenses": 36000000,
        "operatingExpenses": 95300000,
        "costAndExpenses": 553700000,
        "interestIncome": 0,
        "interestExpense": 0,
        "depreciationAndAmortization": 36100000,
        "ebitda": 84400000,
        "ebitdaratio": 0.1401993355,
        "operatingIncome": 48300000,
        "operatingIncomeRatio": 0.0802325581,
        "totalOtherIncomeExpensesNet": -8500000,
        "incomeBeforeTax": 39800000,
        "incomeBeforeTaxRatio": 0.0661129568,
        "incomeTaxExpense": 15100000,
        "netIncome": 24700000,
        "netIncomeRatio": 0.0410299003,
        "eps": 0.12,
        "epsdiluted": 0.12,
        "weightedAverageShsOut": 210472000,
        "weightedAverageShsOutDil": 211656000,
        "link": "https://www.sec.gov/Archives/edgar/data/908255/000090825501500050/0000908255-01-500050-index.htm",
        "finalLink": "https://www.sec.gov/Archives/edgar/data/908255/000090825501500050/aq.txt"
    },
    {
        "date": "2001-03-31",
        "symbol": "BWA",
        "reportedCurrency": "USD",
        "cik": "0000908255",
        "fillingDate": "2001-05-14",
        "acceptedDate": "2001-05-14 00:00:00",
        "calendarYear": "2001",
        "period": "Q1",
        "revenue": 606800000,
        "costOfRevenue": 471100000,
        "grossProfit": 135700000,
        "grossProfitRatio": 0.2236321688,
        "researchAndDevelopmentExpenses": 0,
        "generalAndAdministrativeExpenses": 0,
        "sellingAndMarketingExpenses": 0,
        "sellingGeneralAndAdministrativeExpenses": 55600000,
        "otherExpenses": 37600000,
        "operatingExpenses": 93200000,
        "costAndExpenses": 564300000,
        "interestIncome": 0,
        "interestExpense": 0,
        "depreciationAndAmortization": 37600000,
        "ebitda": 80100000,
        "ebitdaratio": 0.1320039552,
        "operatingIncome": 42500000,
        "operatingIncomeRatio": 0.0700395517,
        "totalOtherIncomeExpensesNet": -9000000,
        "incomeBeforeTax": 33500000,
        "incomeBeforeTaxRatio": 0.0552076467,
        "incomeTaxExpense": 12400000,
        "netIncome": 21100000,
        "netIncomeRatio": 0.0347725775,
        "eps": 0.1,
        "epsdiluted": 0.1,
        "weightedAverageShsOut": 210048000,
        "weightedAverageShsOutDil": 211072000,
        "link": "https://www.sec.gov/Archives/edgar/data/908255/000095013701501485/0000950137-01-501485-index.htm",
        "finalLink": "https://www.sec.gov/Archives/edgar/data/908255/000095013701501485/c62430e10-q.txt"
    },
    {
        "date": "2000-12-31",
        "symbol": "BWA",
        "reportedCurrency": "USD",
        "cik": "0000908255",
        "fillingDate": "2001-03-23",
        "acceptedDate": "2001-03-23 00:00:00",
        "calendarYear": "2000",
        "period": "Q4",
        "revenue": 596300000,
        "costOfRevenue": 448500000,
        "grossProfit": 147800000,
        "grossProfitRatio": 0.2478618145,
        "researchAndDevelopmentExpenses": 0,
        "generalAndAdministrativeExpenses": 0,
        "sellingAndMarketingExpenses": 0,
        "sellingGeneralAndAdministrativeExpenses": 65300000,
        "otherExpenses": 35800000,
        "operatingExpenses": 101100000,
        "costAndExpenses": 549600000,
        "interestIncome": 0,
        "interestExpense": 0,
        "depreciationAndAmortization": 35800000,
        "ebitda": 82500000,
        "ebitdaratio": 0.1383531779,
        "operatingIncome": 46700000,
        "operatingIncomeRatio": 0.0783162837,
        "totalOtherIncomeExpensesNet": -34500000,
        "incomeBeforeTax": 12200000,
        "incomeBeforeTaxRatio": 0.0204595003,
        "incomeTaxExpense": 4500000,
        "netIncome": 7700000,
        "netIncomeRatio": 0.0129129633,
        "eps": 0.037,
        "epsdiluted": 0.036,
        "weightedAverageShsOut": 210048000,
        "weightedAverageShsOutDil": 211072000,
        "link": "https://www.sec.gov/Archives/edgar/data/908255/000090825501500033/0000908255-01-500033-index.htm",
        "finalLink": "https://www.sec.gov/Archives/edgar/data/908255/000090825501500033/annrep36.htm"
    },
    {
        "date": "2000-09-30",
        "symbol": "BWA",
        "reportedCurrency": "USD",
        "cik": "0000908255",
        "fillingDate": "2000-11-14",
        "acceptedDate": "2000-11-14 00:00:00",
        "calendarYear": "2000",
        "period": "Q3",
        "revenue": 618500000,
        "costOfRevenue": 473100000,
        "grossProfit": 145400000,
        "grossProfitRatio": 0.2350848828,
        "researchAndDevelopmentExpenses": 0,
        "generalAndAdministrativeExpenses": 0,
        "sellingAndMarketingExpenses": 0,
        "sellingGeneralAndAdministrativeExpenses": 57500000,
        "otherExpenses": 36000000,
        "operatingExpenses": 93500000,
        "costAndExpenses": 566600000,
        "interestIncome": 0,
        "interestExpense": 0,
        "depreciationAndAmortization": 35900000,
        "ebitda": 87900000,
        "ebitdaratio": 0.1421180275,
        "operatingIncome": 51900000,
        "operatingIncomeRatio": 0.083912692,
        "totalOtherIncomeExpensesNet": -45000000,
        "incomeBeforeTax": 6900000,
        "incomeBeforeTaxRatio": 0.0111560226,
        "incomeTaxExpense": 1600000,
        "netIncome": 5300000,
        "netIncomeRatio": 0.0085691188,
        "eps": 0.025,
        "epsdiluted": 0.025,
        "weightedAverageShsOut": 209680000,
        "weightedAverageShsOutDil": 210376000,
        "link": "https://www.sec.gov/Archives/edgar/data/908255/000090825500000070/0000908255-00-000070-index.htm",
        "finalLink": "https://www.sec.gov/Archives/edgar/data/908255/000090825500000070/0000908255-00-000070-0001.txt"
    },
    {
        "date": "2000-06-30",
        "symbol": "BWA",
        "reportedCurrency": "USD",
        "cik": "0000908255",
        "fillingDate": "2000-08-14",
        "acceptedDate": "2000-08-14 00:00:00",
        "calendarYear": "2000",
        "period": "Q2",
        "revenue": 700900000,
        "costOfRevenue": 542000000,
        "grossProfit": 158900000,
        "grossProfitRatio": 0.2267085176,
        "researchAndDevelopmentExpenses": 0,
        "generalAndAdministrativeExpenses": 0,
        "sellingAndMarketingExpenses": 0,
        "sellingGeneralAndAdministrativeExpenses": 57800000,
        "otherExpenses": 25900000,
        "operatingExpenses": 83700000,
        "costAndExpenses": 625700000,
        "interestIncome": 0,
        "interestExpense": 0,
        "depreciationAndAmortization": 36600000,
        "ebitda": 111800000,
        "ebitdaratio": 0.1595092025,
        "operatingIncome": 75200000,
        "operatingIncomeRatio": 0.1072906263,
        "totalOtherIncomeExpensesNet": -11600000,
        "incomeBeforeTax": 63600000,
        "incomeBeforeTaxRatio": 0.0907404765,
        "incomeTaxExpense": 23500000,
        "netIncome": 40100000,
        "netIncomeRatio": 0.0572121558,
        "eps": 0.19,
        "epsdiluted": 0.19,
        "weightedAverageShsOut": 211464000,
        "weightedAverageShsOutDil": 212360000,
        "link": "https://www.sec.gov/Archives/edgar/data/908255/000090825500000066/0000908255-00-000066-index.htm",
        "finalLink": "https://www.sec.gov/Archives/edgar/data/908255/000090825500000066/0000908255-00-000066-0001.txt"
    },
    {
        "date": "2000-03-31",
        "symbol": "BWA",
        "reportedCurrency": "USD",
        "cik": "0000908255",
        "fillingDate": "2000-05-15",
        "acceptedDate": "2000-05-15 00:00:00",
        "calendarYear": "2000",
        "period": "Q1",
        "revenue": 730200000,
        "costOfRevenue": 550300000,
        "grossProfit": 179900000,
        "grossProfitRatio": 0.2463708573,
        "researchAndDevelopmentExpenses": 0,
        "generalAndAdministrativeExpenses": 0,
        "sellingAndMarketingExpenses": 0,
        "sellingGeneralAndAdministrativeExpenses": 63500000,
        "otherExpenses": 37200000,
        "operatingExpenses": 100700000,
        "costAndExpenses": 651000000,
        "interestIncome": 0,
        "interestExpense": 0,
        "depreciationAndAmortization": 37200000,
        "ebitda": 116400000,
        "ebitdaratio": 0.1594083813,
        "operatingIncome": 79200000,
        "operatingIncomeRatio": 0.1084634347,
        "totalOtherIncomeExpensesNet": -13100000,
        "incomeBeforeTax": 66100000,
        "incomeBeforeTaxRatio": 0.0905231443,
        "incomeTaxExpense": 25100000,
        "netIncome": 41000000,
        "netIncomeRatio": 0.0561490003,
        "eps": 0.19,
        "epsdiluted": 0.19,
        "weightedAverageShsOut": 213472000,
        "weightedAverageShsOutDil": 214176000,
        "link": "https://www.sec.gov/Archives/edgar/data/908255/000090825500000064/0000908255-00-000064-index.html",
        "finalLink": "https://www.sec.gov/Archives/edgar/data/908255/000090825500000064/"
    },
    {
        "date": "1999-12-31",
        "symbol": "BWA",
        "reportedCurrency": "USD",
        "cik": "0000908255",
        "fillingDate": "2000-03-22",
        "acceptedDate": "2000-03-22 00:00:00",
        "calendarYear": "1999",
        "period": "Q4",
        "revenue": 676800000,
        "costOfRevenue": 513800000,
        "grossProfit": 163000000,
        "grossProfitRatio": 0.2408392435,
        "researchAndDevelopmentExpenses": 0,
        "generalAndAdministrativeExpenses": 0,
        "sellingAndMarketingExpenses": 0,
        "sellingGeneralAndAdministrativeExpenses": 56400000,
        "otherExpenses": 36400000,
        "operatingExpenses": 92800000,
        "costAndExpenses": 606600000,
        "interestIncome": 0,
        "interestExpense": 0,
        "depreciationAndAmortization": 36400000,
        "ebitda": 106600000,
        "ebitdaratio": 0.1575059102,
        "operatingIncome": 70200000,
        "operatingIncomeRatio": 0.1037234043,
        "totalOtherIncomeExpensesNet": -14500000,
        "incomeBeforeTax": 55700000,
        "incomeBeforeTaxRatio": 0.0822990544,
        "incomeTaxExpense": 19200000,
        "netIncome": 36500000,
        "netIncomeRatio": 0.05393026,
        "eps": 0.17,
        "epsdiluted": 0.17,
        "weightedAverageShsOut": 213472000,
        "weightedAverageShsOutDil": 214176000,
        "link": "https://www.sec.gov/Archives/edgar/data/908255/000090825500000051/0000908255-00-000051-index.html",
        "finalLink": "https://www.sec.gov/Archives/edgar/data/908255/000090825500000051/0000908255-00-000051-d1.html"
    },
    {
        "date": "1999-09-30",
        "symbol": "BWA",
        "reportedCurrency": "USD",
        "cik": "0000908255",
        "fillingDate": "1999-11-15",
        "acceptedDate": "1999-11-15 00:00:00",
        "calendarYear": "1999",
        "period": "Q3",
        "revenue": 589700000,
        "costOfRevenue": 458600000,
        "grossProfit": 131100000,
        "grossProfitRatio": 0.2223164321,
        "researchAndDevelopmentExpenses": 0,
        "generalAndAdministrativeExpenses": 0,
        "sellingAndMarketingExpenses": 0,
        "sellingGeneralAndAdministrativeExpenses": 51000000,
        "otherExpenses": 30300000,
        "operatingExpenses": 81300000,
        "costAndExpenses": 539900000,
        "interestIncome": 0,
        "interestExpense": 0,
        "depreciationAndAmortization": 30300000,
        "ebitda": 80100000,
        "ebitdaratio": 0.1358317789,
        "operatingIncome": 49800000,
        "operatingIncomeRatio": 0.0844497202,
        "totalOtherIncomeExpensesNet": -7000000,
        "incomeBeforeTax": 42800000,
        "incomeBeforeTaxRatio": 0.0725792776,
        "incomeTaxExpense": 15400000,
        "netIncome": 27400000,
        "netIncomeRatio": 0.0464643039,
        "eps": 0.13,
        "epsdiluted": 0.13,
        "weightedAverageShsOut": 212815534,
        "weightedAverageShsOutDil": 214901961,
        "link": "https://www.sec.gov/Archives/edgar/data/908255/000090825599000060/0000908255-99-000060-index.html",
        "finalLink": "https://www.sec.gov/Archives/edgar/data/908255/000090825599000060/"
    },
    {
        "date": "1999-06-30",
        "symbol": "BWA",
        "reportedCurrency": "USD",
        "cik": "0000908255",
        "fillingDate": "1999-08-10",
        "acceptedDate": "1999-08-10 00:00:00",
        "calendarYear": "1999",
        "period": "Q2",
        "revenue": 640800000,
        "costOfRevenue": 491700000,
        "grossProfit": 149100000,
        "grossProfitRatio": 0.2326779026,
        "researchAndDevelopmentExpenses": 0,
        "generalAndAdministrativeExpenses": 0,
        "sellingAndMarketingExpenses": 0,
        "sellingGeneralAndAdministrativeExpenses": 53500000,
        "otherExpenses": 30500000,
        "operatingExpenses": 84000000,
        "costAndExpenses": 575700000,
        "interestIncome": 0,
        "interestExpense": 0,
        "depreciationAndAmortization": 30500000,
        "ebitda": 95600000,
        "ebitdaratio": 0.1491885144,
        "operatingIncome": 65100000,
        "operatingIncomeRatio": 0.1015917603,
        "totalOtherIncomeExpensesNet": -8400000,
        "incomeBeforeTax": 56700000,
        "incomeBeforeTaxRatio": 0.0884831461,
        "incomeTaxExpense": 20400000,
        "netIncome": 36300000,
        "netIncomeRatio": 0.0566479401,
        "eps": 0.17,
        "epsdiluted": 0.17,
        "weightedAverageShsOut": 213529412,
        "weightedAverageShsOutDil": 215111111,
        "link": "https://www.sec.gov/Archives/edgar/data/908255/000090825599000043/0000908255-99-000043-index.html",
        "finalLink": "https://www.sec.gov/Archives/edgar/data/908255/000090825599000043/"
    },
    {
        "date": "1999-03-31",
        "symbol": "BWA",
        "reportedCurrency": "USD",
        "cik": "0000908255",
        "fillingDate": "1999-05-17",
        "acceptedDate": "1999-05-17 00:00:00",
        "calendarYear": "1999",
        "period": "Q1",
        "revenue": 551300000,
        "costOfRevenue": 424400000,
        "grossProfit": 126900000,
        "grossProfitRatio": 0.2301832033,
        "researchAndDevelopmentExpenses": 0,
        "generalAndAdministrativeExpenses": 0,
        "sellingAndMarketingExpenses": 0,
        "sellingGeneralAndAdministrativeExpenses": 42400000,
        "otherExpenses": 26200000,
        "operatingExpenses": 68600000,
        "costAndExpenses": 493000000,
        "interestIncome": 0,
        "interestExpense": 0,
        "depreciationAndAmortization": 26200000,
        "ebitda": 84500000,
        "ebitdaratio": 0.1532740794,
        "operatingIncome": 58300000,
        "operatingIncomeRatio": 0.1057500453,
        "totalOtherIncomeExpensesNet": -6500000,
        "incomeBeforeTax": 51800000,
        "incomeBeforeTaxRatio": 0.0939597315,
        "incomeTaxExpense": 19700000,
        "netIncome": 32100000,
        "netIncomeRatio": 0.0582260112,
        "eps": 0.17,
        "epsdiluted": 0.17,
        "weightedAverageShsOut": 193082707,
        "weightedAverageShsOutDil": 194545455,
        "link": "https://www.sec.gov/Archives/edgar/data/908255/000090825599000037/0000908255-99-000037-index.html",
        "finalLink": "https://www.sec.gov/Archives/edgar/data/908255/"
    },
    {
        "date": "1998-12-31",
        "symbol": "BWA",
        "reportedCurrency": "USD",
        "cik": "0000908255",
        "fillingDate": "1999-03-19",
        "acceptedDate": "1999-03-19 00:00:00",
        "calendarYear": "1998",
        "period": "Q4",
        "revenue": 489200000,
        "costOfRevenue": 392100000,
        "grossProfit": 97100000,
        "grossProfitRatio": 0.1984873262,
        "researchAndDevelopmentExpenses": 0,
        "generalAndAdministrativeExpenses": 0,
        "sellingAndMarketingExpenses": 0,
        "sellingGeneralAndAdministrativeExpenses": 22400000,
        "otherExpenses": 21400000,
        "operatingExpenses": 43800000,
        "costAndExpenses": 435900000,
        "interestIncome": 0,
        "interestExpense": 0,
        "depreciationAndAmortization": 21400000,
        "ebitda": 74700000,
        "ebitdaratio": 0.1526982829,
        "operatingIncome": 53300000,
        "operatingIncomeRatio": 0.1089533933,
        "totalOtherIncomeExpensesNet": -4600000,
        "incomeBeforeTax": 48700000,
        "incomeBeforeTaxRatio": 0.0995502862,
        "incomeTaxExpense": 16900000,
        "netIncome": 31800000,
        "netIncomeRatio": 0.0650040883,
        "eps": 0.16,
        "epsdiluted": 0.16,
        "weightedAverageShsOut": 193082707,
        "weightedAverageShsOutDil": 194545455,
        "link": "https://www.sec.gov/Archives/edgar/data/908255/000090825599000033/0000908255-99-000033-index.html",
        "finalLink": "https://www.sec.gov/Archives/edgar/data/908255/"
    },
    {
        "date": "1998-09-30",
        "symbol": "BWA",
        "reportedCurrency": "USD",
        "cik": "0000908255",
        "fillingDate": "1998-11-13",
        "acceptedDate": "1998-11-13 00:00:00",
        "calendarYear": "1998",
        "period": "Q3",
        "revenue": 431600000,
        "costOfRevenue": 337900000,
        "grossProfit": 93700000,
        "grossProfitRatio": 0.2170991659,
        "researchAndDevelopmentExpenses": 0,
        "generalAndAdministrativeExpenses": 0,
        "sellingAndMarketingExpenses": 0,
        "sellingGeneralAndAdministrativeExpenses": 36600000,
        "otherExpenses": 23200000,
        "operatingExpenses": 59800000,
        "costAndExpenses": 397700000,
        "interestIncome": 0,
        "interestExpense": 0,
        "depreciationAndAmortization": 23200000,
        "ebitda": 57100000,
        "ebitdaratio": 0.1322984245,
        "operatingIncome": 33900000,
        "operatingIncomeRatio": 0.078544949,
        "totalOtherIncomeExpensesNet": -8000000,
        "incomeBeforeTax": 25900000,
        "incomeBeforeTaxRatio": 0.0600092678,
        "incomeTaxExpense": 8600000,
        "netIncome": 17300000,
        "netIncomeRatio": 0.0400834106,
        "eps": 0.0925,
        "epsdiluted": 0.0913,
        "weightedAverageShsOut": 187027027,
        "weightedAverageShsOutDil": 189589041,
        "link": "https://www.sec.gov/Archives/edgar/data/908255/000090825598000113/0000908255-98-000113-index.html",
        "finalLink": "https://www.sec.gov/Archives/edgar/data/908255/"
    },
    {
        "date": "1998-06-30",
        "symbol": "BWA",
        "reportedCurrency": "USD",
        "cik": "0000908255",
        "fillingDate": "1998-08-14",
        "acceptedDate": "1998-08-14 00:00:00",
        "calendarYear": "1998",
        "period": "Q2",
        "revenue": 451300000,
        "costOfRevenue": 355300000,
        "grossProfit": 96000000,
        "grossProfitRatio": 0.2127188123,
        "researchAndDevelopmentExpenses": 0,
        "generalAndAdministrativeExpenses": 0,
        "sellingAndMarketingExpenses": 0,
        "sellingGeneralAndAdministrativeExpenses": 38600000,
        "otherExpenses": 23500000,
        "operatingExpenses": 62100000,
        "costAndExpenses": 417400000,
        "interestIncome": 0,
        "interestExpense": 0,
        "depreciationAndAmortization": 23500000,
        "ebitda": 57400000,
        "ebitdaratio": 0.1271881232,
        "operatingIncome": 33900000,
        "operatingIncomeRatio": 0.0751163306,
        "totalOtherIncomeExpensesNet": -4900000,
        "incomeBeforeTax": 29000000,
        "incomeBeforeTaxRatio": 0.0642588079,
        "incomeTaxExpense": 9400000,
        "netIncome": 19600000,
        "netIncomeRatio": 0.0434300908,
        "eps": 0.11,
        "epsdiluted": 0.1,
        "weightedAverageShsOut": 186666667,
        "weightedAverageShsOutDil": 188915663,
        "link": "https://www.sec.gov/Archives/edgar/data/908255/000090825598000097/0000908255-98-000097-index.html",
        "finalLink": "https://www.sec.gov/Archives/edgar/data/908255/"
    },
    {
        "date": "1998-03-31",
        "symbol": "BWA",
        "reportedCurrency": "USD",
        "cik": "0000908255",
        "fillingDate": "1998-05-15",
        "acceptedDate": "1998-05-15 00:00:00",
        "calendarYear": "1998",
        "period": "Q1",
        "revenue": 464700000,
        "costOfRevenue": 365400000,
        "grossProfit": 99300000,
        "grossProfitRatio": 0.2136862492,
        "researchAndDevelopmentExpenses": 0,
        "generalAndAdministrativeExpenses": 0,
        "sellingAndMarketingExpenses": 0,
        "sellingGeneralAndAdministrativeExpenses": 37500000,
        "otherExpenses": 23500000,
        "operatingExpenses": 61000000,
        "costAndExpenses": 426400000,
        "interestIncome": 0,
        "interestExpense": 0,
        "depreciationAndAmortization": 23500000,
        "ebitda": 61800000,
        "ebitdaratio": 0.1329890252,
        "operatingIncome": 38300000,
        "operatingIncomeRatio": 0.0824187648,
        "totalOtherIncomeExpensesNet": -1200000,
        "incomeBeforeTax": 37100000,
        "incomeBeforeTaxRatio": 0.0798364536,
        "incomeTaxExpense": 11100000,
        "netIncome": 26000000,
        "netIncomeRatio": 0.0559500753,
        "eps": 0.14,
        "epsdiluted": 0.14,
        "weightedAverageShsOut": 189090909,
        "weightedAverageShsOutDil": 190825688,
        "link": "https://www.sec.gov/Archives/edgar/data/908255/000090825598000075/0000908255-98-000075-index.html",
        "finalLink": "https://www.sec.gov/Archives/edgar/data/908255/"
    },
    {
        "date": "1997-12-31",
        "symbol": "BWA",
        "reportedCurrency": "USD",
        "cik": "0000908255",
        "fillingDate": "1998-03-20",
        "acceptedDate": "1998-03-20 00:00:00",
        "calendarYear": "1997",
        "period": "Q4",
        "revenue": 467000000,
        "costOfRevenue": 359100000,
        "grossProfit": 107900000,
        "grossProfitRatio": 0.2310492505,
        "researchAndDevelopmentExpenses": 0,
        "generalAndAdministrativeExpenses": 0,
        "sellingAndMarketingExpenses": 0,
        "sellingGeneralAndAdministrativeExpenses": 36500000,
        "otherExpenses": 23200000,
        "operatingExpenses": 59700000,
        "costAndExpenses": 418800000,
        "interestIncome": 0,
        "interestExpense": 0,
        "depreciationAndAmortization": 23200000,
        "ebitda": 71400000,
        "ebitdaratio": 0.1528907923,
        "operatingIncome": 48200000,
        "operatingIncomeRatio": 0.1032119914,
        "totalOtherIncomeExpensesNet": -5500000,
        "incomeBeforeTax": 42700000,
        "incomeBeforeTaxRatio": 0.0914346895,
        "incomeTaxExpense": 15500000,
        "netIncome": 27200000,
        "netIncomeRatio": 0.0582441113,
        "eps": 0.14,
        "epsdiluted": 0.14,
        "weightedAverageShsOut": 189090909,
        "weightedAverageShsOutDil": 190825688,
        "link": "https://www.sec.gov/Archives/edgar/data/908255/000090825598000056/0000908255-98-000056-index.html",
        "finalLink": "https://www.sec.gov/Archives/edgar/data/908255/"
    },
    {
        "date": "1997-09-30",
        "symbol": "BWA",
        "reportedCurrency": "USD",
        "cik": "0000908255",
        "fillingDate": "1997-11-12",
        "acceptedDate": "1997-11-12 00:00:00",
        "calendarYear": "1997",
        "period": "Q3",
        "revenue": 406800000,
        "costOfRevenue": 323700000,
        "grossProfit": 83100000,
        "grossProfitRatio": 0.2042772861,
        "researchAndDevelopmentExpenses": 0,
        "generalAndAdministrativeExpenses": 0,
        "sellingAndMarketingExpenses": 0,
        "sellingGeneralAndAdministrativeExpenses": 25500000,
        "otherExpenses": 21200000,
        "operatingExpenses": 46700000,
        "costAndExpenses": 370400000,
        "interestIncome": 0,
        "interestExpense": 0,
        "depreciationAndAmortization": 21200000,
        "ebitda": 57600000,
        "ebitdaratio": 0.1415929204,
        "operatingIncome": 36400000,
        "operatingIncomeRatio": 0.0894788594,
        "totalOtherIncomeExpensesNet": -3700000,
        "incomeBeforeTax": 32700000,
        "incomeBeforeTaxRatio": 0.0803834808,
        "incomeTaxExpense": 11100000,
        "netIncome": 21600000,
        "netIncomeRatio": 0.0530973451,
        "eps": 0.11,
        "epsdiluted": 0.11,
        "weightedAverageShsOut": 189890110,
        "weightedAverageShsOutDil": 192000000,
        "link": "https://www.sec.gov/Archives/edgar/data/908255/000090825597000038/0000908255-97-000038-index.html",
        "finalLink": "https://www.sec.gov/Archives/edgar/data/908255/"
    },
    {
        "date": "1997-06-30",
        "symbol": "BWA",
        "reportedCurrency": "USD",
        "cik": "0000908255",
        "fillingDate": "1997-08-11",
        "acceptedDate": "1997-08-11 00:00:00",
        "calendarYear": "1997",
        "period": "Q2",
        "revenue": 449700000,
        "costOfRevenue": 346900000,
        "grossProfit": 102800000,
        "grossProfitRatio": 0.2285968423,
        "researchAndDevelopmentExpenses": 0,
        "generalAndAdministrativeExpenses": 0,
        "sellingAndMarketingExpenses": 0,
        "sellingGeneralAndAdministrativeExpenses": 34000000,
        "otherExpenses": 21800000,
        "operatingExpenses": 55800000,
        "costAndExpenses": 402700000,
        "interestIncome": 0,
        "interestExpense": 0,
        "depreciationAndAmortization": 21800000,
        "ebitda": 68800000,
        "ebitdaratio": 0.1529908828,
        "operatingIncome": 47000000,
        "operatingIncomeRatio": 0.1045141205,
        "totalOtherIncomeExpensesNet": -2200000,
        "incomeBeforeTax": 44800000,
        "incomeBeforeTaxRatio": 0.0996219702,
        "incomeTaxExpense": 15200000,
        "netIncome": 29600000,
        "netIncomeRatio": 0.0658216589,
        "eps": 0.16,
        "epsdiluted": 0.15,
        "weightedAverageShsOut": 189440000,
        "weightedAverageShsOutDil": 192520325,
        "link": "https://www.sec.gov/Archives/edgar/data/908255/000090825597000023/0000908255-97-000023-index.html",
        "finalLink": "https://www.sec.gov/Archives/edgar/data/908255/"
    },
    {
        "date": "1997-03-31",
        "symbol": "BWA",
        "reportedCurrency": "USD",
        "cik": "0000908255",
        "fillingDate": "1997-05-12",
        "acceptedDate": "1997-05-12 00:00:00",
        "calendarYear": "1997",
        "period": "Q1",
        "revenue": 443500000,
        "costOfRevenue": 345700000,
        "grossProfit": 97800000,
        "grossProfitRatio": 0.220518602,
        "researchAndDevelopmentExpenses": 0,
        "generalAndAdministrativeExpenses": 0,
        "sellingAndMarketingExpenses": 0,
        "sellingGeneralAndAdministrativeExpenses": 36000000,
        "otherExpenses": 20900000,
        "operatingExpenses": 56900000,
        "costAndExpenses": 402600000,
        "interestIncome": 0,
        "interestExpense": 0,
        "depreciationAndAmortization": 20900000,
        "ebitda": 61800000,
        "ebitdaratio": 0.1393461105,
        "operatingIncome": 40900000,
        "operatingIncomeRatio": 0.0922209696,
        "totalOtherIncomeExpensesNet": -3200000,
        "incomeBeforeTax": 37700000,
        "incomeBeforeTaxRatio": 0.085005637,
        "incomeTaxExpense": 12900000,
        "netIncome": 24800000,
        "netIncomeRatio": 0.0559188275,
        "eps": 0.13,
        "epsdiluted": 0.13,
        "weightedAverageShsOut": 188952381,
        "weightedAverageShsOutDil": 190769231,
        "link": "https://www.sec.gov/Archives/edgar/data/908255/000090825597000009/0000908255-97-000009-index.html",
        "finalLink": "https://www.sec.gov/Archives/edgar/data/908255/"
    },
    {
        "date": "1996-12-31",
        "symbol": "BWA",
        "reportedCurrency": "USD",
        "cik": "0000908255",
        "fillingDate": "1997-03-21",
        "acceptedDate": "1997-03-21 00:00:00",
        "calendarYear": "1996",
        "period": "Q4",
        "revenue": 421700000,
        "costOfRevenue": 322400000,
        "grossProfit": 99300000,
        "grossProfitRatio": 0.2354754565,
        "researchAndDevelopmentExpenses": 0,
        "generalAndAdministrativeExpenses": 0,
        "sellingAndMarketingExpenses": 0,
        "sellingGeneralAndAdministrativeExpenses": 32900000,
        "otherExpenses": 21700000,
        "operatingExpenses": 54600000,
        "costAndExpenses": 377000000,
        "interestIncome": 0,
        "interestExpense": 0,
        "depreciationAndAmortization": 21700000,
        "ebitda": 66400000,
        "ebitdaratio": 0.1574579085,
        "operatingIncome": 44700000,
        "operatingIncomeRatio": 0.1059995257,
        "totalOtherIncomeExpensesNet": -69700000,
        "incomeBeforeTax": -25000000,
        "incomeBeforeTaxRatio": -0.0592838511,
        "incomeTaxExpense": -13900000,
        "netIncome": -11100000,
        "netIncomeRatio": -0.0263220299,
        "eps": -0.0587,
        "epsdiluted": -0.0582,
        "weightedAverageShsOut": 188952381,
        "weightedAverageShsOutDil": 190769231,
        "link": "https://www.sec.gov/Archives/edgar/data/908255/000090825597000006/0000908255-97-000006-index.html",
        "finalLink": "https://www.sec.gov/Archives/edgar/data/908255/"
    },
    {
        "date": "1996-09-30",
        "symbol": "BWA",
        "reportedCurrency": "USD",
        "cik": "0000908255",
        "fillingDate": "1996-11-14",
        "acceptedDate": "1996-11-14 00:00:00",
        "calendarYear": "1996",
        "period": "Q3",
        "revenue": 387700000,
        "costOfRevenue": 308100000,
        "grossProfit": 79600000,
        "grossProfitRatio": 0.2053133866,
        "researchAndDevelopmentExpenses": 0,
        "generalAndAdministrativeExpenses": 0,
        "sellingAndMarketingExpenses": 0,
        "sellingGeneralAndAdministrativeExpenses": 29800000,
        "otherExpenses": 21800000,
        "operatingExpenses": 51600000,
        "costAndExpenses": 359700000,
        "interestIncome": 0,
        "interestExpense": 0,
        "depreciationAndAmortization": 21800000,
        "ebitda": 49800000,
        "ebitdaratio": 0.1284498323,
        "operatingIncome": 28000000,
        "operatingIncomeRatio": 0.0722207893,
        "totalOtherIncomeExpensesNet": -1400000,
        "incomeBeforeTax": 26600000,
        "incomeBeforeTaxRatio": 0.0686097498,
        "incomeTaxExpense": 7800000,
        "netIncome": 18800000,
        "netIncomeRatio": 0.0484911014,
        "eps": 0.1,
        "epsdiluted": 0.0988,
        "weightedAverageShsOut": 188000000,
        "weightedAverageShsOutDil": 190379747,
        "link": "https://www.sec.gov/Archives/edgar/data/908255/000090825596000028/0000908255-96-000028-index.html",
        "finalLink": "https://www.sec.gov/Archives/edgar/data/908255/"
    },
    {
        "date": "1996-06-30",
        "symbol": "BWA",
        "reportedCurrency": "USD",
        "cik": "0000908255",
        "fillingDate": "1996-08-13",
        "acceptedDate": "1996-08-13 00:00:00",
        "calendarYear": "1996",
        "period": "Q2",
        "revenue": 381800000,
        "costOfRevenue": 297500000,
        "grossProfit": 84300000,
        "grossProfitRatio": 0.2207962284,
        "researchAndDevelopmentExpenses": 0,
        "generalAndAdministrativeExpenses": 0,
        "sellingAndMarketingExpenses": 0,
        "sellingGeneralAndAdministrativeExpenses": 29200000,
        "otherExpenses": 20300000,
        "operatingExpenses": 49500000,
        "costAndExpenses": 347000000,
        "interestIncome": 0,
        "interestExpense": 0,
        "depreciationAndAmortization": 20300000,
        "ebitda": 55100000,
        "ebitdaratio": 0.144316396,
        "operatingIncome": 34800000,
        "operatingIncomeRatio": 0.0911471975,
        "totalOtherIncomeExpensesNet": -1200000,
        "incomeBeforeTax": 33600000,
        "incomeBeforeTaxRatio": 0.0880041907,
        "incomeTaxExpense": 11800000,
        "netIncome": 21800000,
        "netIncomeRatio": 0.057097957,
        "eps": 0.12,
        "epsdiluted": 0.12,
        "weightedAverageShsOut": 187526882,
        "weightedAverageShsOutDil": 187526882,
        "link": "https://www.sec.gov/Archives/edgar/data/908255/000090825596000017/0000908255-96-000017-index.html",
        "finalLink": "https://www.sec.gov/Archives/edgar/data/908255/"
    },
    {
        "date": "1996-03-31",
        "symbol": "BWA",
        "reportedCurrency": "USD",
        "cik": "0000908255",
        "fillingDate": "1996-05-15",
        "acceptedDate": "1996-05-15 00:00:00",
        "calendarYear": "1996",
        "period": "Q1",
        "revenue": 348900000,
        "costOfRevenue": 277500000,
        "grossProfit": 71400000,
        "grossProfitRatio": 0.2046431642,
        "researchAndDevelopmentExpenses": 0,
        "generalAndAdministrativeExpenses": 0,
        "sellingAndMarketingExpenses": 0,
        "sellingGeneralAndAdministrativeExpenses": 30800000,
        "otherExpenses": 21000000,
        "operatingExpenses": 51800000,
        "costAndExpenses": 329300000,
        "interestIncome": 0,
        "interestExpense": 0,
        "depreciationAndAmortization": 21000000,
        "ebitda": 40600000,
        "ebitdaratio": 0.1163657208,
        "operatingIncome": 19600000,
        "operatingIncomeRatio": 0.0561765549,
        "totalOtherIncomeExpensesNet": -100000,
        "incomeBeforeTax": 19500000,
        "incomeBeforeTaxRatio": 0.0558899398,
        "incomeTaxExpense": 7200000,
        "netIncome": 12300000,
        "netIncomeRatio": 0.0352536543,
        "eps": 0.065,
        "epsdiluted": 0.065,
        "weightedAverageShsOut": 189230769,
        "weightedAverageShsOutDil": 189230769,
        "link": "https://www.sec.gov/Archives/edgar/data/908255/000095013796000690/0000950137-96-000690-index.html",
        "finalLink": "https://www.sec.gov/Archives/edgar/data/908255/"
    },
    {
        "date": "1995-12-31",
        "symbol": "BWA",
        "reportedCurrency": "USD",
        "cik": "0000908255",
        "fillingDate": "1996-06-11",
        "acceptedDate": "1996-06-11 00:00:00",
        "calendarYear": "1995",
        "period": "Q4",
        "revenue": 346800000,
        "costOfRevenue": 273900000,
        "grossProfit": 72900000,
        "grossProfitRatio": 0.2102076125,
        "researchAndDevelopmentExpenses": 0,
        "generalAndAdministrativeExpenses": 0,
        "sellingAndMarketingExpenses": 0,
        "sellingGeneralAndAdministrativeExpenses": 23000000,
        "otherExpenses": 19300000,
        "operatingExpenses": 42300000,
        "costAndExpenses": 316200000,
        "interestIncome": 0,
        "interestExpense": 0,
        "depreciationAndAmortization": 19300000,
        "ebitda": 49900000,
        "ebitdaratio": 0.1438869666,
        "operatingIncome": 30600000,
        "operatingIncomeRatio": 0.0882352941,
        "totalOtherIncomeExpensesNet": -200000,
        "incomeBeforeTax": 30400000,
        "incomeBeforeTaxRatio": 0.0876585928,
        "incomeTaxExpense": 8000000,
        "netIncome": 22400000,
        "netIncomeRatio": 0.0645905421,
        "eps": 0.12,
        "epsdiluted": 0.12,
        "weightedAverageShsOut": 188893091,
        "weightedAverageShsOutDil": 189230769,
        "link": "https://www.sec.gov/Archives/edgar/data/908255/000095012496002612/0000950124-96-002612-index.html",
        "finalLink": "https://www.sec.gov/Archives/edgar/data/908255/"
    },
    {
        "date": "1995-09-30",
        "symbol": "BWA",
        "reportedCurrency": "USD",
        "cik": "0000908255",
        "fillingDate": "1995-09-30",
        "acceptedDate": "1995-09-29 20:00:00",
        "calendarYear": "1995",
        "period": "Q3",
        "revenue": 298500000,
        "costOfRevenue": 241000000,
        "grossProfit": 57500000,
        "grossProfitRatio": 0.1926298157,
        "researchAndDevelopmentExpenses": 0,
        "generalAndAdministrativeExpenses": 0,
        "sellingAndMarketingExpenses": 0,
        "sellingGeneralAndAdministrativeExpenses": 22100000,
        "otherExpenses": 18300000,
        "operatingExpenses": 40400000,
        "costAndExpenses": 281400000,
        "interestIncome": 0,
        "interestExpense": 0,
        "depreciationAndAmortization": 18300000,
        "ebitda": 35400000,
        "ebitdaratio": 0.1185929648,
        "operatingIncome": 17100000,
        "operatingIncomeRatio": 0.0572864322,
        "totalOtherIncomeExpensesNet": 600000,
        "incomeBeforeTax": 17700000,
        "incomeBeforeTaxRatio": 0.0592964824,
        "incomeTaxExpense": 4500000,
        "netIncome": 13200000,
        "netIncomeRatio": 0.0442211055,
        "eps": 0.07,
        "epsdiluted": 0.07,
        "weightedAverageShsOut": 188571429,
        "weightedAverageShsOutDil": 188571429,
        "link": "",
        "finalLink": ""
    },
    {
        "date": "1995-06-30",
        "symbol": "BWA",
        "reportedCurrency": "USD",
        "cik": "0000908255",
        "fillingDate": "1995-06-30",
        "acceptedDate": "1995-06-29 20:00:00",
        "calendarYear": "1995",
        "period": "Q2",
        "revenue": 356000000,
        "costOfRevenue": 276900000,
        "grossProfit": 79100000,
        "grossProfitRatio": 0.2221910112,
        "researchAndDevelopmentExpenses": 0,
        "generalAndAdministrativeExpenses": 0,
        "sellingAndMarketingExpenses": 0,
        "sellingGeneralAndAdministrativeExpenses": 26300000,
        "otherExpenses": 20400000,
        "operatingExpenses": 46700000,
        "costAndExpenses": 323600000,
        "interestIncome": 0,
        "interestExpense": 0,
        "depreciationAndAmortization": 20400000,
        "ebitda": 52800000,
        "ebitdaratio": 0.1483146067,
        "operatingIncome": 32400000,
        "operatingIncomeRatio": 0.091011236,
        "totalOtherIncomeExpensesNet": 1700000,
        "incomeBeforeTax": 34100000,
        "incomeBeforeTaxRatio": 0.0957865169,
        "incomeTaxExpense": 13000000,
        "netIncome": 21100000,
        "netIncomeRatio": 0.0592696629,
        "eps": 0.11,
        "epsdiluted": 0.11,
        "weightedAverageShsOut": 187555556,
        "weightedAverageShsOutDil": 187555556,
        "link": "",
        "finalLink": ""
    },
    {
        "date": "1995-03-31",
        "symbol": "BWA",
        "reportedCurrency": "USD",
        "cik": "0000908255",
        "fillingDate": "1995-03-31",
        "acceptedDate": "1995-03-30 19:00:00",
        "calendarYear": "1995",
        "period": "Q1",
        "revenue": 327800000,
        "costOfRevenue": 253000000,
        "grossProfit": 74800000,
        "grossProfitRatio": 0.2281879195,
        "researchAndDevelopmentExpenses": 0,
        "generalAndAdministrativeExpenses": 0,
        "sellingAndMarketingExpenses": 0,
        "sellingGeneralAndAdministrativeExpenses": 26400000,
        "otherExpenses": 19600000,
        "operatingExpenses": 46000000,
        "costAndExpenses": 299000000,
        "interestIncome": 0,
        "interestExpense": 0,
        "depreciationAndAmortization": 19600000,
        "ebitda": 48400000,
        "ebitdaratio": 0.1476510067,
        "operatingIncome": 28800000,
        "operatingIncomeRatio": 0.0878584503,
        "totalOtherIncomeExpensesNet": 300000,
        "incomeBeforeTax": 29100000,
        "incomeBeforeTaxRatio": 0.0887736425,
        "incomeTaxExpense": 11500000,
        "netIncome": 17600000,
        "netIncomeRatio": 0.0536912752,
        "eps": 0.0938,
        "epsdiluted": 0.0938,
        "weightedAverageShsOut": 187733333,
        "weightedAverageShsOutDil": 187733333,
        "link": "",
        "finalLink": ""
    },
    {
        "date": "1994-12-31",
        "symbol": "BWA",
        "reportedCurrency": "USD",
        "cik": "0000908255",
        "fillingDate": "1994-12-31",
        "acceptedDate": "1994-12-30 19:00:00",
        "calendarYear": "1994",
        "period": "Q4",
        "revenue": 339100000,
        "costOfRevenue": 265100000,
        "grossProfit": 74000000,
        "grossProfitRatio": 0.2182247125,
        "researchAndDevelopmentExpenses": 0,
        "generalAndAdministrativeExpenses": 0,
        "sellingAndMarketingExpenses": 0,
        "sellingGeneralAndAdministrativeExpenses": 22500000,
        "otherExpenses": 16700000,
        "operatingExpenses": 39200000,
        "costAndExpenses": 304300000,
        "interestIncome": 0,
        "interestExpense": 0,
        "depreciationAndAmortization": 16700000,
        "ebitda": 51500000,
        "ebitdaratio": 0.151872604,
        "operatingIncome": 34800000,
        "operatingIncomeRatio": 0.1026245945,
        "totalOtherIncomeExpensesNet": -3700000,
        "incomeBeforeTax": 31100000,
        "incomeBeforeTaxRatio": 0.0917133589,
        "incomeTaxExpense": 11200000,
        "netIncome": 19900000,
        "netIncomeRatio": 0.0586847538,
        "eps": 0.11,
        "epsdiluted": 0.11,
        "weightedAverageShsOut": 187733333,
        "weightedAverageShsOutDil": 187733333,
        "link": "",
        "finalLink": ""
    },
    {
        "date": "1994-09-30",
        "symbol": "BWA",
        "reportedCurrency": "USD",
        "cik": "0000908255",
        "fillingDate": "1994-09-30",
        "acceptedDate": "1994-09-29 20:00:00",
        "calendarYear": "1994",
        "period": "Q3",
        "revenue": 285000000,
        "costOfRevenue": 221600000,
        "grossProfit": 63400000,
        "grossProfitRatio": 0.2224561404,
        "researchAndDevelopmentExpenses": 0,
        "generalAndAdministrativeExpenses": 0,
        "sellingAndMarketingExpenses": 0,
        "sellingGeneralAndAdministrativeExpenses": 24600000,
        "otherExpenses": 18200000,
        "operatingExpenses": 42800000,
        "costAndExpenses": 264400000,
        "interestIncome": 0,
        "interestExpense": 0,
        "depreciationAndAmortization": 18200000,
        "ebitda": 38800000,
        "ebitdaratio": 0.1361403509,
        "operatingIncome": 20600000,
        "operatingIncomeRatio": 0.0722807018,
        "totalOtherIncomeExpensesNet": -200000,
        "incomeBeforeTax": 20400000,
        "incomeBeforeTaxRatio": 0.0715789474,
        "incomeTaxExpense": 8400000,
        "netIncome": 12000000,
        "netIncomeRatio": 0.0421052632,
        "eps": 0.0638,
        "epsdiluted": 0.0638,
        "weightedAverageShsOut": 188235294,
        "weightedAverageShsOutDil": 188235294,
        "link": "",
        "finalLink": ""
    },
    {
        "date": "1994-06-30",
        "symbol": "BWA",
        "reportedCurrency": "USD",
        "cik": "0000908255",
        "fillingDate": "1994-06-30",
        "acceptedDate": "1994-06-29 20:00:00",
        "calendarYear": "1994",
        "period": "Q2",
        "revenue": 312100000,
        "costOfRevenue": 240500000,
        "grossProfit": 71600000,
        "grossProfitRatio": 0.2294136495,
        "researchAndDevelopmentExpenses": 0,
        "generalAndAdministrativeExpenses": 0,
        "sellingAndMarketingExpenses": 0,
        "sellingGeneralAndAdministrativeExpenses": 22000000,
        "otherExpenses": 18000000,
        "operatingExpenses": 40000000,
        "costAndExpenses": 280500000,
        "interestIncome": 0,
        "interestExpense": 0,
        "depreciationAndAmortization": 18000000,
        "ebitda": 49600000,
        "ebitdaratio": 0.158923422,
        "operatingIncome": 31600000,
        "operatingIncomeRatio": 0.1012495995,
        "totalOtherIncomeExpensesNet": 0,
        "incomeBeforeTax": 31600000,
        "incomeBeforeTaxRatio": 0.1012495995,
        "incomeTaxExpense": 12800000,
        "netIncome": 18800000,
        "netIncomeRatio": 0.0602371035,
        "eps": 0.1,
        "epsdiluted": 0.1,
        "weightedAverageShsOut": 185679012,
        "weightedAverageShsOutDil": 185679012,
        "link": "",
        "finalLink": ""
    },
    {
        "date": "1994-03-31",
        "symbol": "BWA",
        "reportedCurrency": "USD",
        "cik": "0000908255",
        "fillingDate": "1994-03-31",
        "acceptedDate": "1994-03-30 19:00:00",
        "calendarYear": "1994",
        "period": "Q1",
        "revenue": 287200000,
        "costOfRevenue": 221200000,
        "grossProfit": 66000000,
        "grossProfitRatio": 0.2298050139,
        "researchAndDevelopmentExpenses": 0,
        "generalAndAdministrativeExpenses": 0,
        "sellingAndMarketingExpenses": 0,
        "sellingGeneralAndAdministrativeExpenses": 23000000,
        "otherExpenses": 17600000,
        "operatingExpenses": 40600000,
        "costAndExpenses": 261800000,
        "interestIncome": 0,
        "interestExpense": 0,
        "depreciationAndAmortization": 17600000,
        "ebitda": 43000000,
        "ebitdaratio": 0.1497214485,
        "operatingIncome": 25400000,
        "operatingIncomeRatio": 0.0884401114,
        "totalOtherIncomeExpensesNet": -800000,
        "incomeBeforeTax": 24600000,
        "incomeBeforeTaxRatio": 0.0856545961,
        "incomeTaxExpense": 10900000,
        "netIncome": 13700000,
        "netIncomeRatio": 0.0477019499,
        "eps": 0.0725,
        "epsdiluted": 0.0725,
        "weightedAverageShsOut": 188965517,
        "weightedAverageShsOutDil": 188965517,
        "link": "",
        "finalLink": ""
    },
    {
        "date": "1993-12-31",
        "symbol": "BWA",
        "reportedCurrency": "USD",
        "cik": "0000908255",
        "fillingDate": "1993-12-31",
        "acceptedDate": "1993-12-30 19:00:00",
        "calendarYear": "1993",
        "period": "Q4",
        "revenue": 277100000,
        "costOfRevenue": 212800000,
        "grossProfit": 64300000,
        "grossProfitRatio": 0.2320461927,
        "researchAndDevelopmentExpenses": 0,
        "generalAndAdministrativeExpenses": 0,
        "sellingAndMarketingExpenses": 0,
        "sellingGeneralAndAdministrativeExpenses": 22100000,
        "otherExpenses": 15700000,
        "operatingExpenses": 37800000,
        "costAndExpenses": 250600000,
        "interestIncome": 0,
        "interestExpense": 0,
        "depreciationAndAmortization": 15700000,
        "ebitda": 42200000,
        "ebitdaratio": 0.1522915915,
        "operatingIncome": 26500000,
        "operatingIncomeRatio": 0.0956333454,
        "totalOtherIncomeExpensesNet": -1300000,
        "incomeBeforeTax": 25200000,
        "incomeBeforeTaxRatio": 0.0909418982,
        "incomeTaxExpense": 10700000,
        "netIncome": 14500000,
        "netIncomeRatio": 0.0523276795,
        "eps": 0.077,
        "epsdiluted": 0.077,
        "weightedAverageShsOut": 188965517,
        "weightedAverageShsOutDil": 188965517,
        "link": "",
        "finalLink": ""
    },
    {
        "date": "1993-09-30",
        "symbol": "BWA",
        "reportedCurrency": "USD",
        "cik": "0000908255",
        "fillingDate": "1993-09-30",
        "acceptedDate": "1993-09-29 20:00:00",
        "calendarYear": "1993",
        "period": "Q3",
        "revenue": 220400000,
        "costOfRevenue": 171700000,
        "grossProfit": 48700000,
        "grossProfitRatio": 0.2209618875,
        "researchAndDevelopmentExpenses": 0,
        "generalAndAdministrativeExpenses": 0,
        "sellingAndMarketingExpenses": 0,
        "sellingGeneralAndAdministrativeExpenses": 20800000,
        "otherExpenses": 18100000,
        "operatingExpenses": 38900000,
        "costAndExpenses": 210600000,
        "interestIncome": 0,
        "interestExpense": 0,
        "depreciationAndAmortization": 18100000,
        "ebitda": 27900000,
        "ebitdaratio": 0.1265880218,
        "operatingIncome": 9800000,
        "operatingIncomeRatio": 0.0444646098,
        "totalOtherIncomeExpensesNet": -200000,
        "incomeBeforeTax": 9600000,
        "incomeBeforeTaxRatio": 0.0435571688,
        "incomeTaxExpense": 3200000,
        "netIncome": 6400000,
        "netIncomeRatio": 0.0290381125,
        "eps": 0.035,
        "epsdiluted": 0.035,
        "weightedAverageShsOut": 182857143,
        "weightedAverageShsOutDil": 182857143,
        "link": "",
        "finalLink": ""
    },
    {
        "date": "1993-06-30",
        "symbol": "BWA",
        "reportedCurrency": "USD",
        "cik": "0000908255",
        "fillingDate": "1993-06-30",
        "acceptedDate": "1993-06-29 20:00:00",
        "calendarYear": "1993",
        "period": "Q2",
        "revenue": 249400000,
        "costOfRevenue": 194100000,
        "grossProfit": 55300000,
        "grossProfitRatio": 0.2217321572,
        "researchAndDevelopmentExpenses": 0,
        "generalAndAdministrativeExpenses": 0,
        "sellingAndMarketingExpenses": 0,
        "sellingGeneralAndAdministrativeExpenses": 20300000,
        "otherExpenses": 16900000,
        "operatingExpenses": 37200000,
        "costAndExpenses": 231300000,
        "interestIncome": 0,
        "interestExpense": 0,
        "depreciationAndAmortization": 16900000,
        "ebitda": 35000000,
        "ebitdaratio": 0.1403368083,
        "operatingIncome": 18100000,
        "operatingIncomeRatio": 0.072574178,
        "totalOtherIncomeExpensesNet": -2700000,
        "incomeBeforeTax": 15400000,
        "incomeBeforeTaxRatio": 0.0617481957,
        "incomeTaxExpense": 6700000,
        "netIncome": 8700000,
        "netIncomeRatio": 0.0348837209,
        "eps": 0.0475,
        "epsdiluted": 0.0475,
        "weightedAverageShsOut": 183157895,
        "weightedAverageShsOutDil": 183157895,
        "link": "",
        "finalLink": ""
    },
    {
        "date": "1993-03-31",
        "symbol": "BWA",
        "reportedCurrency": "USD",
        "cik": "0000908255",
        "fillingDate": "1993-03-31",
        "acceptedDate": "1993-03-30 19:00:00",
        "calendarYear": "1993",
        "period": "Q1",
        "revenue": 238500000,
        "costOfRevenue": 0,
        "grossProfit": 238500000,
        "grossProfitRatio": 1,
        "researchAndDevelopmentExpenses": 0,
        "generalAndAdministrativeExpenses": 0,
        "sellingAndMarketingExpenses": 0,
        "sellingGeneralAndAdministrativeExpenses": 0,
        "otherExpenses": 0,
        "operatingExpenses": 0,
        "costAndExpenses": 0,
        "interestIncome": 0,
        "interestExpense": 0,
        "depreciationAndAmortization": 0,
        "ebitda": 238500000,
        "ebitdaratio": 1,
        "operatingIncome": 238500000,
        "operatingIncomeRatio": 1,
        "totalOtherIncomeExpensesNet": -238500000,
        "incomeBeforeTax": 0,
        "incomeBeforeTaxRatio": 0,
        "incomeTaxExpense": 127600000,
        "netIncome": -127600000,
        "netIncomeRatio": -0.5350104822,
        "eps": -0.7,
        "epsdiluted": -0.7,
        "weightedAverageShsOut": 183267504,
        "weightedAverageShsOutDil": 183267504,
        "link": "",
        "finalLink": ""
    },
    {
        "date": "1992-12-31",
        "symbol": "BWA",
        "reportedCurrency": "USD",
        "cik": "0000908255",
        "fillingDate": "1992-12-31",
        "acceptedDate": "1992-12-30 19:00:00",
        "calendarYear": "1992",
        "period": "Q4",
        "revenue": 258500000,
        "costOfRevenue": 0,
        "grossProfit": 258500000,
        "grossProfitRatio": 1,
        "researchAndDevelopmentExpenses": 0,
        "generalAndAdministrativeExpenses": 0,
        "sellingAndMarketingExpenses": 0,
        "sellingGeneralAndAdministrativeExpenses": 0,
        "otherExpenses": -898800000,
        "operatingExpenses": -898800000,
        "costAndExpenses": -898800000,
        "interestIncome": 0,
        "interestExpense": 0,
        "depreciationAndAmortization": 0,
        "ebitda": -640300000,
        "ebitdaratio": -2.4769825919,
        "operatingIncome": -640300000,
        "operatingIncomeRatio": -2.4769825919,
        "totalOtherIncomeExpensesNet": 640300000,
        "incomeBeforeTax": 0,
        "incomeBeforeTaxRatio": 0,
        "incomeTaxExpense": 2400000,
        "netIncome": -2400000,
        "netIncomeRatio": -0.0092843327,
        "eps": -0.0136,
        "epsdiluted": -0.0131,
        "weightedAverageShsOut": 176280323,
        "weightedAverageShsOutDil": 183267504,
        "link": "",
        "finalLink": ""
    },
    {
        "date": "1992-09-30",
        "symbol": "BWA",
        "reportedCurrency": "USD",
        "cik": "0000908255",
        "fillingDate": "1992-09-30",
        "acceptedDate": "1992-09-29 20:00:00",
        "calendarYear": "1992",
        "period": "Q3",
        "revenue": 226500000,
        "costOfRevenue": 0,
        "grossProfit": 226500000,
        "grossProfitRatio": 1,
        "researchAndDevelopmentExpenses": 0,
        "generalAndAdministrativeExpenses": 0,
        "sellingAndMarketingExpenses": 0,
        "sellingGeneralAndAdministrativeExpenses": 0,
        "otherExpenses": 0,
        "operatingExpenses": 0,
        "costAndExpenses": 0,
        "interestIncome": 0,
        "interestExpense": 0,
        "depreciationAndAmortization": 0,
        "ebitda": 226500000,
        "ebitdaratio": 1,
        "operatingIncome": 226500000,
        "operatingIncomeRatio": 1,
        "totalOtherIncomeExpensesNet": -226500000,
        "incomeBeforeTax": 0,
        "incomeBeforeTaxRatio": 0,
        "incomeTaxExpense": 4200000,
        "netIncome": -4200000,
        "netIncomeRatio": -0.0185430464,
        "eps": -0.0225,
        "epsdiluted": -0.0225,
        "weightedAverageShsOut": 186666667,
        "weightedAverageShsOutDil": 186666667,
        "link": "",
        "finalLink": ""
    },
    {
        "date": "1992-06-30",
        "symbol": "BWA",
        "reportedCurrency": "USD",
        "cik": "0000908255",
        "fillingDate": "1992-06-30",
        "acceptedDate": "1992-06-29 20:00:00",
        "calendarYear": "1992",
        "period": "Q2",
        "revenue": 230700000,
        "costOfRevenue": 0,
        "grossProfit": 230700000,
        "grossProfitRatio": 1,
        "researchAndDevelopmentExpenses": 0,
        "generalAndAdministrativeExpenses": 0,
        "sellingAndMarketingExpenses": 0,
        "sellingGeneralAndAdministrativeExpenses": 0,
        "otherExpenses": 0,
        "operatingExpenses": 0,
        "costAndExpenses": 0,
        "interestIncome": 0,
        "interestExpense": 0,
        "depreciationAndAmortization": 0,
        "ebitda": 230700000,
        "ebitdaratio": 1,
        "operatingIncome": 230700000,
        "operatingIncomeRatio": 1,
        "totalOtherIncomeExpensesNet": -230700000,
        "incomeBeforeTax": 0,
        "incomeBeforeTaxRatio": 0,
        "incomeTaxExpense": 1300000,
        "netIncome": -1300000,
        "netIncomeRatio": -0.0056350238,
        "eps": -0.0075,
        "epsdiluted": -0.0075,
        "weightedAverageShsOut": 173333333,
        "weightedAverageShsOutDil": 173333333,
        "link": "",
        "finalLink": ""
    },
    {
        "date": "1992-03-31",
        "symbol": "BWA",
        "reportedCurrency": "USD",
        "cik": "0000908255",
        "fillingDate": "1992-03-31",
        "acceptedDate": "1992-03-30 19:00:00",
        "calendarYear": "1992",
        "period": "Q1",
        "revenue": 210300000,
        "costOfRevenue": 0,
        "grossProfit": 210300000,
        "grossProfitRatio": 1,
        "researchAndDevelopmentExpenses": 0,
        "generalAndAdministrativeExpenses": 0,
        "sellingAndMarketingExpenses": 0,
        "sellingGeneralAndAdministrativeExpenses": 0,
        "otherExpenses": 0,
        "operatingExpenses": 0,
        "costAndExpenses": 0,
        "interestIncome": 0,
        "interestExpense": 0,
        "depreciationAndAmortization": 0,
        "ebitda": 210300000,
        "ebitdaratio": 1,
        "operatingIncome": 210300000,
        "operatingIncomeRatio": 1,
        "totalOtherIncomeExpensesNet": -210300000,
        "incomeBeforeTax": 0,
        "incomeBeforeTaxRatio": 0,
        "incomeTaxExpense": 4200000,
        "netIncome": -4200000,
        "netIncomeRatio": -0.0199714693,
        "eps": -0.0225,
        "epsdiluted": -0.0225,
        "weightedAverageShsOut": 186666667,
        "weightedAverageShsOutDil": 186666667,
        "link": "",
        "finalLink": ""
    }
]