[
    {
        "date": "2015-12-31",
        "symbol": "CAM",
        "reportedCurrency": "USD",
        "cik": "0000941548",
        "fillingDate": "2016-01-29",
        "acceptedDate": "2016-01-29 12:10:46",
        "calendarYear": "2015",
        "period": "Q4",
        "revenue": 2079000000,
        "costOfRevenue": 1403000000,
        "grossProfit": 676000000,
        "grossProfitRatio": 0.3251563252,
        "researchAndDevelopmentExpenses": 140000000,
        "generalAndAdministrativeExpenses": -171000000,
        "sellingAndMarketingExpenses": 261000000,
        "sellingGeneralAndAdministrativeExpenses": 90000000,
        "otherExpenses": 0,
        "operatingExpenses": 230000000,
        "costAndExpenses": 1890000000,
        "interestIncome": 0,
        "interestExpense": 160000000,
        "depreciationAndAmortization": 78000000,
        "ebitda": 403000000,
        "ebitdaratio": 0.1938431938,
        "operatingIncome": 325000000,
        "operatingIncomeRatio": 0.1563251563,
        "totalOtherIncomeExpensesNet": -136000000,
        "incomeBeforeTax": 189000000,
        "incomeBeforeTaxRatio": 0.0909090909,
        "incomeTaxExpense": 40000000,
        "netIncome": 149000000,
        "netIncomeRatio": 0.0716690717,
        "eps": 0.78,
        "epsdiluted": 0.77,
        "weightedAverageShsOut": 192000000,
        "weightedAverageShsOutDil": 193000000,
        "link": "https://www.sec.gov/Archives/edgar/data/941548/000094154816000043/0000941548-16-000043-index.htm",
        "finalLink": "https://www.sec.gov/Archives/edgar/data/941548/000094154816000043/cam-20153112x10k.htm"
    },
    {
        "date": "2015-09-30",
        "symbol": "CAM",
        "reportedCurrency": "USD",
        "cik": "0000941548",
        "fillingDate": "2015-10-22",
        "acceptedDate": "2015-10-22 16:45:01",
        "calendarYear": "2015",
        "period": "Q3",
        "revenue": 2208000000,
        "costOfRevenue": 1530000000,
        "grossProfit": 678000000,
        "grossProfitRatio": 0.3070652174,
        "researchAndDevelopmentExpenses": 0,
        "generalAndAdministrativeExpenses": 0,
        "sellingAndMarketingExpenses": 256000000,
        "sellingGeneralAndAdministrativeExpenses": 256000000,
        "otherExpenses": 0,
        "operatingExpenses": 256000000,
        "costAndExpenses": 1950000000,
        "interestIncome": 0,
        "interestExpense": -127000000,
        "depreciationAndAmortization": 86000000,
        "ebitda": 317000000,
        "ebitdaratio": 0.1435688406,
        "operatingIncome": 231000000,
        "operatingIncomeRatio": 0.1046195652,
        "totalOtherIncomeExpensesNet": 127000000,
        "incomeBeforeTax": 358000000,
        "incomeBeforeTaxRatio": 0.1621376812,
        "incomeTaxExpense": 44000000,
        "netIncome": 314000000,
        "netIncomeRatio": 0.1422101449,
        "eps": 1.64,
        "epsdiluted": 1.64,
        "weightedAverageShsOut": 192000000,
        "weightedAverageShsOutDil": 192000000,
        "link": "https://www.sec.gov/Archives/edgar/data/941548/000094154815000034/0000941548-15-000034-index.htm",
        "finalLink": "https://www.sec.gov/Archives/edgar/data/941548/000094154815000034/cam-93015x10q.htm"
    },
    {
        "date": "2015-06-30",
        "symbol": "CAM",
        "reportedCurrency": "USD",
        "cik": "0000941548",
        "fillingDate": "2015-07-24",
        "acceptedDate": "2015-07-24 11:45:46",
        "calendarYear": "2015",
        "period": "Q2",
        "revenue": 2222000000,
        "costOfRevenue": 1585000000,
        "grossProfit": 637000000,
        "grossProfitRatio": 0.2866786679,
        "researchAndDevelopmentExpenses": 0,
        "generalAndAdministrativeExpenses": 646000000,
        "sellingAndMarketingExpenses": 279000000,
        "sellingGeneralAndAdministrativeExpenses": 925000000,
        "otherExpenses": 0,
        "operatingExpenses": 925000000,
        "costAndExpenses": 2023000000,
        "interestIncome": 0,
        "interestExpense": 35000000,
        "depreciationAndAmortization": 89000000,
        "ebitda": 276000000,
        "ebitdaratio": 0.1242124212,
        "operatingIncome": 187000000,
        "operatingIncomeRatio": 0.0841584158,
        "totalOtherIncomeExpensesNet": -35000000,
        "incomeBeforeTax": 152000000,
        "incomeBeforeTaxRatio": 0.0684068407,
        "incomeTaxExpense": 47000000,
        "netIncome": 105000000,
        "netIncomeRatio": 0.0472547255,
        "eps": 0.55,
        "epsdiluted": 0.55,
        "weightedAverageShsOut": 192000000,
        "weightedAverageShsOutDil": 192000000,
        "link": "https://www.sec.gov/Archives/edgar/data/941548/000114036115028514/0001140361-15-028514-index.htm",
        "finalLink": "https://www.sec.gov/Archives/edgar/data/941548/000114036115028514/form10q.htm"
    },
    {
        "date": "2015-03-31",
        "symbol": "CAM",
        "reportedCurrency": "USD",
        "cik": "0000941548",
        "fillingDate": "2015-04-24",
        "acceptedDate": "2015-04-24 11:14:00",
        "calendarYear": "2015",
        "period": "Q1",
        "revenue": 2273000000,
        "costOfRevenue": 1608000000,
        "grossProfit": 665000000,
        "grossProfitRatio": 0.2925648922,
        "researchAndDevelopmentExpenses": 0,
        "generalAndAdministrativeExpenses": 75000000,
        "sellingAndMarketingExpenses": 286000000,
        "sellingGeneralAndAdministrativeExpenses": 361000000,
        "otherExpenses": 0,
        "operatingExpenses": 361000000,
        "costAndExpenses": 2598000000,
        "interestIncome": 0,
        "interestExpense": 427000000,
        "depreciationAndAmortization": 89000000,
        "ebitda": 191000000,
        "ebitdaratio": 0.0840299164,
        "operatingIncome": 102000000,
        "operatingIncomeRatio": 0.044874615,
        "totalOtherIncomeExpensesNet": -427000000,
        "incomeBeforeTax": -325000000,
        "incomeBeforeTaxRatio": -0.1429828421,
        "incomeTaxExpense": 53000000,
        "netIncome": -378000000,
        "netIncomeRatio": -0.166300044,
        "eps": -1.96,
        "epsdiluted": -1.96,
        "weightedAverageShsOut": 193000000,
        "weightedAverageShsOutDil": 193000000,
        "link": "https://www.sec.gov/Archives/edgar/data/941548/000094154815000007/0000941548-15-000007-index.htm",
        "finalLink": "https://www.sec.gov/Archives/edgar/data/941548/000094154815000007/form10q.htm"
    },
    {
        "date": "2014-12-31",
        "symbol": "CAM",
        "reportedCurrency": "USD",
        "cik": "0000941548",
        "fillingDate": "2015-02-20",
        "acceptedDate": "2015-02-20 16:34:08",
        "calendarYear": "2014",
        "period": "Q4",
        "revenue": 2804000000,
        "costOfRevenue": 2008000000,
        "grossProfit": 796000000,
        "grossProfitRatio": 0.2838801712,
        "researchAndDevelopmentExpenses": 128000000,
        "generalAndAdministrativeExpenses": -65000000,
        "sellingAndMarketingExpenses": 317000000,
        "sellingGeneralAndAdministrativeExpenses": 252000000,
        "otherExpenses": 0,
        "operatingExpenses": 380000000,
        "costAndExpenses": 2459000000,
        "interestIncome": 0,
        "interestExpense": 149000000,
        "depreciationAndAmortization": 94000000,
        "ebitda": 575000000,
        "ebitdaratio": 0.205064194,
        "operatingIncome": 481000000,
        "operatingIncomeRatio": 0.1715406562,
        "totalOtherIncomeExpensesNet": -215000000,
        "incomeBeforeTax": 266000000,
        "incomeBeforeTaxRatio": 0.0948644793,
        "incomeTaxExpense": 79000000,
        "netIncome": 187000000,
        "netIncomeRatio": 0.0666904422,
        "eps": 0.92,
        "epsdiluted": 0.91,
        "weightedAverageShsOut": 204000000,
        "weightedAverageShsOutDil": 205000000,
        "link": "https://www.sec.gov/Archives/edgar/data/941548/000114036115008196/0001140361-15-008196-index.htm",
        "finalLink": "https://www.sec.gov/Archives/edgar/data/941548/000114036115008196/form10k.htm"
    },
    {
        "date": "2014-09-30",
        "symbol": "CAM",
        "reportedCurrency": "USD",
        "cik": "0000941548",
        "fillingDate": "2014-10-23",
        "acceptedDate": "2014-10-23 16:51:19",
        "calendarYear": "2014",
        "period": "Q3",
        "revenue": 2505000000,
        "costOfRevenue": 1798000000,
        "grossProfit": 707000000,
        "grossProfitRatio": 0.2822355289,
        "researchAndDevelopmentExpenses": 0,
        "generalAndAdministrativeExpenses": 43000000,
        "sellingAndMarketingExpenses": 295000000,
        "sellingGeneralAndAdministrativeExpenses": 338000000,
        "otherExpenses": 0,
        "operatingExpenses": 338000000,
        "costAndExpenses": 2226000000,
        "interestIncome": 0,
        "interestExpense": 77000000,
        "depreciationAndAmortization": 89000000,
        "ebitda": 380000000,
        "ebitdaratio": 0.1516966068,
        "operatingIncome": 291000000,
        "operatingIncomeRatio": 0.1161676647,
        "totalOtherIncomeExpensesNet": -77000000,
        "incomeBeforeTax": 214000000,
        "incomeBeforeTaxRatio": 0.0854291417,
        "incomeTaxExpense": 65000000,
        "netIncome": 149000000,
        "netIncomeRatio": 0.0594810379,
        "eps": 0.72,
        "epsdiluted": 0.72,
        "weightedAverageShsOut": 207000000,
        "weightedAverageShsOutDil": 208000000,
        "link": "https://www.sec.gov/Archives/edgar/data/941548/000094154814000031/0000941548-14-000031-index.htm",
        "finalLink": "https://www.sec.gov/Archives/edgar/data/941548/000094154814000031/form10q.htm"
    },
    {
        "date": "2014-06-30",
        "symbol": "CAM",
        "reportedCurrency": "USD",
        "cik": "0000941548",
        "fillingDate": "2014-07-24",
        "acceptedDate": "2014-07-24 17:00:52",
        "calendarYear": "2014",
        "period": "Q2",
        "revenue": 2640500000,
        "costOfRevenue": 1892900000,
        "grossProfit": 747600000,
        "grossProfitRatio": 0.2831281954,
        "researchAndDevelopmentExpenses": 0,
        "generalAndAdministrativeExpenses": -300000,
        "sellingAndMarketingExpenses": 347000000,
        "sellingGeneralAndAdministrativeExpenses": 346700000,
        "otherExpenses": 28200000,
        "operatingExpenses": 374900000,
        "costAndExpenses": 2354700000,
        "interestIncome": 0,
        "interestExpense": 66100000,
        "depreciationAndAmortization": 90200000,
        "ebitda": 376600000,
        "ebitdaratio": 0.1426245029,
        "operatingIncome": 286400000,
        "operatingIncomeRatio": 0.108464306,
        "totalOtherIncomeExpensesNet": -66100000,
        "incomeBeforeTax": 220300000,
        "incomeBeforeTaxRatio": 0.0834311683,
        "incomeTaxExpense": 65500000,
        "netIncome": 154800000,
        "netIncomeRatio": 0.0586252604,
        "eps": 0.74,
        "epsdiluted": 0.73,
        "weightedAverageShsOut": 209000000,
        "weightedAverageShsOutDil": 211000000,
        "link": "https://www.sec.gov/Archives/edgar/data/941548/000094154814000023/0000941548-14-000023-index.htm",
        "finalLink": "https://www.sec.gov/Archives/edgar/data/941548/000094154814000023/form10q.htm"
    },
    {
        "date": "2014-03-31",
        "symbol": "CAM",
        "reportedCurrency": "USD",
        "cik": "0000941548",
        "fillingDate": "2014-04-28",
        "acceptedDate": "2014-04-28 13:10:13",
        "calendarYear": "2014",
        "period": "Q1",
        "revenue": 2431500000,
        "costOfRevenue": 1765100000,
        "grossProfit": 666400000,
        "grossProfitRatio": 0.2740695044,
        "researchAndDevelopmentExpenses": 0,
        "generalAndAdministrativeExpenses": 300000,
        "sellingAndMarketingExpenses": 328000000,
        "sellingGeneralAndAdministrativeExpenses": 328300000,
        "otherExpenses": 86800000,
        "operatingExpenses": 415100000,
        "costAndExpenses": 2261300000,
        "interestIncome": 0,
        "interestExpense": 37900000,
        "depreciationAndAmortization": 86800000,
        "ebitda": 246400000,
        "ebitdaratio": 0.1013366235,
        "operatingIncome": 159600000,
        "operatingIncomeRatio": 0.0656384948,
        "totalOtherIncomeExpensesNet": -37900000,
        "incomeBeforeTax": 121700000,
        "incomeBeforeTaxRatio": 0.0500514086,
        "incomeTaxExpense": 48500000,
        "netIncome": 73200000,
        "netIncomeRatio": 0.0301048735,
        "eps": 0.34,
        "epsdiluted": 0.34,
        "weightedAverageShsOut": 214900000,
        "weightedAverageShsOutDil": 216200000,
        "link": "https://www.sec.gov/Archives/edgar/data/941548/000094154814000003/0000941548-14-000003-index.htm",
        "finalLink": "https://www.sec.gov/Archives/edgar/data/941548/000094154814000003/form10q.htm"
    },
    {
        "date": "2012-02-15",
        "symbol": "CAM",
        "reportedCurrency": "USD",
        "cik": "0000941548",
        "fillingDate": "2012-02-28",
        "acceptedDate": "2012-02-27 19:12:04",
        "calendarYear": "2012",
        "period": "Q1",
        "revenue": 100000000,
        "costOfRevenue": 69000000,
        "grossProfit": 31000000,
        "grossProfitRatio": 0.31,
        "researchAndDevelopmentExpenses": 0,
        "generalAndAdministrativeExpenses": 0,
        "sellingAndMarketingExpenses": 14000000,
        "sellingGeneralAndAdministrativeExpenses": 14000000,
        "otherExpenses": 0,
        "operatingExpenses": 14000000,
        "costAndExpenses": 90000000,
        "interestIncome": 0,
        "interestExpense": -3000000,
        "depreciationAndAmortization": 45000000,
        "ebitda": 51000000,
        "ebitdaratio": 0.51,
        "operatingIncome": 6000000,
        "operatingIncomeRatio": 0.06,
        "totalOtherIncomeExpensesNet": 3000000,
        "incomeBeforeTax": 9000000,
        "incomeBeforeTaxRatio": 0.09,
        "incomeTaxExpense": -1000000,
        "netIncome": 10000000,
        "netIncomeRatio": 0.1,
        "eps": 0.041,
        "epsdiluted": 0.0402,
        "weightedAverageShsOut": 244000000,
        "weightedAverageShsOutDil": 249000000,
        "link": "https://www.sec.gov/Archives/edgar/data/941548/000094154812000005/0000941548-12-000005-index.htm",
        "finalLink": "https://www.sec.gov/Archives/edgar/data/941548/000094154812000005/form10-k.htm"
    },
    {
        "date": "2011-10-28",
        "symbol": "CAM",
        "reportedCurrency": "USD",
        "cik": "0000941548",
        "fillingDate": "2011-11-02",
        "acceptedDate": "2011-11-02 10:32:43",
        "calendarYear": "2011",
        "period": "Q3",
        "revenue": 1686000000,
        "costOfRevenue": 2271200000,
        "grossProfit": -585200000,
        "grossProfitRatio": -0.3470937129,
        "researchAndDevelopmentExpenses": 0,
        "generalAndAdministrativeExpenses": -723300000,
        "sellingAndMarketingExpenses": 243000000,
        "sellingGeneralAndAdministrativeExpenses": -480300000,
        "otherExpenses": 723300000,
        "operatingExpenses": 243000000,
        "costAndExpenses": 1487000000,
        "interestIncome": 0,
        "interestExpense": -67000000,
        "depreciationAndAmortization": -92400000,
        "ebitda": 38600000,
        "ebitdaratio": 0.0228944247,
        "operatingIncome": 131000000,
        "operatingIncomeRatio": 0.0776986951,
        "totalOtherIncomeExpensesNet": 67000000,
        "incomeBeforeTax": 198000000,
        "incomeBeforeTaxRatio": 0.1174377224,
        "incomeTaxExpense": -34000000,
        "netIncome": 232000000,
        "netIncomeRatio": 0.137603796,
        "eps": 0.95,
        "epsdiluted": 0.92,
        "weightedAverageShsOut": 244000000,
        "weightedAverageShsOutDil": 251000000,
        "link": "https://www.sec.gov/Archives/edgar/data/941548/000094154811000063/0000941548-11-000063-index.htm",
        "finalLink": "https://www.sec.gov/Archives/edgar/data/941548/000094154811000063/form10-q.htm"
    },
    {
        "date": "2011-06-30",
        "symbol": "CAM",
        "reportedCurrency": "USD",
        "cik": "0000941548",
        "fillingDate": "2011-08-01",
        "acceptedDate": "2011-07-29 18:11:34",
        "calendarYear": "2011",
        "period": "Q2",
        "revenue": 3242300000,
        "costOfRevenue": 2271200000,
        "grossProfit": 971100000,
        "grossProfitRatio": 0.2995096074,
        "researchAndDevelopmentExpenses": 0,
        "generalAndAdministrativeExpenses": 229300000,
        "sellingAndMarketingExpenses": 251000000,
        "sellingGeneralAndAdministrativeExpenses": 480300000,
        "otherExpenses": 92400000,
        "operatingExpenses": 572700000,
        "costAndExpenses": 2915100000,
        "interestIncome": 0,
        "interestExpense": 0,
        "depreciationAndAmortization": 92400000,
        "ebitda": 419600000,
        "ebitdaratio": 0.1294143047,
        "operatingIncome": 327200000,
        "operatingIncomeRatio": 0.1009160164,
        "totalOtherIncomeExpensesNet": 0,
        "incomeBeforeTax": 327200000,
        "incomeBeforeTaxRatio": 0.1009160164,
        "incomeTaxExpense": 69600000,
        "netIncome": 257600000,
        "netIncomeRatio": 0.0794497733,
        "eps": 1051428,
        "epsdiluted": 1026294,
        "weightedAverageShsOut": 245,
        "weightedAverageShsOutDil": 251,
        "link": "https://www.sec.gov/Archives/edgar/data/941548/000114036111038611/0001140361-11-038611-index.htm",
        "finalLink": "https://www.sec.gov/Archives/edgar/data/941548/000114036111038611/form10-q.htm"
    },
    {
        "date": "2011-04-24",
        "symbol": "CAM",
        "reportedCurrency": "USD",
        "cik": "0000941548",
        "fillingDate": "2011-05-05",
        "acceptedDate": "2011-05-04 20:00:00",
        "calendarYear": "2011",
        "period": "Q1",
        "revenue": 1501000000,
        "costOfRevenue": 1057000000,
        "grossProfit": 444000000,
        "grossProfitRatio": 0.2958027981,
        "researchAndDevelopmentExpenses": 0,
        "generalAndAdministrativeExpenses": 0,
        "sellingAndMarketingExpenses": 229000000,
        "sellingGeneralAndAdministrativeExpenses": 229000000,
        "otherExpenses": 0,
        "operatingExpenses": 229000000,
        "costAndExpenses": 1361000000,
        "interestIncome": 0,
        "interestExpense": -60000000,
        "depreciationAndAmortization": 34000000,
        "ebitda": 113000000,
        "ebitdaratio": 0.0752831446,
        "operatingIncome": 79000000,
        "operatingIncomeRatio": 0.0526315789,
        "totalOtherIncomeExpensesNet": 60000000,
        "incomeBeforeTax": 139000000,
        "incomeBeforeTaxRatio": 0.09260493,
        "incomeTaxExpense": -30000000,
        "netIncome": 169000000,
        "netIncomeRatio": 0.1125916056,
        "eps": 689795,
        "epsdiluted": 689795,
        "weightedAverageShsOut": 245,
        "weightedAverageShsOutDil": 245,
        "link": "https://www.sec.gov/Archives/edgar/data/941548/000094154811000020/0000941548-11-000020-index.htm",
        "finalLink": "https://www.sec.gov/Archives/edgar/data/941548/000094154811000020/form10-q.htm"
    },
    {
        "date": "2008-02-24",
        "symbol": "CAM",
        "reportedCurrency": "USD",
        "cik": "0000941548",
        "fillingDate": "2008-02-29",
        "acceptedDate": "2008-02-28 19:12:34",
        "calendarYear": "2008",
        "period": "Q1",
        "revenue": 1344102000,
        "costOfRevenue": 946032000,
        "grossProfit": 398070000,
        "grossProfitRatio": 0.2961605592,
        "researchAndDevelopmentExpenses": 0,
        "generalAndAdministrativeExpenses": 0,
        "sellingAndMarketingExpenses": 158496000,
        "sellingGeneralAndAdministrativeExpenses": 158496000,
        "otherExpenses": 0,
        "operatingExpenses": 158496000,
        "costAndExpenses": 1166665000,
        "interestIncome": 0,
        "interestExpense": -5054000,
        "depreciationAndAmortization": 21421000,
        "ebitda": 90740000,
        "ebitdaratio": 0.0675097574,
        "operatingIncome": 69319000,
        "operatingIncomeRatio": 0.0515727229,
        "totalOtherIncomeExpensesNet": 108118000,
        "incomeBeforeTax": 177437000,
        "incomeBeforeTaxRatio": 0.1320115586,
        "incomeTaxExpense": -51532000,
        "netIncome": 228969000,
        "netIncomeRatio": 0.1703509109,
        "eps": 1.04,
        "epsdiluted": 0.99,
        "weightedAverageShsOut": 219675438,
        "weightedAverageShsOutDil": 231879629,
        "link": "https://www.sec.gov/Archives/edgar/data/941548/000094154808000007/0000941548-08-000007-index.htm",
        "finalLink": "https://www.sec.gov/Archives/edgar/data/941548/000094154808000007/form10-k.htm"
    },
    {
        "date": "2007-10-31",
        "symbol": "CAM",
        "reportedCurrency": "USD",
        "cik": "0000941548",
        "fillingDate": "2007-11-02",
        "acceptedDate": "2007-11-02 16:57:16",
        "calendarYear": "2007",
        "period": "Q3",
        "revenue": 1186174000,
        "costOfRevenue": 810160000,
        "grossProfit": 376014000,
        "grossProfitRatio": 0.3169973377,
        "researchAndDevelopmentExpenses": 0,
        "generalAndAdministrativeExpenses": 0,
        "sellingAndMarketingExpenses": 149763000,
        "sellingGeneralAndAdministrativeExpenses": 149763000,
        "otherExpenses": 0,
        "operatingExpenses": 149763000,
        "costAndExpenses": 987331000,
        "interestIncome": 0,
        "interestExpense": -5454000,
        "depreciationAndAmortization": 20637000,
        "ebitda": 117786000,
        "ebitdaratio": 0.099299091,
        "operatingIncome": 97149000,
        "operatingIncomeRatio": 0.0819011376,
        "totalOtherIncomeExpensesNet": 101694000,
        "incomeBeforeTax": 198843000,
        "incomeBeforeTaxRatio": 0.1676339222,
        "incomeTaxExpense": -48120000,
        "netIncome": 246963000,
        "netIncomeRatio": 0.2082013263,
        "eps": 2.25,
        "epsdiluted": 2.15,
        "weightedAverageShsOut": 109765000,
        "weightedAverageShsOutDil": 115020000,
        "link": "https://www.sec.gov/Archives/edgar/data/941548/000094154807000064/0000941548-07-000064-index.htm",
        "finalLink": "https://www.sec.gov/Archives/edgar/data/941548/000094154807000064/quarterlyreport2007q3.htm"
    },
    {
        "date": "2007-06-30",
        "symbol": "CAM",
        "reportedCurrency": "USD",
        "cik": "0000941548",
        "fillingDate": "2007-08-01",
        "acceptedDate": "2007-08-01 12:53:46",
        "calendarYear": "2007",
        "period": "Q2",
        "revenue": 1139042000,
        "costOfRevenue": 792130000,
        "grossProfit": 346912000,
        "grossProfitRatio": 0.3045647132,
        "researchAndDevelopmentExpenses": 0,
        "generalAndAdministrativeExpenses": 0,
        "sellingAndMarketingExpenses": 143226000,
        "sellingGeneralAndAdministrativeExpenses": 143226000,
        "otherExpenses": 0,
        "operatingExpenses": 143226000,
        "costAndExpenses": 962237000,
        "interestIncome": 0,
        "interestExpense": -6031000,
        "depreciationAndAmortization": 20051000,
        "ebitda": 83671000,
        "ebitdaratio": 0.073457344,
        "operatingIncome": 63620000,
        "operatingIncomeRatio": 0.0558539545,
        "totalOtherIncomeExpensesNet": 113185000,
        "incomeBeforeTax": 176805000,
        "incomeBeforeTaxRatio": 0.1552225467,
        "incomeTaxExpense": -53577000,
        "netIncome": 230382000,
        "netIncomeRatio": 0.2022594426,
        "eps": 2.09,
        "epsdiluted": 2.01,
        "weightedAverageShsOut": 110188000,
        "weightedAverageShsOutDil": 114773000,
        "link": "https://www.sec.gov/Archives/edgar/data/941548/000094154807000047/0000941548-07-000047-index.htm",
        "finalLink": "https://www.sec.gov/Archives/edgar/data/941548/000094154807000047/quarterlyreportq2.htm"
    },
    {
        "date": "2007-03-31",
        "symbol": "CAM",
        "reportedCurrency": "USD",
        "cik": "0000941548",
        "fillingDate": "2007-04-30",
        "acceptedDate": "2007-04-30 12:59:22",
        "calendarYear": "2007",
        "period": "Q1",
        "revenue": 997050000,
        "costOfRevenue": 693916000,
        "grossProfit": 303134000,
        "grossProfitRatio": 0.3040308911,
        "researchAndDevelopmentExpenses": 0,
        "generalAndAdministrativeExpenses": 0,
        "sellingAndMarketingExpenses": 126103000,
        "sellingGeneralAndAdministrativeExpenses": 126103000,
        "otherExpenses": 0,
        "operatingExpenses": 126103000,
        "costAndExpenses": 841660000,
        "interestIncome": 0,
        "interestExpense": -6774000,
        "depreciationAndAmortization": 19349000,
        "ebitda": 59193000,
        "ebitdaratio": 0.059368136,
        "operatingIncome": 39844000,
        "operatingIncomeRatio": 0.0399618876,
        "totalOtherIncomeExpensesNet": 115546000,
        "incomeBeforeTax": 155390000,
        "incomeBeforeTaxRatio": 0.1558497568,
        "incomeTaxExpense": -54386000,
        "netIncome": 209776000,
        "netIncomeRatio": 0.2103966702,
        "eps": 1.89,
        "epsdiluted": 1.82,
        "weightedAverageShsOut": 111011000,
        "weightedAverageShsOutDil": 115143000,
        "link": "https://www.sec.gov/Archives/edgar/data/941548/000094154807000023/0000941548-07-000023-index.htm",
        "finalLink": "https://www.sec.gov/Archives/edgar/data/941548/000094154807000023/quarterlyreport2007q1.htm"
    },
    {
        "date": "2006-12-31",
        "symbol": "CAM",
        "reportedCurrency": "USD",
        "cik": "0000941548",
        "fillingDate": "2007-02-28",
        "acceptedDate": "2007-02-27 18:51:11",
        "calendarYear": "2006",
        "period": "Q4",
        "revenue": 1076690000,
        "costOfRevenue": 748200000,
        "grossProfit": 328490000,
        "grossProfitRatio": 0.3050924593,
        "researchAndDevelopmentExpenses": 0,
        "generalAndAdministrativeExpenses": 0,
        "sellingAndMarketingExpenses": 151557000,
        "sellingGeneralAndAdministrativeExpenses": 151557000,
        "otherExpenses": 0,
        "operatingExpenses": 151557000,
        "costAndExpenses": 931709000,
        "interestIncome": 0,
        "interestExpense": -6468000,
        "depreciationAndAmortization": 19586000,
        "ebitda": 61187000,
        "ebitdaratio": 0.0568287994,
        "operatingIncome": 41601000,
        "operatingIncomeRatio": 0.0386378623,
        "totalOtherIncomeExpensesNet": 103380000,
        "incomeBeforeTax": 144981000,
        "incomeBeforeTaxRatio": 0.1346543573,
        "incomeTaxExpense": -48456000,
        "netIncome": 193437000,
        "netIncomeRatio": 0.1796589548,
        "eps": 1.71,
        "epsdiluted": 1.66,
        "weightedAverageShsOut": 113101779,
        "weightedAverageShsOutDil": 116844117,
        "link": "https://www.sec.gov/Archives/edgar/data/941548/000094154807000016/0000941548-07-000016-index.htm",
        "finalLink": "https://www.sec.gov/Archives/edgar/data/941548/000094154807000016/form10k2006.htm"
    },
    {
        "date": "2006-09-30",
        "symbol": "CAM",
        "reportedCurrency": "USD",
        "cik": "0000941548",
        "fillingDate": "2006-11-07",
        "acceptedDate": "2006-11-07 17:01:30",
        "calendarYear": "2006",
        "period": "Q3",
        "revenue": 978792000,
        "costOfRevenue": 684968000,
        "grossProfit": 293824000,
        "grossProfitRatio": 0.3001904388,
        "researchAndDevelopmentExpenses": 0,
        "generalAndAdministrativeExpenses": 0,
        "sellingAndMarketingExpenses": 126751000,
        "sellingGeneralAndAdministrativeExpenses": 126751000,
        "otherExpenses": 0,
        "operatingExpenses": 126751000,
        "costAndExpenses": 838318000,
        "interestIncome": 0,
        "interestExpense": -6668000,
        "depreciationAndAmortization": 18945000,
        "ebitda": -91907000,
        "ebitdaratio": -0.0938983972,
        "operatingIncome": -110852000,
        "operatingIncomeRatio": -0.1132538885,
        "totalOtherIncomeExpensesNet": 251326000,
        "incomeBeforeTax": 140474000,
        "incomeBeforeTaxRatio": 0.1435177239,
        "incomeTaxExpense": -51189000,
        "netIncome": 191663000,
        "netIncomeRatio": 0.1958158628,
        "eps": 1.68,
        "epsdiluted": 1.63,
        "weightedAverageShsOut": 113845000,
        "weightedAverageShsOutDil": 117311000,
        "link": "https://www.sec.gov/Archives/edgar/data/941548/000095012906009472/0000950129-06-009472-index.htm",
        "finalLink": "https://www.sec.gov/Archives/edgar/data/941548/000095012906009472/h40831e10vq.htm"
    },
    {
        "date": "2006-06-30",
        "symbol": "CAM",
        "reportedCurrency": "USD",
        "cik": "0000941548",
        "fillingDate": "2006-08-01",
        "acceptedDate": "2006-08-01 14:41:32",
        "calendarYear": "2006",
        "period": "Q2",
        "revenue": 857765000,
        "costOfRevenue": 582909000,
        "grossProfit": 274856000,
        "grossProfitRatio": 0.3204327526,
        "researchAndDevelopmentExpenses": 0,
        "generalAndAdministrativeExpenses": 0,
        "sellingAndMarketingExpenses": 124597000,
        "sellingGeneralAndAdministrativeExpenses": 124597000,
        "otherExpenses": 0,
        "operatingExpenses": 124597000,
        "costAndExpenses": 740838000,
        "interestIncome": 0,
        "interestExpense": -4294000,
        "depreciationAndAmortization": 19562000,
        "ebitda": 192549000,
        "ebitdaratio": 0.2244775667,
        "operatingIncome": 172987000,
        "operatingIncomeRatio": 0.2016717866,
        "totalOtherIncomeExpensesNet": -56060000,
        "incomeBeforeTax": 116927000,
        "incomeBeforeTaxRatio": 0.1363158907,
        "incomeTaxExpense": -40963000,
        "netIncome": 157890000,
        "netIncomeRatio": 0.1840713948,
        "eps": 1.37,
        "epsdiluted": 1.33,
        "weightedAverageShsOut": 115087000,
        "weightedAverageShsOutDil": 118467000,
        "link": "https://www.sec.gov/Archives/edgar/data/941548/000095012906007424/0000950129-06-007424-index.htm",
        "finalLink": "https://www.sec.gov/Archives/edgar/data/941548/000095012906007424/h38219e10vq.htm"
    },
    {
        "date": "2006-03-31",
        "symbol": "CAM",
        "reportedCurrency": "USD",
        "cik": "0000941548",
        "fillingDate": "2006-05-02",
        "acceptedDate": "2006-05-02 17:28:01",
        "calendarYear": "2006",
        "period": "Q1",
        "revenue": 829660000,
        "costOfRevenue": 584995000,
        "grossProfit": 244665000,
        "grossProfitRatio": 0.29489791,
        "researchAndDevelopmentExpenses": 0,
        "generalAndAdministrativeExpenses": 0,
        "sellingAndMarketingExpenses": 125663000,
        "sellingGeneralAndAdministrativeExpenses": 125663000,
        "otherExpenses": 0,
        "operatingExpenses": 125663000,
        "costAndExpenses": 743441000,
        "interestIncome": 0,
        "interestExpense": -3247000,
        "depreciationAndAmortization": 17816000,
        "ebitda": 40434000,
        "ebitdaratio": 0.0487356266,
        "operatingIncome": 22618000,
        "operatingIncomeRatio": 0.0272617699,
        "totalOtherIncomeExpensesNet": 63601000,
        "incomeBeforeTax": 86219000,
        "incomeBeforeTaxRatio": 0.1039208833,
        "incomeTaxExpense": -30177000,
        "netIncome": 116396000,
        "netIncomeRatio": 0.1402936143,
        "eps": 1.01,
        "epsdiluted": 0.98,
        "weightedAverageShsOut": 115776000,
        "weightedAverageShsOutDil": 118253000,
        "link": "https://www.sec.gov/Archives/edgar/data/941548/000095012906004766/0000950129-06-004766-index.htm",
        "finalLink": "https://www.sec.gov/Archives/edgar/data/941548/000095012906004766/h35524e10vq.htm"
    },
    {
        "date": "2005-12-31",
        "symbol": "CAM",
        "reportedCurrency": "USD",
        "cik": "0000941548",
        "fillingDate": "2006-03-06",
        "acceptedDate": "2006-03-06 17:27:48",
        "calendarYear": "2005",
        "period": "Q4",
        "revenue": 738561000,
        "costOfRevenue": 516252000,
        "grossProfit": 222309000,
        "grossProfitRatio": 0.3010028962,
        "researchAndDevelopmentExpenses": 0,
        "generalAndAdministrativeExpenses": 0,
        "sellingAndMarketingExpenses": 112430000,
        "sellingGeneralAndAdministrativeExpenses": 112430000,
        "otherExpenses": 0,
        "operatingExpenses": 112430000,
        "costAndExpenses": 648131000,
        "interestIncome": 0,
        "interestExpense": -2904000,
        "depreciationAndAmortization": 15816000,
        "ebitda": 31862000,
        "ebitdaratio": 0.0431406478,
        "operatingIncome": 16046000,
        "operatingIncomeRatio": 0.0217260321,
        "totalOtherIncomeExpensesNet": 74384000,
        "incomeBeforeTax": 90430000,
        "incomeBeforeTaxRatio": 0.1224408004,
        "incomeTaxExpense": -35740000,
        "netIncome": 126170000,
        "netIncomeRatio": 0.1708321994,
        "eps": 1.14,
        "epsdiluted": 1.14,
        "weightedAverageShsOut": 110406451,
        "weightedAverageShsOutDil": 110406451,
        "link": "https://www.sec.gov/Archives/edgar/data/941548/000095012906002299/0000950129-06-002299-index.htm",
        "finalLink": "https://www.sec.gov/Archives/edgar/data/941548/000095012906002299/h33454e10vk.htm"
    },
    {
        "date": "2005-09-30",
        "symbol": "CAM",
        "reportedCurrency": "USD",
        "cik": "0000941548",
        "fillingDate": "2005-10-31",
        "acceptedDate": "2005-10-31 17:19:44",
        "calendarYear": "2005",
        "period": "Q3",
        "revenue": 636614000,
        "costOfRevenue": 449829000,
        "grossProfit": 186785000,
        "grossProfitRatio": 0.2934038523,
        "researchAndDevelopmentExpenses": 0,
        "generalAndAdministrativeExpenses": 0,
        "sellingAndMarketingExpenses": 94603000,
        "sellingGeneralAndAdministrativeExpenses": 94603000,
        "otherExpenses": 0,
        "operatingExpenses": 94603000,
        "costAndExpenses": 563620000,
        "interestIncome": 0,
        "interestExpense": -3905000,
        "depreciationAndAmortization": 15116000,
        "ebitda": 36653000,
        "ebitdaratio": 0.0575749198,
        "operatingIncome": 21537000,
        "operatingIncomeRatio": 0.0338305472,
        "totalOtherIncomeExpensesNet": 51457000,
        "incomeBeforeTax": 72994000,
        "incomeBeforeTaxRatio": 0.1146597467,
        "incomeTaxExpense": -23776000,
        "netIncome": 96770000,
        "netIncomeRatio": 0.1520073388,
        "eps": 1.77,
        "epsdiluted": 1.74,
        "weightedAverageShsOut": 54789000,
        "weightedAverageShsOutDil": 55557000,
        "link": "https://www.sec.gov/Archives/edgar/data/941548/000095012905010328/0000950129-05-010328-index.htm",
        "finalLink": "https://www.sec.gov/Archives/edgar/data/941548/000095012905010328/h29639e10vq.htm"
    },
    {
        "date": "2005-06-30",
        "symbol": "CAM",
        "reportedCurrency": "USD",
        "cik": "0000941548",
        "fillingDate": "2005-07-29",
        "acceptedDate": "2005-07-29 15:49:37",
        "calendarYear": "2005",
        "period": "Q2",
        "revenue": 594784000,
        "costOfRevenue": 422930000,
        "grossProfit": 171854000,
        "grossProfitRatio": 0.2889351428,
        "researchAndDevelopmentExpenses": 0,
        "generalAndAdministrativeExpenses": 0,
        "sellingAndMarketingExpenses": 95952000,
        "sellingGeneralAndAdministrativeExpenses": 95952000,
        "otherExpenses": 0,
        "operatingExpenses": 95952000,
        "costAndExpenses": 537242000,
        "interestIncome": 0,
        "interestExpense": -2738000,
        "depreciationAndAmortization": 15557000,
        "ebitda": 32539000,
        "ebitdaratio": 0.0547072551,
        "operatingIncome": 16982000,
        "operatingIncomeRatio": 0.0285515414,
        "totalOtherIncomeExpensesNet": 40560000,
        "incomeBeforeTax": 57542000,
        "incomeBeforeTaxRatio": 0.0967443643,
        "incomeTaxExpense": -18911000,
        "netIncome": 76453000,
        "netIncomeRatio": 0.1285390999,
        "eps": 1.41,
        "epsdiluted": 1.39,
        "weightedAverageShsOut": 54157000,
        "weightedAverageShsOutDil": 54821000,
        "link": "https://www.sec.gov/Archives/edgar/data/941548/000095012905007463/0000950129-05-007463-index.htm",
        "finalLink": "https://www.sec.gov/Archives/edgar/data/941548/000095012905007463/h27369e10vq.htm"
    },
    {
        "date": "2005-03-31",
        "symbol": "CAM",
        "reportedCurrency": "USD",
        "cik": "0000941548",
        "fillingDate": "2005-04-27",
        "acceptedDate": "2005-04-27 17:22:38",
        "calendarYear": "2005",
        "period": "Q1",
        "revenue": 547888000,
        "costOfRevenue": 407266000,
        "grossProfit": 140622000,
        "grossProfitRatio": 0.2566619455,
        "researchAndDevelopmentExpenses": 0,
        "generalAndAdministrativeExpenses": 0,
        "sellingAndMarketingExpenses": 78282000,
        "sellingGeneralAndAdministrativeExpenses": 78282000,
        "otherExpenses": 0,
        "operatingExpenses": 78282000,
        "costAndExpenses": 505842000,
        "interestIncome": 0,
        "interestExpense": -2406000,
        "depreciationAndAmortization": 17529000,
        "ebitda": 30259000,
        "ebitdaratio": 0.0552284408,
        "operatingIncome": 12730000,
        "operatingIncomeRatio": 0.0232346757,
        "totalOtherIncomeExpensesNet": 29316000,
        "incomeBeforeTax": 42046000,
        "incomeBeforeTaxRatio": 0.0767419619,
        "incomeTaxExpense": -13455000,
        "netIncome": 55501000,
        "netIncomeRatio": 0.1012999007,
        "eps": 1.03,
        "epsdiluted": 1.02,
        "weightedAverageShsOut": 53785000,
        "weightedAverageShsOutDil": 54407000,
        "link": "https://www.sec.gov/Archives/edgar/data/941548/000095012905004176/0000950129-05-004176-index.htm",
        "finalLink": "https://www.sec.gov/Archives/edgar/data/941548/000095012905004176/h24607e10vq.htm"
    },
    {
        "date": "2004-12-31",
        "symbol": "CAM",
        "reportedCurrency": "USD",
        "cik": "0000941548",
        "fillingDate": "2005-02-25",
        "acceptedDate": "2005-02-25 15:57:55",
        "calendarYear": "2004",
        "period": "Q4",
        "revenue": 2091300000,
        "costOfRevenue": 1559111000,
        "grossProfit": 532189000,
        "grossProfitRatio": 0.2544775977,
        "researchAndDevelopmentExpenses": 0,
        "generalAndAdministrativeExpenses": 0,
        "sellingAndMarketingExpenses": 299905000,
        "sellingGeneralAndAdministrativeExpenses": 299905000,
        "otherExpenses": 0,
        "operatingExpenses": 299905000,
        "costAndExpenses": 1958474000,
        "interestIncome": 0,
        "interestExpense": -17739000,
        "depreciationAndAmortization": 70106000,
        "ebitda": 108241000,
        "ebitdaratio": 0.0517577583,
        "operatingIncome": 38135000,
        "operatingIncomeRatio": 0.0182350691,
        "totalOtherIncomeExpensesNet": 94691000,
        "incomeBeforeTax": 132826000,
        "incomeBeforeTaxRatio": 0.063513604,
        "incomeTaxExpense": -38476000,
        "netIncome": 171302000,
        "netIncomeRatio": 0.0819117295,
        "eps": 3.21,
        "epsdiluted": 3.21,
        "weightedAverageShsOut": 53341807,
        "weightedAverageShsOutDil": 53341807,
        "link": "https://www.sec.gov/Archives/edgar/data/941548/000095012905001646/0000950129-05-001646-index.htm",
        "finalLink": "https://www.sec.gov/Archives/edgar/data/941548/000095012905001646/h21764e10vk.htm"
    },
    {
        "date": "2004-09-30",
        "symbol": "CAM",
        "reportedCurrency": "USD",
        "cik": "0000941548",
        "fillingDate": "2004-10-29",
        "acceptedDate": "2004-10-29 16:28:34",
        "calendarYear": "2004",
        "period": "Q3",
        "revenue": 538000000,
        "costOfRevenue": 395000000,
        "grossProfit": 143000000,
        "grossProfitRatio": 0.2657992565,
        "researchAndDevelopmentExpenses": 0,
        "generalAndAdministrativeExpenses": 0,
        "sellingAndMarketingExpenses": 77000000,
        "sellingGeneralAndAdministrativeExpenses": 77000000,
        "otherExpenses": 0,
        "operatingExpenses": 77000000,
        "costAndExpenses": 497000000,
        "interestIncome": 0,
        "interestExpense": -2000000,
        "depreciationAndAmortization": 17000000,
        "ebitda": 33000000,
        "ebitdaratio": 0.06133829,
        "operatingIncome": 16000000,
        "operatingIncomeRatio": 0.029739777,
        "totalOtherIncomeExpensesNet": 25000000,
        "incomeBeforeTax": 41000000,
        "incomeBeforeTaxRatio": 0.0762081784,
        "incomeTaxExpense": -12000000,
        "netIncome": 53000000,
        "netIncomeRatio": 0.0985130112,
        "eps": 1,
        "epsdiluted": 1,
        "weightedAverageShsOut": 53000000,
        "weightedAverageShsOutDil": 53000000,
        "link": "https://www.sec.gov/Archives/edgar/data/941548/000095012904008255/0000950129-04-008255-index.htm",
        "finalLink": "https://www.sec.gov/Archives/edgar/data/941548/000095012904008255/h19493e10vq.htm"
    },
    {
        "date": "2004-06-30",
        "symbol": "CAM",
        "reportedCurrency": "USD",
        "cik": "0000941548",
        "fillingDate": "2004-07-30",
        "acceptedDate": "2004-07-30 14:51:25",
        "calendarYear": "2004",
        "period": "Q2",
        "revenue": 545000000,
        "costOfRevenue": 417000000,
        "grossProfit": 128000000,
        "grossProfitRatio": 0.2348623853,
        "researchAndDevelopmentExpenses": 0,
        "generalAndAdministrativeExpenses": 0,
        "sellingAndMarketingExpenses": 72000000,
        "sellingGeneralAndAdministrativeExpenses": 72000000,
        "otherExpenses": 0,
        "operatingExpenses": 72000000,
        "costAndExpenses": 517000000,
        "interestIncome": 0,
        "interestExpense": -10000000,
        "depreciationAndAmortization": 17000000,
        "ebitda": 16000000,
        "ebitdaratio": 0.0293577982,
        "operatingIncome": -1000000,
        "operatingIncomeRatio": -0.0018348624,
        "totalOtherIncomeExpensesNet": 29000000,
        "incomeBeforeTax": 28000000,
        "incomeBeforeTaxRatio": 0.0513761468,
        "incomeTaxExpense": -9000000,
        "netIncome": 37000000,
        "netIncomeRatio": 0.0678899083,
        "eps": 0.7,
        "epsdiluted": 0.69,
        "weightedAverageShsOut": 53000000,
        "weightedAverageShsOutDil": 54000000,
        "link": "https://www.sec.gov/Archives/edgar/data/941548/000095012904005346/0000950129-04-005346-index.htm",
        "finalLink": "https://www.sec.gov/Archives/edgar/data/941548/000095012904005346/h17112e10vq.htm"
    },
    {
        "date": "2004-03-31",
        "symbol": "CAM",
        "reportedCurrency": "USD",
        "cik": "0000941548",
        "fillingDate": "2004-04-30",
        "acceptedDate": "2004-04-30 15:42:40",
        "calendarYear": "2004",
        "period": "Q1",
        "revenue": 462000000,
        "costOfRevenue": 345000000,
        "grossProfit": 117000000,
        "grossProfitRatio": 0.2532467532,
        "researchAndDevelopmentExpenses": 0,
        "generalAndAdministrativeExpenses": 0,
        "sellingAndMarketingExpenses": 70000000,
        "sellingGeneralAndAdministrativeExpenses": 70000000,
        "otherExpenses": 0,
        "operatingExpenses": 70000000,
        "costAndExpenses": 438000000,
        "interestIncome": 0,
        "interestExpense": -2000000,
        "depreciationAndAmortization": 17000000,
        "ebitda": 25000000,
        "ebitdaratio": 0.0541125541,
        "operatingIncome": 8000000,
        "operatingIncomeRatio": 0.0173160173,
        "totalOtherIncomeExpensesNet": 16000000,
        "incomeBeforeTax": 24000000,
        "incomeBeforeTaxRatio": 0.0519480519,
        "incomeTaxExpense": -7000000,
        "netIncome": 31000000,
        "netIncomeRatio": 0.0670995671,
        "eps": 0.58,
        "epsdiluted": 0.53,
        "weightedAverageShsOut": 53000000,
        "weightedAverageShsOutDil": 59000000,
        "link": "https://www.sec.gov/Archives/edgar/data/941548/000095012904002639/0000950129-04-002639-index.htm",
        "finalLink": "https://www.sec.gov/Archives/edgar/data/941548/000095012904002639/h14775e10vq.htm"
    },
    {
        "date": "2001-12-31",
        "symbol": "CAM",
        "reportedCurrency": "USD",
        "cik": "0000941548",
        "fillingDate": "2002-03-26",
        "acceptedDate": "2002-03-26 00:00:00",
        "calendarYear": "2001",
        "period": "Q4",
        "revenue": 1563261000,
        "costOfRevenue": 1080790000,
        "grossProfit": 482471000,
        "grossProfitRatio": 0.3086311243,
        "researchAndDevelopmentExpenses": 0,
        "generalAndAdministrativeExpenses": 0,
        "sellingAndMarketingExpenses": 231086000,
        "sellingGeneralAndAdministrativeExpenses": 231086000,
        "otherExpenses": 0,
        "operatingExpenses": 231086000,
        "costAndExpenses": 1420750000,
        "interestIncome": 0,
        "interestExpense": -88444000,
        "depreciationAndAmortization": 63058000,
        "ebitda": 117147000,
        "ebitdaratio": 0.0749375824,
        "operatingIncome": 54089000,
        "operatingIncomeRatio": 0.0346001084,
        "totalOtherIncomeExpensesNet": 88444000,
        "incomeBeforeTax": 142533000,
        "incomeBeforeTaxRatio": 0.0911767133,
        "incomeTaxExpense": -44222000,
        "netIncome": 186755000,
        "netIncomeRatio": 0.1194650158,
        "eps": 3.46,
        "epsdiluted": 3.32,
        "weightedAverageShsOut": 54035714,
        "weightedAverageShsOutDil": 56197142,
        "link": "https://www.sec.gov/Archives/edgar/data/941548/000095016802000495/0000950168-02-000495-index.htm",
        "finalLink": "https://www.sec.gov/Archives/edgar/data/941548/000095016802000495/d10k405.htm"
    },
    {
        "date": "2001-09-30",
        "symbol": "CAM",
        "reportedCurrency": "USD",
        "cik": "0000941548",
        "fillingDate": "2001-11-13",
        "acceptedDate": "2001-11-13 00:00:00",
        "calendarYear": "2001",
        "period": "Q3",
        "revenue": 417000000,
        "costOfRevenue": 288000000,
        "grossProfit": 129000000,
        "grossProfitRatio": 0.309352518,
        "researchAndDevelopmentExpenses": 0,
        "generalAndAdministrativeExpenses": 0,
        "sellingAndMarketingExpenses": 58000000,
        "sellingGeneralAndAdministrativeExpenses": 58000000,
        "otherExpenses": 0,
        "operatingExpenses": 58000000,
        "costAndExpenses": 346000000,
        "interestIncome": 0,
        "interestExpense": -30000000,
        "depreciationAndAmortization": 15000000,
        "ebitda": 34000000,
        "ebitdaratio": 0.0815347722,
        "operatingIncome": 19000000,
        "operatingIncomeRatio": 0.0455635492,
        "totalOtherIncomeExpensesNet": 30000000,
        "incomeBeforeTax": 49000000,
        "incomeBeforeTaxRatio": 0.1175059952,
        "incomeTaxExpense": -15000000,
        "netIncome": 64000000,
        "netIncomeRatio": 0.1534772182,
        "eps": 1.19,
        "epsdiluted": 1.08,
        "weightedAverageShsOut": 54000000,
        "weightedAverageShsOutDil": 59000000,
        "link": "https://www.sec.gov/Archives/edgar/data/941548/000089924301501744/0000899243-01-501744-index.htm",
        "finalLink": "https://www.sec.gov/Archives/edgar/data/941548/000089924301501744/d10q.htm"
    }
]