[
    {
        "date": "2025-09-30",
        "symbol": "CAR",
        "reportedCurrency": "USD",
        "cik": "0000723612",
        "fillingDate": "2025-10-28",
        "acceptedDate": "2025-10-28 09:17:26",
        "calendarYear": "2025",
        "period": "Q3",
        "revenue": 3519000000,
        "costOfRevenue": 2246000000,
        "grossProfit": 1273000000,
        "grossProfitRatio": 0.3617504973,
        "researchAndDevelopmentExpenses": 0,
        "generalAndAdministrativeExpenses": 0,
        "sellingAndMarketingExpenses": 0,
        "sellingGeneralAndAdministrativeExpenses": 531000000,
        "otherExpenses": 34000000,
        "operatingExpenses": 565000000,
        "costAndExpenses": 2811000000,
        "interestIncome": 0,
        "interestExpense": 357000000,
        "depreciationAndAmortization": 1010000000,
        "ebitda": 1832000000,
        "ebitdaratio": 0.5206024439,
        "operatingIncome": 708000000,
        "operatingIncomeRatio": 0.2011935209,
        "totalOtherIncomeExpensesNet": -235000000,
        "incomeBeforeTax": 473000000,
        "incomeBeforeTaxRatio": 0.1344131856,
        "incomeTaxExpense": 113000000,
        "netIncome": 359000000,
        "netIncomeRatio": 0.1020176186,
        "eps": 10.22,
        "epsdiluted": 10.1,
        "weightedAverageShsOut": 35200000,
        "weightedAverageShsOutDil": 35200000,
        "link": "https://www.sec.gov/Archives/edgar/data/723612/000072361225000078/0000723612-25-000078-index.htm",
        "finalLink": "https://www.sec.gov/Archives/edgar/data/723612/000072361225000078/car-20250930.htm"
    },
    {
        "date": "2025-06-30",
        "symbol": "CAR",
        "reportedCurrency": "USD",
        "cik": "0000723612",
        "fillingDate": "2025-07-30",
        "acceptedDate": "2025-07-30 09:29:00",
        "calendarYear": "2025",
        "period": "Q2",
        "revenue": 3039000000,
        "costOfRevenue": 2230000000,
        "grossProfit": 809000000,
        "grossProfitRatio": 0.2662059888,
        "researchAndDevelopmentExpenses": 0,
        "generalAndAdministrativeExpenses": 0,
        "sellingAndMarketingExpenses": 0,
        "sellingGeneralAndAdministrativeExpenses": 384000000,
        "otherExpenses": 33000000,
        "operatingExpenses": 417000000,
        "costAndExpenses": 2647000000,
        "interestIncome": 0,
        "interestExpense": 362000000,
        "depreciationAndAmortization": 988000000,
        "ebitda": 1365000000,
        "ebitdaratio": 0.4491609082,
        "operatingIncome": 392000000,
        "operatingIncomeRatio": 0.1289897993,
        "totalOtherIncomeExpensesNet": -377000000,
        "incomeBeforeTax": 15000000,
        "incomeBeforeTaxRatio": 0.0049358342,
        "incomeTaxExpense": 10000000,
        "netIncome": 4000000,
        "netIncomeRatio": 0.0013162224,
        "eps": 0.11,
        "epsdiluted": 0.11,
        "weightedAverageShsOut": 35200000,
        "weightedAverageShsOutDil": 35400000,
        "link": "https://www.sec.gov/Archives/edgar/data/723612/000072361225000067/0000723612-25-000067-index.htm",
        "finalLink": "https://www.sec.gov/Archives/edgar/data/723612/000072361225000067/car-20250630.htm"
    },
    {
        "date": "2025-03-31",
        "symbol": "CAR",
        "reportedCurrency": "USD",
        "cik": "0000723612",
        "fillingDate": "2025-05-08",
        "acceptedDate": "2025-05-08 09:34:21",
        "calendarYear": "2025",
        "period": "Q1",
        "revenue": 2430000000,
        "costOfRevenue": 2090000000,
        "grossProfit": 340000000,
        "grossProfitRatio": 0.1399176955,
        "researchAndDevelopmentExpenses": 0,
        "generalAndAdministrativeExpenses": 0,
        "sellingAndMarketingExpenses": 0,
        "sellingGeneralAndAdministrativeExpenses": 307000000,
        "otherExpenses": 28000000,
        "operatingExpenses": 335000000,
        "costAndExpenses": 2425000000,
        "interestIncome": 0,
        "interestExpense": 299000000,
        "depreciationAndAmortization": 1011000000,
        "ebitda": 635000000,
        "ebitdaratio": 0.2613168724,
        "operatingIncome": 5000000,
        "operatingIncomeRatio": 0.0020576132,
        "totalOtherIncomeExpensesNet": -682000000,
        "incomeBeforeTax": -677000000,
        "incomeBeforeTaxRatio": -0.278600823,
        "incomeTaxExpense": -173000000,
        "netIncome": -505000000,
        "netIncomeRatio": -0.20781893,
        "eps": -14.22,
        "epsdiluted": -14.22,
        "weightedAverageShsOut": 35500000,
        "weightedAverageShsOutDil": 35500000,
        "link": "https://www.sec.gov/Archives/edgar/data/723612/000072361225000056/0000723612-25-000056-index.htm",
        "finalLink": "https://www.sec.gov/Archives/edgar/data/723612/000072361225000056/car-20250331.htm"
    },
    {
        "date": "2024-12-31",
        "symbol": "CAR",
        "reportedCurrency": "USD",
        "cik": "0000723612",
        "fillingDate": "2025-02-14",
        "acceptedDate": "2025-02-14 16:02:02",
        "calendarYear": "2024",
        "period": "Q4",
        "revenue": 2710000000,
        "costOfRevenue": 2259000000,
        "grossProfit": 451000000,
        "grossProfitRatio": 0.1664206642,
        "researchAndDevelopmentExpenses": 0,
        "generalAndAdministrativeExpenses": 0,
        "sellingAndMarketingExpenses": 0,
        "sellingGeneralAndAdministrativeExpenses": 312000000,
        "otherExpenses": 36000000,
        "operatingExpenses": 348000000,
        "costAndExpenses": 2607000000,
        "interestIncome": 0,
        "interestExpense": 92000000,
        "depreciationAndAmortization": 1061000000,
        "ebitda": -1478000000,
        "ebitdaratio": -0.5453874539,
        "operatingIncome": 103000000,
        "operatingIncomeRatio": 0.0380073801,
        "totalOtherIncomeExpensesNet": -2944000000,
        "incomeBeforeTax": -2841000000,
        "incomeBeforeTaxRatio": -1.0483394834,
        "incomeTaxExpense": -884000000,
        "netIncome": -1958000000,
        "netIncomeRatio": -0.7225092251,
        "eps": -55.66,
        "epsdiluted": -55.66,
        "weightedAverageShsOut": 35200000,
        "weightedAverageShsOutDil": 35200000,
        "link": "https://www.sec.gov/Archives/edgar/data/723612/000072361225000005/0000723612-25-000005-index.htm",
        "finalLink": "https://www.sec.gov/Archives/edgar/data/723612/000072361225000005/car-20241231.htm"
    },
    {
        "date": "2024-09-30",
        "symbol": "CAR",
        "reportedCurrency": "USD",
        "cik": "0000723612",
        "fillingDate": "2024-11-01",
        "acceptedDate": "2024-11-01 09:37:46",
        "calendarYear": "2024",
        "period": "Q3",
        "revenue": 3480000000,
        "costOfRevenue": 2356000000,
        "grossProfit": 1124000000,
        "grossProfitRatio": 0.3229885057,
        "researchAndDevelopmentExpenses": 0,
        "generalAndAdministrativeExpenses": 0,
        "sellingAndMarketingExpenses": 0,
        "sellingGeneralAndAdministrativeExpenses": 367000000,
        "otherExpenses": 41000000,
        "operatingExpenses": 408000000,
        "costAndExpenses": 2764000000,
        "interestIncome": 0,
        "interestExpense": 95000000,
        "depreciationAndAmortization": 1079000000,
        "ebitda": 1737000000,
        "ebitdaratio": 0.499137931,
        "operatingIncome": 716000000,
        "operatingIncomeRatio": 0.2057471264,
        "totalOtherIncomeExpensesNet": -387000000,
        "incomeBeforeTax": 329000000,
        "incomeBeforeTaxRatio": 0.0945402299,
        "incomeTaxExpense": 91000000,
        "netIncome": 237000000,
        "netIncomeRatio": 0.0681034483,
        "eps": 6.68,
        "epsdiluted": 6.64,
        "weightedAverageShsOut": 35500000,
        "weightedAverageShsOutDil": 35700000,
        "link": "https://www.sec.gov/Archives/edgar/data/723612/000072361224000052/0000723612-24-000052-index.htm",
        "finalLink": "https://www.sec.gov/Archives/edgar/data/723612/000072361224000052/car-20240930.htm"
    },
    {
        "date": "2024-06-30",
        "symbol": "CAR",
        "reportedCurrency": "USD",
        "cik": "0000723612",
        "fillingDate": "2024-08-06",
        "acceptedDate": "2024-08-06 09:22:53",
        "calendarYear": "2024",
        "period": "Q2",
        "revenue": 3048000000,
        "costOfRevenue": 2233000000,
        "grossProfit": 815000000,
        "grossProfitRatio": 0.2673884514,
        "researchAndDevelopmentExpenses": 0,
        "generalAndAdministrativeExpenses": 0,
        "sellingAndMarketingExpenses": 0,
        "sellingGeneralAndAdministrativeExpenses": 348000000,
        "otherExpenses": 39000000,
        "operatingExpenses": 387000000,
        "costAndExpenses": 2620000000,
        "interestIncome": 0,
        "interestExpense": 88000000,
        "depreciationAndAmortization": 944000000,
        "ebitda": 1304000000,
        "ebitdaratio": 0.4278215223,
        "operatingIncome": 428000000,
        "operatingIncomeRatio": 0.1404199475,
        "totalOtherIncomeExpensesNet": -401000000,
        "incomeBeforeTax": 27000000,
        "incomeBeforeTaxRatio": 0.0088582677,
        "incomeTaxExpense": 12000000,
        "netIncome": 14000000,
        "netIncomeRatio": 0.0045931759,
        "eps": 0.39,
        "epsdiluted": 0.39,
        "weightedAverageShsOut": 35600000,
        "weightedAverageShsOutDil": 35700000,
        "link": "https://www.sec.gov/Archives/edgar/data/723612/000072361224000045/0000723612-24-000045-index.htm",
        "finalLink": "https://www.sec.gov/Archives/edgar/data/723612/000072361224000045/car-20240630.htm"
    },
    {
        "date": "2024-03-31",
        "symbol": "CAR",
        "reportedCurrency": "USD",
        "cik": "0000723612",
        "fillingDate": "2024-05-02",
        "acceptedDate": "2024-05-02 09:25:34",
        "calendarYear": "2024",
        "period": "Q1",
        "revenue": 2551000000,
        "costOfRevenue": 1972000000,
        "grossProfit": 579000000,
        "grossProfitRatio": 0.2269698158,
        "researchAndDevelopmentExpenses": 0,
        "generalAndAdministrativeExpenses": 0,
        "sellingAndMarketingExpenses": 0,
        "sellingGeneralAndAdministrativeExpenses": 325000000,
        "otherExpenses": 35000000,
        "operatingExpenses": 360000000,
        "costAndExpenses": 2332000000,
        "interestIncome": 0,
        "interestExpense": 83000000,
        "depreciationAndAmortization": 925000000,
        "ebitda": 1106000000,
        "ebitdaratio": 0.4335554684,
        "operatingIncome": 219000000,
        "operatingIncomeRatio": 0.0858486868,
        "totalOtherIncomeExpensesNet": -361000000,
        "incomeBeforeTax": -142000000,
        "incomeBeforeTaxRatio": -0.0556644453,
        "incomeTaxExpense": -29000000,
        "netIncome": -114000000,
        "netIncomeRatio": -0.0446883575,
        "eps": -3.2,
        "epsdiluted": -3.2,
        "weightedAverageShsOut": 35600000,
        "weightedAverageShsOutDil": 35600000,
        "link": "https://www.sec.gov/Archives/edgar/data/723612/000072361224000032/0000723612-24-000032-index.htm",
        "finalLink": "https://www.sec.gov/Archives/edgar/data/723612/000072361224000032/car-20240331.htm"
    },
    {
        "date": "2023-12-31",
        "symbol": "CAR",
        "reportedCurrency": "USD",
        "cik": "0000723612",
        "fillingDate": "2024-02-16",
        "acceptedDate": "2024-02-16 06:35:55",
        "calendarYear": "2023",
        "period": "Q4",
        "revenue": 2764000000,
        "costOfRevenue": 1989000000,
        "grossProfit": 775000000,
        "grossProfitRatio": 0.2803907381,
        "researchAndDevelopmentExpenses": 0,
        "generalAndAdministrativeExpenses": 0,
        "sellingAndMarketingExpenses": 0,
        "sellingGeneralAndAdministrativeExpenses": 309000000,
        "otherExpenses": 41000000,
        "operatingExpenses": 350000000,
        "costAndExpenses": 2339000000,
        "interestIncome": 0,
        "interestExpense": 75000000,
        "depreciationAndAmortization": 832000000,
        "ebitda": 1298000000,
        "ebitdaratio": 0.4696092619,
        "operatingIncome": 425000000,
        "operatingIncomeRatio": 0.1537626628,
        "totalOtherIncomeExpensesNet": -263000000,
        "incomeBeforeTax": 162000000,
        "incomeBeforeTaxRatio": 0.0586107091,
        "incomeTaxExpense": -98000000,
        "netIncome": 259000000,
        "netIncomeRatio": 0.0937047757,
        "eps": 7.19,
        "epsdiluted": 7.12,
        "weightedAverageShsOut": 36000000,
        "weightedAverageShsOutDil": 36400000,
        "link": "https://www.sec.gov/Archives/edgar/data/723612/000072361224000007/0000723612-24-000007-index.htm",
        "finalLink": "https://www.sec.gov/Archives/edgar/data/723612/000072361224000007/car-20231231.htm"
    },
    {
        "date": "2023-09-30",
        "symbol": "CAR",
        "reportedCurrency": "USD",
        "cik": "0000723612",
        "fillingDate": "2023-11-02",
        "acceptedDate": "2023-11-02 09:26:07",
        "calendarYear": "2023",
        "period": "Q3",
        "revenue": 3564000000,
        "costOfRevenue": 2212000000,
        "grossProfit": 1352000000,
        "grossProfitRatio": 0.379349046,
        "researchAndDevelopmentExpenses": 0,
        "generalAndAdministrativeExpenses": 0,
        "sellingAndMarketingExpenses": 0,
        "sellingGeneralAndAdministrativeExpenses": 397000000,
        "otherExpenses": 48000000,
        "operatingExpenses": 445000000,
        "costAndExpenses": 2657000000,
        "interestIncome": 0,
        "interestExpense": 80000000,
        "depreciationAndAmortization": 990000000,
        "ebitda": 2040000000,
        "ebitdaratio": 0.5723905724,
        "operatingIncome": 907000000,
        "operatingIncomeRatio": 0.2544893378,
        "totalOtherIncomeExpensesNet": -150000000,
        "incomeBeforeTax": 757000000,
        "incomeBeforeTaxRatio": 0.2124017957,
        "incomeTaxExpense": 130000000,
        "netIncome": 626000000,
        "netIncomeRatio": 0.1756453423,
        "eps": 16.96,
        "epsdiluted": 16.78,
        "weightedAverageShsOut": 36900000,
        "weightedAverageShsOutDil": 37300000,
        "link": "https://www.sec.gov/Archives/edgar/data/723612/000072361223000054/0000723612-23-000054-index.htm",
        "finalLink": "https://www.sec.gov/Archives/edgar/data/723612/000072361223000054/car-20230930.htm"
    },
    {
        "date": "2023-06-30",
        "symbol": "CAR",
        "reportedCurrency": "USD",
        "cik": "0000723612",
        "fillingDate": "2023-08-01",
        "acceptedDate": "2023-08-01 09:23:56",
        "calendarYear": "2023",
        "period": "Q2",
        "revenue": 3123000000,
        "costOfRevenue": 2067000000,
        "grossProfit": 1056000000,
        "grossProfitRatio": 0.3381364073,
        "researchAndDevelopmentExpenses": 0,
        "generalAndAdministrativeExpenses": 0,
        "sellingAndMarketingExpenses": 0,
        "sellingGeneralAndAdministrativeExpenses": 378000000,
        "otherExpenses": 40000000,
        "operatingExpenses": 418000000,
        "costAndExpenses": 2485000000,
        "interestIncome": 0,
        "interestExpense": 68000000,
        "depreciationAndAmortization": 844000000,
        "ebitda": 1678000000,
        "ebitdaratio": 0.5373038745,
        "operatingIncome": 638000000,
        "operatingIncomeRatio": 0.2042907461,
        "totalOtherIncomeExpensesNet": -40000000,
        "incomeBeforeTax": 598000000,
        "incomeBeforeTaxRatio": 0.1914825488,
        "incomeTaxExpense": 162000000,
        "netIncome": 435000000,
        "netIncomeRatio": 0.1392891451,
        "eps": 11.13,
        "epsdiluted": 11.01,
        "weightedAverageShsOut": 39100000,
        "weightedAverageShsOutDil": 39500000,
        "link": "https://www.sec.gov/Archives/edgar/data/723612/000072361223000048/0000723612-23-000048-index.htm",
        "finalLink": "https://www.sec.gov/Archives/edgar/data/723612/000072361223000048/car-20230630.htm"
    },
    {
        "date": "2023-03-31",
        "symbol": "CAR",
        "reportedCurrency": "USD",
        "cik": "0000723612",
        "fillingDate": "2023-05-02",
        "acceptedDate": "2023-05-02 09:16:02",
        "calendarYear": "2023",
        "period": "Q1",
        "revenue": 2557000000,
        "costOfRevenue": 1840000000,
        "grossProfit": 717000000,
        "grossProfitRatio": 0.2804067266,
        "researchAndDevelopmentExpenses": 0,
        "generalAndAdministrativeExpenses": 0,
        "sellingAndMarketingExpenses": 0,
        "sellingGeneralAndAdministrativeExpenses": 324000000,
        "otherExpenses": 38000000,
        "operatingExpenses": 362000000,
        "costAndExpenses": 2202000000,
        "interestIncome": 0,
        "interestExpense": 73000000,
        "depreciationAndAmortization": 784000000,
        "ebitda": 1383000000,
        "ebitdaratio": 0.5408682049,
        "operatingIncome": 355000000,
        "operatingIncomeRatio": 0.1388345718,
        "totalOtherIncomeExpensesNet": 42000000,
        "incomeBeforeTax": 397000000,
        "incomeBeforeTaxRatio": 0.1552600704,
        "incomeTaxExpense": 85000000,
        "netIncome": 312000000,
        "netIncomeRatio": 0.1220179898,
        "eps": 7.88,
        "epsdiluted": 7.72,
        "weightedAverageShsOut": 39600000,
        "weightedAverageShsOutDil": 40400000,
        "link": "https://www.sec.gov/Archives/edgar/data/723612/000072361223000036/0000723612-23-000036-index.htm",
        "finalLink": "https://www.sec.gov/Archives/edgar/data/723612/000072361223000036/car-20230331.htm"
    },
    {
        "date": "2022-12-31",
        "symbol": "CAR",
        "reportedCurrency": "USD",
        "cik": "0000723612",
        "fillingDate": "2023-02-16",
        "acceptedDate": "2023-02-16 08:14:58",
        "calendarYear": "2022",
        "period": "Q4",
        "revenue": 2771000000,
        "costOfRevenue": 1860000000,
        "grossProfit": 911000000,
        "grossProfitRatio": 0.3287621797,
        "researchAndDevelopmentExpenses": 0,
        "generalAndAdministrativeExpenses": 0,
        "sellingAndMarketingExpenses": 0,
        "sellingGeneralAndAdministrativeExpenses": 322000000,
        "otherExpenses": 35000000,
        "operatingExpenses": 357000000,
        "costAndExpenses": 2217000000,
        "interestIncome": 0,
        "interestExpense": 69000000,
        "depreciationAndAmortization": 774000000,
        "ebitda": 1450000000,
        "ebitdaratio": 0.5232767954,
        "operatingIncome": 554000000,
        "operatingIncomeRatio": 0.1999278239,
        "totalOtherIncomeExpensesNet": -38000000,
        "incomeBeforeTax": 516000000,
        "incomeBeforeTaxRatio": 0.186214363,
        "incomeTaxExpense": 92000000,
        "netIncome": 423000000,
        "netIncomeRatio": 0.152652472,
        "eps": 10.32,
        "epsdiluted": 10.1,
        "weightedAverageShsOut": 41000000,
        "weightedAverageShsOutDil": 41900000,
        "link": "https://www.sec.gov/Archives/edgar/data/723612/000072361223000015/0000723612-23-000015-index.htm",
        "finalLink": "https://www.sec.gov/Archives/edgar/data/723612/000072361223000015/car-20221231.htm"
    },
    {
        "date": "2022-09-30",
        "symbol": "CAR",
        "reportedCurrency": "USD",
        "cik": "0000723612",
        "fillingDate": "2022-11-01",
        "acceptedDate": "2022-11-01 09:26:05",
        "calendarYear": "2022",
        "period": "Q3",
        "revenue": 3547000000,
        "costOfRevenue": 1974000000,
        "grossProfit": 1573000000,
        "grossProfitRatio": 0.4434733578,
        "researchAndDevelopmentExpenses": 0,
        "generalAndAdministrativeExpenses": 0,
        "sellingAndMarketingExpenses": 0,
        "sellingGeneralAndAdministrativeExpenses": 384000000,
        "otherExpenses": 38000000,
        "operatingExpenses": 422000000,
        "costAndExpenses": 2396000000,
        "interestIncome": 0,
        "interestExpense": 64000000,
        "depreciationAndAmortization": 737000000,
        "ebitda": 2277000000,
        "ebitdaratio": 0.6419509445,
        "operatingIncome": 1151000000,
        "operatingIncomeRatio": 0.3244995771,
        "totalOtherIncomeExpensesNet": 191000000,
        "incomeBeforeTax": 1342000000,
        "incomeBeforeTaxRatio": 0.3783478996,
        "incomeTaxExpense": 311000000,
        "netIncome": 1034000000,
        "netIncomeRatio": 0.2915139555,
        "eps": 22.09,
        "epsdiluted": 21.68,
        "weightedAverageShsOut": 46800000,
        "weightedAverageShsOutDil": 47700000,
        "link": "https://www.sec.gov/Archives/edgar/data/723612/000072361222000051/0000723612-22-000051-index.htm",
        "finalLink": "https://www.sec.gov/Archives/edgar/data/723612/000072361222000051/car-20220930.htm"
    },
    {
        "date": "2022-06-30",
        "symbol": "CAR",
        "reportedCurrency": "USD",
        "cik": "0000723612",
        "fillingDate": "2022-08-02",
        "acceptedDate": "2022-08-02 09:28:19",
        "calendarYear": "2022",
        "period": "Q2",
        "revenue": 3244000000,
        "costOfRevenue": 1798000000,
        "grossProfit": 1446000000,
        "grossProfitRatio": 0.4457459926,
        "researchAndDevelopmentExpenses": 0,
        "generalAndAdministrativeExpenses": 0,
        "sellingAndMarketingExpenses": 0,
        "sellingGeneralAndAdministrativeExpenses": 359000000,
        "otherExpenses": 32000000,
        "operatingExpenses": 391000000,
        "costAndExpenses": 2189000000,
        "interestIncome": 0,
        "interestExpense": 64000000,
        "depreciationAndAmortization": 667000000,
        "ebitda": 1944000000,
        "ebitdaratio": 0.5992601726,
        "operatingIncome": 1055000000,
        "operatingIncomeRatio": 0.325215783,
        "totalOtherIncomeExpensesNet": 28000000,
        "incomeBeforeTax": 1083000000,
        "incomeBeforeTaxRatio": 0.3338471023,
        "incomeTaxExpense": 309000000,
        "netIncome": 778000000,
        "netIncomeRatio": 0.2398273736,
        "eps": 16.04,
        "epsdiluted": 15.72,
        "weightedAverageShsOut": 48500000,
        "weightedAverageShsOutDil": 49500000,
        "link": "https://www.sec.gov/Archives/edgar/data/723612/000072361222000041/0000723612-22-000041-index.htm",
        "finalLink": "https://www.sec.gov/Archives/edgar/data/723612/000072361222000041/car-20220630.htm"
    },
    {
        "date": "2022-03-31",
        "symbol": "CAR",
        "reportedCurrency": "USD",
        "cik": "0000723612",
        "fillingDate": "2022-05-03",
        "acceptedDate": "2022-05-03 07:23:06",
        "calendarYear": "2022",
        "period": "Q1",
        "revenue": 2432000000,
        "costOfRevenue": 1591000000,
        "grossProfit": 841000000,
        "grossProfitRatio": 0.3458059211,
        "researchAndDevelopmentExpenses": 0,
        "generalAndAdministrativeExpenses": 0,
        "sellingAndMarketingExpenses": 0,
        "sellingGeneralAndAdministrativeExpenses": 283000000,
        "otherExpenses": 33000000,
        "operatingExpenses": 316000000,
        "costAndExpenses": 1907000000,
        "interestIncome": 0,
        "interestExpense": 53000000,
        "depreciationAndAmortization": 633000000,
        "ebitda": 1477000000,
        "ebitdaratio": 0.6073190789,
        "operatingIncome": 525000000,
        "operatingIncomeRatio": 0.2158717105,
        "totalOtherIncomeExpensesNet": 170000000,
        "incomeBeforeTax": 695000000,
        "incomeBeforeTaxRatio": 0.2857730263,
        "incomeTaxExpense": 168000000,
        "netIncome": 529000000,
        "netIncomeRatio": 0.2175164474,
        "eps": 9.96,
        "epsdiluted": 9.71,
        "weightedAverageShsOut": 53100000,
        "weightedAverageShsOutDil": 54500000,
        "link": "https://www.sec.gov/Archives/edgar/data/723612/000072361222000029/0000723612-22-000029-index.htm",
        "finalLink": "https://www.sec.gov/Archives/edgar/data/723612/000072361222000029/car-20220331.htm"
    },
    {
        "date": "2021-12-31",
        "symbol": "CAR",
        "reportedCurrency": "USD",
        "cik": "0000723612",
        "fillingDate": "2022-02-17",
        "acceptedDate": "2022-02-17 16:12:19",
        "calendarYear": "2021",
        "period": "Q4",
        "revenue": 2569000000,
        "costOfRevenue": 1672000000,
        "grossProfit": 897000000,
        "grossProfitRatio": 0.3491630985,
        "researchAndDevelopmentExpenses": 0,
        "generalAndAdministrativeExpenses": 0,
        "sellingAndMarketingExpenses": 0,
        "sellingGeneralAndAdministrativeExpenses": 308000000,
        "otherExpenses": 27000000,
        "operatingExpenses": 335000000,
        "costAndExpenses": 2007000000,
        "interestIncome": 0,
        "interestExpense": 51000000,
        "depreciationAndAmortization": 738000000,
        "ebitda": 1417000000,
        "ebitdaratio": 0.5515764889,
        "operatingIncome": 562000000,
        "operatingIncomeRatio": 0.2187621643,
        "totalOtherIncomeExpensesNet": -19000000,
        "incomeBeforeTax": 543000000,
        "incomeBeforeTaxRatio": 0.2113662904,
        "incomeTaxExpense": 162000000,
        "netIncome": 382000000,
        "netIncomeRatio": 0.1486959907,
        "eps": 6.78,
        "epsdiluted": 6.63,
        "weightedAverageShsOut": 56400000,
        "weightedAverageShsOutDil": 57700000,
        "link": "https://www.sec.gov/Archives/edgar/data/723612/000072361222000006/0000723612-22-000006-index.htm",
        "finalLink": "https://www.sec.gov/Archives/edgar/data/723612/000072361222000006/car-20211231.htm"
    },
    {
        "date": "2021-09-30",
        "symbol": "CAR",
        "reportedCurrency": "USD",
        "cik": "0000723612",
        "fillingDate": "2021-11-02",
        "acceptedDate": "2021-11-02 09:25:18",
        "calendarYear": "2021",
        "period": "Q3",
        "revenue": 3001000000,
        "costOfRevenue": 1685000000,
        "grossProfit": 1316000000,
        "grossProfitRatio": 0.4385204932,
        "researchAndDevelopmentExpenses": 0,
        "generalAndAdministrativeExpenses": 0,
        "sellingAndMarketingExpenses": 0,
        "sellingGeneralAndAdministrativeExpenses": 361000000,
        "otherExpenses": 43000000,
        "operatingExpenses": 404000000,
        "costAndExpenses": 2089000000,
        "interestIncome": 0,
        "interestExpense": 47000000,
        "depreciationAndAmortization": 525000000,
        "ebitda": 1591000000,
        "ebitdaratio": 0.5301566145,
        "operatingIncome": 912000000,
        "operatingIncomeRatio": 0.3038987004,
        "totalOtherIncomeExpensesNet": 17000000,
        "incomeBeforeTax": 929000000,
        "incomeBeforeTaxRatio": 0.3095634788,
        "incomeTaxExpense": 255000000,
        "netIncome": 675000000,
        "netIncomeRatio": 0.224925025,
        "eps": 10.58,
        "epsdiluted": 10.45,
        "weightedAverageShsOut": 63700000,
        "weightedAverageShsOutDil": 64600000,
        "link": "https://www.sec.gov/Archives/edgar/data/723612/000072361221000064/0000723612-21-000064-index.htm",
        "finalLink": "https://www.sec.gov/Archives/edgar/data/723612/000072361221000064/car-20210930.htm"
    },
    {
        "date": "2021-06-30",
        "symbol": "CAR",
        "reportedCurrency": "USD",
        "cik": "0000723612",
        "fillingDate": "2021-08-04",
        "acceptedDate": "2021-08-04 09:32:38",
        "calendarYear": "2021",
        "period": "Q2",
        "revenue": 2371000000,
        "costOfRevenue": 1429000000,
        "grossProfit": 942000000,
        "grossProfitRatio": 0.397300717,
        "researchAndDevelopmentExpenses": 0,
        "generalAndAdministrativeExpenses": 0,
        "sellingAndMarketingExpenses": 0,
        "sellingGeneralAndAdministrativeExpenses": 292000000,
        "otherExpenses": 42000000,
        "operatingExpenses": 334000000,
        "costAndExpenses": 1763000000,
        "interestIncome": 0,
        "interestExpense": 59000000,
        "depreciationAndAmortization": 654000000,
        "ebitda": 1281000000,
        "ebitdaratio": 0.5402783636,
        "operatingIncome": 608000000,
        "operatingIncomeRatio": 0.2564318853,
        "totalOtherIncomeExpensesNet": -122000000,
        "incomeBeforeTax": 486000000,
        "incomeBeforeTaxRatio": 0.204976803,
        "incomeTaxExpense": 88000000,
        "netIncome": 398000000,
        "netIncomeRatio": 0.1678616617,
        "eps": 5.69,
        "epsdiluted": 5.63,
        "weightedAverageShsOut": 69900000,
        "weightedAverageShsOutDil": 70600000,
        "link": "https://www.sec.gov/Archives/edgar/data/723612/000072361221000049/0000723612-21-000049-index.htm",
        "finalLink": "https://www.sec.gov/Archives/edgar/data/723612/000072361221000049/car-20210630.htm"
    },
    {
        "date": "2021-03-31",
        "symbol": "CAR",
        "reportedCurrency": "USD",
        "cik": "0000723612",
        "fillingDate": "2021-05-04",
        "acceptedDate": "2021-05-04 09:23:54",
        "calendarYear": "2021",
        "period": "Q1",
        "revenue": 1372000000,
        "costOfRevenue": 1143000000,
        "grossProfit": 229000000,
        "grossProfitRatio": 0.166909621,
        "researchAndDevelopmentExpenses": 0,
        "generalAndAdministrativeExpenses": 0,
        "sellingAndMarketingExpenses": 0,
        "sellingGeneralAndAdministrativeExpenses": 181000000,
        "otherExpenses": 44000000,
        "operatingExpenses": 225000000,
        "costAndExpenses": 1368000000,
        "interestIncome": 0,
        "interestExpense": 61000000,
        "depreciationAndAmortization": 563000000,
        "ebitda": 450000000,
        "ebitdaratio": 0.3279883382,
        "operatingIncome": 4000000,
        "operatingIncomeRatio": 0.0029154519,
        "totalOtherIncomeExpensesNet": -254000000,
        "incomeBeforeTax": -250000000,
        "incomeBeforeTaxRatio": -0.1822157434,
        "incomeTaxExpense": -80000000,
        "netIncome": -170000000,
        "netIncomeRatio": -0.1239067055,
        "eps": -2.43,
        "epsdiluted": -2.43,
        "weightedAverageShsOut": 69900000,
        "weightedAverageShsOutDil": 69900000,
        "link": "https://www.sec.gov/Archives/edgar/data/723612/000072361221000031/0000723612-21-000031-index.htm",
        "finalLink": "https://www.sec.gov/Archives/edgar/data/723612/000072361221000031/car-20210331.htm"
    },
    {
        "date": "2020-12-31",
        "symbol": "CAR",
        "reportedCurrency": "USD",
        "cik": "0000723612",
        "fillingDate": "2021-02-17",
        "acceptedDate": "2021-02-17 08:32:17",
        "calendarYear": "2020",
        "period": "Q4",
        "revenue": 1355000000,
        "costOfRevenue": 1121000000,
        "grossProfit": 234000000,
        "grossProfitRatio": 0.1726937269,
        "researchAndDevelopmentExpenses": 0,
        "generalAndAdministrativeExpenses": 0,
        "sellingAndMarketingExpenses": 0,
        "sellingGeneralAndAdministrativeExpenses": 154000000,
        "otherExpenses": 43000000,
        "operatingExpenses": 197000000,
        "costAndExpenses": 1318000000,
        "interestIncome": 0,
        "interestExpense": 68000000,
        "depreciationAndAmortization": 574000000,
        "ebitda": 561000000,
        "ebitdaratio": 0.4140221402,
        "operatingIncome": 37000000,
        "operatingIncomeRatio": 0.0273062731,
        "totalOtherIncomeExpensesNet": -172000000,
        "incomeBeforeTax": -135000000,
        "incomeBeforeTaxRatio": -0.0996309963,
        "incomeTaxExpense": -45000000,
        "netIncome": -90000000,
        "netIncomeRatio": -0.0664206642,
        "eps": -1.29,
        "epsdiluted": -1.29,
        "weightedAverageShsOut": 69600000,
        "weightedAverageShsOutDil": 69700000,
        "link": "https://www.sec.gov/Archives/edgar/data/723612/000072361221000005/0000723612-21-000005-index.htm",
        "finalLink": "https://www.sec.gov/Archives/edgar/data/723612/000072361221000005/car-20201231.htm"
    },
    {
        "date": "2020-09-30",
        "symbol": "CAR",
        "reportedCurrency": "USD",
        "cik": "0000723612",
        "fillingDate": "2020-10-30",
        "acceptedDate": "2020-10-30 09:29:15",
        "calendarYear": "2020",
        "period": "Q3",
        "revenue": 1534000000,
        "costOfRevenue": 1205000000,
        "grossProfit": 329000000,
        "grossProfitRatio": 0.2144719687,
        "researchAndDevelopmentExpenses": 0,
        "generalAndAdministrativeExpenses": 0,
        "sellingAndMarketingExpenses": 0,
        "sellingGeneralAndAdministrativeExpenses": 166000000,
        "otherExpenses": 48000000,
        "operatingExpenses": 214000000,
        "costAndExpenses": 1419000000,
        "interestIncome": 0,
        "interestExpense": 64000000,
        "depreciationAndAmortization": 675000000,
        "ebitda": 863000000,
        "ebitdaratio": 0.5625814863,
        "operatingIncome": 115000000,
        "operatingIncomeRatio": 0.0749674055,
        "totalOtherIncomeExpensesNet": -62000000,
        "incomeBeforeTax": 53000000,
        "incomeBeforeTaxRatio": 0.0345501956,
        "incomeTaxExpense": 8000000,
        "netIncome": 45000000,
        "netIncomeRatio": 0.0293350717,
        "eps": 0.64,
        "epsdiluted": 0.63,
        "weightedAverageShsOut": 69700000,
        "weightedAverageShsOutDil": 70200000,
        "link": "https://www.sec.gov/Archives/edgar/data/723612/000072361220000101/0000723612-20-000101-index.htm",
        "finalLink": "https://www.sec.gov/Archives/edgar/data/723612/000072361220000101/car-20200930.htm"
    },
    {
        "date": "2020-06-30",
        "symbol": "CAR",
        "reportedCurrency": "USD",
        "cik": "0000723612",
        "fillingDate": "2020-07-29",
        "acceptedDate": "2020-07-29 09:48:20",
        "calendarYear": "2020",
        "period": "Q2",
        "revenue": 760000000,
        "costOfRevenue": 948000000,
        "grossProfit": -188000000,
        "grossProfitRatio": -0.2473684211,
        "researchAndDevelopmentExpenses": 0,
        "generalAndAdministrativeExpenses": 0,
        "sellingAndMarketingExpenses": 0,
        "sellingGeneralAndAdministrativeExpenses": 132000000,
        "otherExpenses": 42000000,
        "operatingExpenses": 174000000,
        "costAndExpenses": 1122000000,
        "interestIncome": 0,
        "interestExpense": 51000000,
        "depreciationAndAmortization": 598000000,
        "ebitda": 129000000,
        "ebitdaratio": 0.1697368421,
        "operatingIncome": -362000000,
        "operatingIncomeRatio": -0.4763157895,
        "totalOtherIncomeExpensesNet": -247000000,
        "incomeBeforeTax": -609000000,
        "incomeBeforeTaxRatio": -0.8013157895,
        "incomeTaxExpense": -128000000,
        "netIncome": -481000000,
        "netIncomeRatio": -0.6328947368,
        "eps": -6.91,
        "epsdiluted": -6.91,
        "weightedAverageShsOut": 69600000,
        "weightedAverageShsOutDil": 69600000,
        "link": "https://www.sec.gov/Archives/edgar/data/723612/000072361220000083/0000723612-20-000083-index.htm",
        "finalLink": "https://www.sec.gov/Archives/edgar/data/723612/000072361220000083/car-20200630.htm"
    },
    {
        "date": "2020-03-31",
        "symbol": "CAR",
        "reportedCurrency": "USD",
        "cik": "0000723612",
        "fillingDate": "2020-05-01",
        "acceptedDate": "2020-04-30 21:44:12",
        "calendarYear": "2020",
        "period": "Q1",
        "revenue": 1753000000,
        "costOfRevenue": 1526000000,
        "grossProfit": 227000000,
        "grossProfitRatio": 0.1294922989,
        "researchAndDevelopmentExpenses": 0,
        "generalAndAdministrativeExpenses": 0,
        "sellingAndMarketingExpenses": 0,
        "sellingGeneralAndAdministrativeExpenses": 251000000,
        "otherExpenses": 56000000,
        "operatingExpenses": 307000000,
        "costAndExpenses": 1833000000,
        "interestIncome": 0,
        "interestExpense": 48000000,
        "depreciationAndAmortization": 714000000,
        "ebitda": 613000000,
        "ebitdaratio": 0.3496862521,
        "operatingIncome": -80000000,
        "operatingIncomeRatio": -0.0456360525,
        "totalOtherIncomeExpensesNet": -185000000,
        "incomeBeforeTax": -265000000,
        "incomeBeforeTaxRatio": -0.1511694238,
        "incomeTaxExpense": -107000000,
        "netIncome": -158000000,
        "netIncomeRatio": -0.0901312037,
        "eps": -2.17,
        "epsdiluted": -2.17,
        "weightedAverageShsOut": 72900000,
        "weightedAverageShsOutDil": 72900000,
        "link": "https://www.sec.gov/Archives/edgar/data/723612/000072361220000057/0000723612-20-000057-index.htm",
        "finalLink": "https://www.sec.gov/Archives/edgar/data/723612/000072361220000057/car-2020033110q.htm"
    },
    {
        "date": "2019-12-31",
        "symbol": "CAR",
        "reportedCurrency": "USD",
        "cik": "0000723612",
        "fillingDate": "2020-02-20",
        "acceptedDate": "2020-02-20 16:21:11",
        "calendarYear": "2019",
        "period": "Q4",
        "revenue": 2162000000,
        "costOfRevenue": 1668000000,
        "grossProfit": 494000000,
        "grossProfitRatio": 0.2284921369,
        "researchAndDevelopmentExpenses": 0,
        "generalAndAdministrativeExpenses": 0,
        "sellingAndMarketingExpenses": 0,
        "sellingGeneralAndAdministrativeExpenses": 290000000,
        "otherExpenses": 64000000,
        "operatingExpenses": 354000000,
        "costAndExpenses": 2022000000,
        "interestIncome": 0,
        "interestExpense": 39000000,
        "depreciationAndAmortization": 738000000,
        "ebitda": 842000000,
        "ebitdaratio": 0.3894542091,
        "operatingIncome": 140000000,
        "operatingIncomeRatio": 0.0647548566,
        "totalOtherIncomeExpensesNet": -126000000,
        "incomeBeforeTax": 14000000,
        "incomeBeforeTaxRatio": 0.0064754857,
        "incomeTaxExpense": -128000000,
        "netIncome": 142000000,
        "netIncomeRatio": 0.065679926,
        "eps": 1.92,
        "epsdiluted": 1.9,
        "weightedAverageShsOut": 73900000,
        "weightedAverageShsOutDil": 74400000,
        "link": "https://www.sec.gov/Archives/edgar/data/723612/000072361220000011/0000723612-20-000011-index.htm",
        "finalLink": "https://www.sec.gov/Archives/edgar/data/723612/000072361220000011/car-20191231x10k.htm"
    },
    {
        "date": "2019-09-30",
        "symbol": "CAR",
        "reportedCurrency": "USD",
        "cik": "0000723612",
        "fillingDate": "2019-11-01",
        "acceptedDate": "2019-11-01 09:55:53",
        "calendarYear": "2019",
        "period": "Q3",
        "revenue": 2753000000,
        "costOfRevenue": 1869000000,
        "grossProfit": 884000000,
        "grossProfitRatio": 0.3211042499,
        "researchAndDevelopmentExpenses": 0,
        "generalAndAdministrativeExpenses": 0,
        "sellingAndMarketingExpenses": 0,
        "sellingGeneralAndAdministrativeExpenses": 350000000,
        "otherExpenses": 72000000,
        "operatingExpenses": 422000000,
        "costAndExpenses": 2291000000,
        "interestIncome": 0,
        "interestExpense": 49000000,
        "depreciationAndAmortization": 844000000,
        "ebitda": 1321000000,
        "ebitdaratio": 0.4798401744,
        "operatingIncome": 462000000,
        "operatingIncomeRatio": 0.167816927,
        "totalOtherIncomeExpensesNet": -134000000,
        "incomeBeforeTax": 328000000,
        "incomeBeforeTaxRatio": 0.1191427534,
        "incomeTaxExpense": 139000000,
        "netIncome": 189000000,
        "netIncomeRatio": 0.0686523792,
        "eps": 2.52,
        "epsdiluted": 2.5,
        "weightedAverageShsOut": 75200000,
        "weightedAverageShsOutDil": 75700000,
        "link": "https://www.sec.gov/Archives/edgar/data/723612/000072361219000128/0000723612-19-000128-index.htm",
        "finalLink": "https://www.sec.gov/Archives/edgar/data/723612/000072361219000128/car-20190930x10q.htm"
    },
    {
        "date": "2019-06-30",
        "symbol": "CAR",
        "reportedCurrency": "USD",
        "cik": "0000723612",
        "fillingDate": "2019-08-06",
        "acceptedDate": "2019-08-06 09:17:15",
        "calendarYear": "2019",
        "period": "Q2",
        "revenue": 2337000000,
        "costOfRevenue": 1737000000,
        "grossProfit": 600000000,
        "grossProfitRatio": 0.2567394095,
        "researchAndDevelopmentExpenses": 0,
        "generalAndAdministrativeExpenses": 0,
        "sellingAndMarketingExpenses": 0,
        "sellingGeneralAndAdministrativeExpenses": 313000000,
        "otherExpenses": 62000000,
        "operatingExpenses": 375000000,
        "costAndExpenses": 2112000000,
        "interestIncome": 0,
        "interestExpense": 48000000,
        "depreciationAndAmortization": 842000000,
        "ebitda": 1077000000,
        "ebitdaratio": 0.4608472401,
        "operatingIncome": 225000000,
        "operatingIncomeRatio": 0.0962772786,
        "totalOtherIncomeExpensesNet": -144000000,
        "incomeBeforeTax": 81000000,
        "incomeBeforeTaxRatio": 0.0346598203,
        "incomeTaxExpense": 19000000,
        "netIncome": 62000000,
        "netIncomeRatio": 0.026529739,
        "eps": 0.81,
        "epsdiluted": 0.81,
        "weightedAverageShsOut": 76000000,
        "weightedAverageShsOutDil": 76400000,
        "link": "https://www.sec.gov/Archives/edgar/data/723612/000072361219000112/0000723612-19-000112-index.htm",
        "finalLink": "https://www.sec.gov/Archives/edgar/data/723612/000072361219000112/car-20190630x10q.htm"
    },
    {
        "date": "2019-03-31",
        "symbol": "CAR",
        "reportedCurrency": "USD",
        "cik": "0000723612",
        "fillingDate": "2019-05-02",
        "acceptedDate": "2019-05-02 09:32:53",
        "calendarYear": "2019",
        "period": "Q1",
        "revenue": 1920000000,
        "costOfRevenue": 1582000000,
        "grossProfit": 338000000,
        "grossProfitRatio": 0.1760416667,
        "researchAndDevelopmentExpenses": 0,
        "generalAndAdministrativeExpenses": 0,
        "sellingAndMarketingExpenses": 0,
        "sellingGeneralAndAdministrativeExpenses": 284000000,
        "otherExpenses": 57000000,
        "operatingExpenses": 341000000,
        "costAndExpenses": 1923000000,
        "interestIncome": 0,
        "interestExpense": 42000000,
        "depreciationAndAmortization": 718000000,
        "ebitda": 708000000,
        "ebitdaratio": 0.36875,
        "operatingIncome": -3000000,
        "operatingIncomeRatio": -0.0015625,
        "totalOtherIncomeExpensesNet": -133000000,
        "incomeBeforeTax": -136000000,
        "incomeBeforeTaxRatio": -0.0708333333,
        "incomeTaxExpense": -45000000,
        "netIncome": -91000000,
        "netIncomeRatio": -0.0473958333,
        "eps": -1.2,
        "epsdiluted": -1.2,
        "weightedAverageShsOut": 75800000,
        "weightedAverageShsOutDil": 75800000,
        "link": "https://www.sec.gov/Archives/edgar/data/723612/000072361219000087/0000723612-19-000087-index.htm",
        "finalLink": "https://www.sec.gov/Archives/edgar/data/723612/000072361219000087/car-20190331x10q.htm"
    },
    {
        "date": "2018-12-31",
        "symbol": "CAR",
        "reportedCurrency": "USD",
        "cik": "0000723612",
        "fillingDate": "2019-02-21",
        "acceptedDate": "2019-02-21 16:02:14",
        "calendarYear": "2018",
        "period": "Q4",
        "revenue": 2050000000,
        "costOfRevenue": 1580000000,
        "grossProfit": 470000000,
        "grossProfitRatio": 0.2292682927,
        "researchAndDevelopmentExpenses": 0,
        "generalAndAdministrativeExpenses": 0,
        "sellingAndMarketingExpenses": 0,
        "sellingGeneralAndAdministrativeExpenses": 267000000,
        "otherExpenses": 61000000,
        "operatingExpenses": 328000000,
        "costAndExpenses": 1908000000,
        "interestIncome": 0,
        "interestExpense": 49000000,
        "depreciationAndAmortization": 504000000,
        "ebitda": 591000000,
        "ebitdaratio": 0.2882926829,
        "operatingIncome": 142000000,
        "operatingIncomeRatio": 0.0692682927,
        "totalOtherIncomeExpensesNet": -139000000,
        "incomeBeforeTax": 3000000,
        "incomeBeforeTaxRatio": 0.0014634146,
        "incomeTaxExpense": -10000000,
        "netIncome": 13000000,
        "netIncomeRatio": 0.0063414634,
        "eps": 0.16,
        "epsdiluted": 0.16,
        "weightedAverageShsOut": 76900000,
        "weightedAverageShsOutDil": 77600000,
        "link": "https://www.sec.gov/Archives/edgar/data/723612/000072361219000025/0000723612-19-000025-index.htm",
        "finalLink": "https://www.sec.gov/Archives/edgar/data/723612/000072361219000025/car-20181231x10k.htm"
    },
    {
        "date": "2018-09-30",
        "symbol": "CAR",
        "reportedCurrency": "USD",
        "cik": "0000723612",
        "fillingDate": "2018-11-06",
        "acceptedDate": "2018-11-06 10:38:12",
        "calendarYear": "2018",
        "period": "Q3",
        "revenue": 2778000000,
        "costOfRevenue": 1897000000,
        "grossProfit": 881000000,
        "grossProfitRatio": 0.3171346292,
        "researchAndDevelopmentExpenses": 0,
        "generalAndAdministrativeExpenses": 0,
        "sellingAndMarketingExpenses": 0,
        "sellingGeneralAndAdministrativeExpenses": 336000000,
        "otherExpenses": 72000000,
        "operatingExpenses": 408000000,
        "costAndExpenses": 2305000000,
        "interestIncome": 0,
        "interestExpense": 44000000,
        "depreciationAndAmortization": 602000000,
        "ebitda": 1096000000,
        "ebitdaratio": 0.3945284377,
        "operatingIncome": 473000000,
        "operatingIncomeRatio": 0.1702663787,
        "totalOtherIncomeExpensesNet": -118000000,
        "incomeBeforeTax": 355000000,
        "incomeBeforeTaxRatio": 0.1277897768,
        "incomeTaxExpense": 142000000,
        "netIncome": 213000000,
        "netIncomeRatio": 0.0766738661,
        "eps": 2.71,
        "epsdiluted": 2.68,
        "weightedAverageShsOut": 78800000,
        "weightedAverageShsOutDil": 79500000,
        "link": "https://www.sec.gov/Archives/edgar/data/723612/000072361218000113/0000723612-18-000113-index.htm",
        "finalLink": "https://www.sec.gov/Archives/edgar/data/723612/000072361218000113/car-20180930x10q.htm"
    },
    {
        "date": "2018-06-30",
        "symbol": "CAR",
        "reportedCurrency": "USD",
        "cik": "0000723612",
        "fillingDate": "2018-08-08",
        "acceptedDate": "2018-08-08 09:34:13",
        "calendarYear": "2018",
        "period": "Q2",
        "revenue": 2328000000,
        "costOfRevenue": 1787000000,
        "grossProfit": 541000000,
        "grossProfitRatio": 0.2323883162,
        "researchAndDevelopmentExpenses": 0,
        "generalAndAdministrativeExpenses": 0,
        "sellingAndMarketingExpenses": 0,
        "sellingGeneralAndAdministrativeExpenses": 321000000,
        "otherExpenses": 64000000,
        "operatingExpenses": 385000000,
        "costAndExpenses": 2172000000,
        "interestIncome": 0,
        "interestExpense": 49000000,
        "depreciationAndAmortization": 603000000,
        "ebitda": 790000000,
        "ebitdaratio": 0.339347079,
        "operatingIncome": 156000000,
        "operatingIncomeRatio": 0.0670103093,
        "totalOtherIncomeExpensesNet": -118000000,
        "incomeBeforeTax": 38000000,
        "incomeBeforeTaxRatio": 0.0163230241,
        "incomeTaxExpense": 12000000,
        "netIncome": 26000000,
        "netIncomeRatio": 0.0111683849,
        "eps": 0.33,
        "epsdiluted": 0.32,
        "weightedAverageShsOut": 80700000,
        "weightedAverageShsOutDil": 81500000,
        "link": "https://www.sec.gov/Archives/edgar/data/723612/000072361218000087/0000723612-18-000087-index.htm",
        "finalLink": "https://www.sec.gov/Archives/edgar/data/723612/000072361218000087/car-20180630x10q.htm"
    },
    {
        "date": "2018-03-31",
        "symbol": "CAR",
        "reportedCurrency": "USD",
        "cik": "0000723612",
        "fillingDate": "2018-05-03",
        "acceptedDate": "2018-05-03 09:27:03",
        "calendarYear": "2018",
        "period": "Q1",
        "revenue": 1968000000,
        "costOfRevenue": 1609000000,
        "grossProfit": 359000000,
        "grossProfitRatio": 0.1824186992,
        "researchAndDevelopmentExpenses": 0,
        "generalAndAdministrativeExpenses": 0,
        "sellingAndMarketingExpenses": 0,
        "sellingGeneralAndAdministrativeExpenses": 296000000,
        "otherExpenses": 56000000,
        "operatingExpenses": 352000000,
        "costAndExpenses": 1961000000,
        "interestIncome": 0,
        "interestExpense": 46000000,
        "depreciationAndAmortization": 521000000,
        "ebitda": 499000000,
        "ebitdaratio": 0.2535569106,
        "operatingIncome": 7000000,
        "operatingIncomeRatio": 0.0035569106,
        "totalOtherIncomeExpensesNet": -136000000,
        "incomeBeforeTax": -129000000,
        "incomeBeforeTaxRatio": -0.0655487805,
        "incomeTaxExpense": -42000000,
        "netIncome": -87000000,
        "netIncomeRatio": -0.0442073171,
        "eps": -1.08,
        "epsdiluted": -1.07,
        "weightedAverageShsOut": 80555555,
        "weightedAverageShsOutDil": 81000000,
        "link": "https://www.sec.gov/Archives/edgar/data/723612/000072361218000054/0000723612-18-000054-index.htm",
        "finalLink": "https://www.sec.gov/Archives/edgar/data/723612/000072361218000054/car-20180331x10q.htm"
    },
    {
        "date": "2017-12-31",
        "symbol": "CAR",
        "reportedCurrency": "USD",
        "cik": "0000723612",
        "fillingDate": "2018-02-22",
        "acceptedDate": "2018-02-22 17:24:52",
        "calendarYear": "2017",
        "period": "Q4",
        "revenue": 2019000000,
        "costOfRevenue": 1571000000,
        "grossProfit": 448000000,
        "grossProfitRatio": 0.2218920258,
        "researchAndDevelopmentExpenses": 0,
        "generalAndAdministrativeExpenses": 0,
        "sellingAndMarketingExpenses": 0,
        "sellingGeneralAndAdministrativeExpenses": 245000000,
        "otherExpenses": 58000000,
        "operatingExpenses": 303000000,
        "costAndExpenses": 1874000000,
        "interestIncome": 0,
        "interestExpense": 46000000,
        "depreciationAndAmortization": 512000000,
        "ebitda": 634000000,
        "ebitdaratio": 0.31401684,
        "operatingIncome": 145000000,
        "operatingIncomeRatio": 0.0718177316,
        "totalOtherIncomeExpensesNet": -144000000,
        "incomeBeforeTax": 1000000,
        "incomeBeforeTaxRatio": 0.0004952947,
        "incomeTaxExpense": -219000000,
        "netIncome": 220000000,
        "netIncomeRatio": 0.1089648341,
        "eps": 2.7,
        "epsdiluted": 2.65,
        "weightedAverageShsOut": 81300000,
        "weightedAverageShsOutDil": 82700000,
        "link": "https://www.sec.gov/Archives/edgar/data/723612/000072361218000024/0000723612-18-000024-index.htm",
        "finalLink": "https://www.sec.gov/Archives/edgar/data/723612/000072361218000024/car-20171231x10k.htm"
    },
    {
        "date": "2017-09-30",
        "symbol": "CAR",
        "reportedCurrency": "USD",
        "cik": "0000723612",
        "fillingDate": "2017-11-07",
        "acceptedDate": "2017-11-07 09:33:53",
        "calendarYear": "2017",
        "period": "Q3",
        "revenue": 2752000000,
        "costOfRevenue": 1866000000,
        "grossProfit": 886000000,
        "grossProfitRatio": 0.3219476744,
        "researchAndDevelopmentExpenses": 0,
        "generalAndAdministrativeExpenses": 0,
        "sellingAndMarketingExpenses": 0,
        "sellingGeneralAndAdministrativeExpenses": 320000000,
        "otherExpenses": 67000000,
        "operatingExpenses": 387000000,
        "costAndExpenses": 2253000000,
        "interestIncome": 0,
        "interestExpense": 45000000,
        "depreciationAndAmortization": 613000000,
        "ebitda": 1095000000,
        "ebitdaratio": 0.3978924419,
        "operatingIncome": 499000000,
        "operatingIncomeRatio": 0.1813226744,
        "totalOtherIncomeExpensesNet": -135000000,
        "incomeBeforeTax": 364000000,
        "incomeBeforeTaxRatio": 0.1322674419,
        "incomeTaxExpense": 119000000,
        "netIncome": 245000000,
        "netIncomeRatio": 0.0890261628,
        "eps": 2.96,
        "epsdiluted": 2.91,
        "weightedAverageShsOut": 82600000,
        "weightedAverageShsOutDil": 84000000,
        "link": "https://www.sec.gov/Archives/edgar/data/723612/000072361217000149/0000723612-17-000149-index.htm",
        "finalLink": "https://www.sec.gov/Archives/edgar/data/723612/000072361217000149/car-20170930x10q.htm"
    },
    {
        "date": "2017-06-30",
        "symbol": "CAR",
        "reportedCurrency": "USD",
        "cik": "0000723612",
        "fillingDate": "2017-08-08",
        "acceptedDate": "2017-08-08 09:36:15",
        "calendarYear": "2017",
        "period": "Q2",
        "revenue": 2238000000,
        "costOfRevenue": 1678000000,
        "grossProfit": 560000000,
        "grossProfitRatio": 0.2502234138,
        "researchAndDevelopmentExpenses": 0,
        "generalAndAdministrativeExpenses": 0,
        "sellingAndMarketingExpenses": 0,
        "sellingGeneralAndAdministrativeExpenses": 293000000,
        "otherExpenses": 54000000,
        "operatingExpenses": 347000000,
        "costAndExpenses": 2025000000,
        "interestIncome": 0,
        "interestExpense": 48000000,
        "depreciationAndAmortization": 581000000,
        "ebitda": 725000000,
        "ebitdaratio": 0.3239499553,
        "operatingIncome": 213000000,
        "operatingIncomeRatio": 0.0951742627,
        "totalOtherIncomeExpensesNet": -202000000,
        "incomeBeforeTax": 11000000,
        "incomeBeforeTaxRatio": 0.0049151028,
        "incomeTaxExpense": 8000000,
        "netIncome": 3000000,
        "netIncomeRatio": 0.0013404826,
        "eps": 0.04,
        "epsdiluted": 0.04,
        "weightedAverageShsOut": 84000000,
        "weightedAverageShsOutDil": 85200000,
        "link": "https://www.sec.gov/Archives/edgar/data/723612/000072361217000104/0000723612-17-000104-index.htm",
        "finalLink": "https://www.sec.gov/Archives/edgar/data/723612/000072361217000104/car-20170630x10q.htm"
    },
    {
        "date": "2017-03-31",
        "symbol": "CAR",
        "reportedCurrency": "USD",
        "cik": "0000723612",
        "fillingDate": "2017-05-04",
        "acceptedDate": "2017-05-04 09:56:00",
        "calendarYear": "2017",
        "period": "Q1",
        "revenue": 1839000000,
        "costOfRevenue": 1543000000,
        "grossProfit": 296000000,
        "grossProfitRatio": 0.1609570419,
        "researchAndDevelopmentExpenses": 0,
        "generalAndAdministrativeExpenses": 0,
        "sellingAndMarketingExpenses": 0,
        "sellingGeneralAndAdministrativeExpenses": 262000000,
        "otherExpenses": 43000000,
        "operatingExpenses": 305000000,
        "costAndExpenses": 1848000000,
        "interestIncome": 0,
        "interestExpense": 49000000,
        "depreciationAndAmortization": 500000000,
        "ebitda": 456000000,
        "ebitdaratio": 0.2479608483,
        "operatingIncome": -9000000,
        "operatingIncomeRatio": -0.0048939641,
        "totalOtherIncomeExpensesNet": -156000000,
        "incomeBeforeTax": -165000000,
        "incomeBeforeTaxRatio": -0.0897226754,
        "incomeTaxExpense": -58000000,
        "netIncome": -107000000,
        "netIncomeRatio": -0.0581837955,
        "eps": -1.25,
        "epsdiluted": -1.25,
        "weightedAverageShsOut": 85600000,
        "weightedAverageShsOutDil": 85700000,
        "link": "https://www.sec.gov/Archives/edgar/data/723612/000072361217000076/0000723612-17-000076-index.htm",
        "finalLink": "https://www.sec.gov/Archives/edgar/data/723612/000072361217000076/car-20170331x10q.htm"
    },
    {
        "date": "2016-12-31",
        "symbol": "CAR",
        "reportedCurrency": "USD",
        "cik": "0000723612",
        "fillingDate": "2017-02-21",
        "acceptedDate": "2017-02-21 17:29:49",
        "calendarYear": "2016",
        "period": "Q4",
        "revenue": 1879000000,
        "costOfRevenue": 1541000000,
        "grossProfit": 338000000,
        "grossProfitRatio": 0.1798829164,
        "researchAndDevelopmentExpenses": 0,
        "generalAndAdministrativeExpenses": 0,
        "sellingAndMarketingExpenses": 0,
        "sellingGeneralAndAdministrativeExpenses": 238000000,
        "otherExpenses": 0,
        "operatingExpenses": 238000000,
        "costAndExpenses": 1779000000,
        "interestIncome": 0,
        "interestExpense": 46000000,
        "depreciationAndAmortization": 540000000,
        "ebitda": 612000000,
        "ebitdaratio": 0.3257051623,
        "operatingIncome": 100000000,
        "operatingIncomeRatio": 0.0532197978,
        "totalOtherIncomeExpensesNet": -143000000,
        "incomeBeforeTax": -43000000,
        "incomeBeforeTaxRatio": -0.022884513,
        "incomeTaxExpense": -12000000,
        "netIncome": -31000000,
        "netIncomeRatio": -0.0164981373,
        "eps": -0.36,
        "epsdiluted": -0.35,
        "weightedAverageShsOut": 87217317,
        "weightedAverageShsOutDil": 87400000,
        "link": "https://www.sec.gov/Archives/edgar/data/723612/000072361217000035/0000723612-17-000035-index.htm",
        "finalLink": "https://www.sec.gov/Archives/edgar/data/723612/000072361217000035/car-20161231x10k.htm"
    },
    {
        "date": "2016-09-30",
        "symbol": "CAR",
        "reportedCurrency": "USD",
        "cik": "0000723612",
        "fillingDate": "2016-11-03",
        "acceptedDate": "2016-11-03 09:27:10",
        "calendarYear": "2016",
        "period": "Q3",
        "revenue": 2656000000,
        "costOfRevenue": 1803000000,
        "grossProfit": 853000000,
        "grossProfitRatio": 0.3211596386,
        "researchAndDevelopmentExpenses": 0,
        "generalAndAdministrativeExpenses": 0,
        "sellingAndMarketingExpenses": 0,
        "sellingGeneralAndAdministrativeExpenses": 315000000,
        "otherExpenses": 57000000,
        "operatingExpenses": 372000000,
        "costAndExpenses": 2175000000,
        "interestIncome": 0,
        "interestExpense": 51000000,
        "depreciationAndAmortization": 586000000,
        "ebitda": 1069000000,
        "ebitdaratio": 0.4024849398,
        "operatingIncome": 481000000,
        "operatingIncomeRatio": 0.1810993976,
        "totalOtherIncomeExpensesNet": -136000000,
        "incomeBeforeTax": 345000000,
        "incomeBeforeTaxRatio": 0.1298945783,
        "incomeTaxExpense": 136000000,
        "netIncome": 209000000,
        "netIncomeRatio": 0.078689759,
        "eps": 2.32,
        "epsdiluted": 2.28,
        "weightedAverageShsOut": 90400000,
        "weightedAverageShsOutDil": 91800000,
        "link": "https://www.sec.gov/Archives/edgar/data/723612/000072361216000350/0000723612-16-000350-index.htm",
        "finalLink": "https://www.sec.gov/Archives/edgar/data/723612/000072361216000350/car-20160930x10q.htm"
    },
    {
        "date": "2016-06-30",
        "symbol": "CAR",
        "reportedCurrency": "USD",
        "cik": "0000723612",
        "fillingDate": "2016-08-03",
        "acceptedDate": "2016-08-03 09:31:51",
        "calendarYear": "2016",
        "period": "Q2",
        "revenue": 2252000000,
        "costOfRevenue": 614000000,
        "grossProfit": 1638000000,
        "grossProfitRatio": 0.7273534636,
        "researchAndDevelopmentExpenses": 0,
        "generalAndAdministrativeExpenses": 312000000,
        "sellingAndMarketingExpenses": 0,
        "sellingGeneralAndAdministrativeExpenses": 312000000,
        "otherExpenses": 1187000000,
        "operatingExpenses": 1499000000,
        "costAndExpenses": 2113000000,
        "interestIncome": 0,
        "interestExpense": 56000000,
        "depreciationAndAmortization": 564000000,
        "ebitda": 184000000,
        "ebitdaratio": 0.081705151,
        "operatingIncome": 139000000,
        "operatingIncomeRatio": 0.061722913,
        "totalOtherIncomeExpensesNet": -76000000,
        "incomeBeforeTax": 63000000,
        "incomeBeforeTaxRatio": 0.0279751332,
        "incomeTaxExpense": 27000000,
        "netIncome": 36000000,
        "netIncomeRatio": 0.0159857904,
        "eps": 0.39,
        "epsdiluted": 0.38,
        "weightedAverageShsOut": 93900000,
        "weightedAverageShsOutDil": 95100000,
        "link": "https://www.sec.gov/Archives/edgar/data/723612/000072361216000321/0000723612-16-000321-index.htm",
        "finalLink": "https://www.sec.gov/Archives/edgar/data/723612/000072361216000321/car-20160630x10q.htm"
    },
    {
        "date": "2016-03-31",
        "symbol": "CAR",
        "reportedCurrency": "USD",
        "cik": "0000723612",
        "fillingDate": "2016-05-04",
        "acceptedDate": "2016-05-04 09:44:24",
        "calendarYear": "2016",
        "period": "Q1",
        "revenue": 1881000000,
        "costOfRevenue": 528000000,
        "grossProfit": 1353000000,
        "grossProfitRatio": 0.7192982456,
        "researchAndDevelopmentExpenses": 0,
        "generalAndAdministrativeExpenses": 269000000,
        "sellingAndMarketingExpenses": 0,
        "sellingGeneralAndAdministrativeExpenses": 269000000,
        "otherExpenses": -1064000000,
        "operatingExpenses": 1355000000,
        "costAndExpenses": 1883000000,
        "interestIncome": 0,
        "interestExpense": 50000000,
        "depreciationAndAmortization": 46000000,
        "ebitda": 25000000,
        "ebitdaratio": 0.0132908028,
        "operatingIncome": -17000000,
        "operatingIncomeRatio": -0.0090377459,
        "totalOtherIncomeExpensesNet": -195000000,
        "incomeBeforeTax": -86000000,
        "incomeBeforeTaxRatio": -0.0457203615,
        "incomeTaxExpense": -35000000,
        "netIncome": -51000000,
        "netIncomeRatio": -0.0271132376,
        "eps": -0.53,
        "epsdiluted": -0.53,
        "weightedAverageShsOut": 96226415,
        "weightedAverageShsOutDil": 96300000,
        "link": "https://www.sec.gov/Archives/edgar/data/723612/000072361216000294/0000723612-16-000294-index.htm",
        "finalLink": "https://www.sec.gov/Archives/edgar/data/723612/000072361216000294/car-20160331x10q.htm"
    },
    {
        "date": "2015-12-31",
        "symbol": "CAR",
        "reportedCurrency": "USD",
        "cik": "0000723612",
        "fillingDate": "2016-02-24",
        "acceptedDate": "2016-02-24 16:35:49",
        "calendarYear": "2015",
        "period": "Q4",
        "revenue": 1902000000,
        "costOfRevenue": 519000000,
        "grossProfit": 1383000000,
        "grossProfitRatio": 0.7271293375,
        "researchAndDevelopmentExpenses": 0,
        "generalAndAdministrativeExpenses": 250000000,
        "sellingAndMarketingExpenses": 0,
        "sellingGeneralAndAdministrativeExpenses": 250000000,
        "otherExpenses": 36000000,
        "operatingExpenses": 1298000000,
        "costAndExpenses": 1817000000,
        "interestIncome": 0,
        "interestExpense": 48000000,
        "depreciationAndAmortization": 43000000,
        "ebitda": 523000000,
        "ebitdaratio": 0.2749737119,
        "operatingIncome": 71000000,
        "operatingIncomeRatio": 0.0373291272,
        "totalOtherIncomeExpensesNet": -67000000,
        "incomeBeforeTax": 4000000,
        "incomeBeforeTaxRatio": 0.0021030494,
        "incomeTaxExpense": 9000000,
        "netIncome": -5000000,
        "netIncomeRatio": -0.0026288118,
        "eps": -0.0503,
        "epsdiluted": -0.0503,
        "weightedAverageShsOut": 99500000,
        "weightedAverageShsOutDil": 99500000,
        "link": "https://www.sec.gov/Archives/edgar/data/723612/000072361216000244/0000723612-16-000244-index.htm",
        "finalLink": "https://www.sec.gov/Archives/edgar/data/723612/000072361216000244/car-20151231x10k.htm"
    },
    {
        "date": "2015-09-30",
        "symbol": "CAR",
        "reportedCurrency": "USD",
        "cik": "0000723612",
        "fillingDate": "2015-11-03",
        "acceptedDate": "2015-11-03 16:26:37",
        "calendarYear": "2015",
        "period": "Q3",
        "revenue": 2577000000,
        "costOfRevenue": 630000000,
        "grossProfit": 1947000000,
        "grossProfitRatio": 0.7555296857,
        "researchAndDevelopmentExpenses": 0,
        "generalAndAdministrativeExpenses": 314000000,
        "sellingAndMarketingExpenses": 0,
        "sellingGeneralAndAdministrativeExpenses": 314000000,
        "otherExpenses": 0,
        "operatingExpenses": 1557000000,
        "costAndExpenses": 2187000000,
        "interestIncome": 0,
        "interestExpense": 49000000,
        "depreciationAndAmortization": 41000000,
        "ebitda": 417000000,
        "ebitdaratio": 0.1618160652,
        "operatingIncome": 375000000,
        "operatingIncomeRatio": 0.1455180442,
        "totalOtherIncomeExpensesNet": -194000000,
        "incomeBeforeTax": 312000000,
        "incomeBeforeTaxRatio": 0.1210710128,
        "incomeTaxExpense": 128000000,
        "netIncome": 184000000,
        "netIncomeRatio": 0.0714008537,
        "eps": 1.8,
        "epsdiluted": 1.77,
        "weightedAverageShsOut": 102700000,
        "weightedAverageShsOutDil": 104000000,
        "link": "https://www.sec.gov/Archives/edgar/data/723612/000072361215000169/0000723612-15-000169-index.htm",
        "finalLink": "https://www.sec.gov/Archives/edgar/data/723612/000072361215000169/car-20150930x10q.htm"
    },
    {
        "date": "2015-06-30",
        "symbol": "CAR",
        "reportedCurrency": "USD",
        "cik": "0000723612",
        "fillingDate": "2015-08-04",
        "acceptedDate": "2015-08-04 16:16:52",
        "calendarYear": "2015",
        "period": "Q2",
        "revenue": 2173000000,
        "costOfRevenue": 573000000,
        "grossProfit": 1600000000,
        "grossProfitRatio": 0.7363092499,
        "researchAndDevelopmentExpenses": 0,
        "generalAndAdministrativeExpenses": 281000000,
        "sellingAndMarketingExpenses": 0,
        "sellingGeneralAndAdministrativeExpenses": 281000000,
        "otherExpenses": 1132000000,
        "operatingExpenses": 1413000000,
        "costAndExpenses": 1986000000,
        "interestIncome": 0,
        "interestExpense": 45000000,
        "depreciationAndAmortization": 40000000,
        "ebitda": 183000000,
        "ebitdaratio": 0.0842153705,
        "operatingIncome": 171000000,
        "operatingIncomeRatio": 0.0786930511,
        "totalOtherIncomeExpensesNet": -89000000,
        "incomeBeforeTax": 82000000,
        "incomeBeforeTaxRatio": 0.0377358491,
        "incomeTaxExpense": -61000000,
        "netIncome": 143000000,
        "netIncomeRatio": 0.0658076392,
        "eps": 1.36,
        "epsdiluted": 1.34,
        "weightedAverageShsOut": 105500000,
        "weightedAverageShsOutDil": 106700000,
        "link": "https://www.sec.gov/Archives/edgar/data/723612/000072361215000130/0000723612-15-000130-index.htm",
        "finalLink": "https://www.sec.gov/Archives/edgar/data/723612/000072361215000130/car-20150630x10q.htm"
    },
    {
        "date": "2015-03-31",
        "symbol": "CAR",
        "reportedCurrency": "USD",
        "cik": "0000723612",
        "fillingDate": "2015-05-05",
        "acceptedDate": "2015-05-05 16:28:00",
        "calendarYear": "2015",
        "period": "Q1",
        "revenue": 1850000000,
        "costOfRevenue": 500000000,
        "grossProfit": 1350000000,
        "grossProfitRatio": 0.7297297297,
        "researchAndDevelopmentExpenses": 0,
        "generalAndAdministrativeExpenses": 248000000,
        "sellingAndMarketingExpenses": 0,
        "sellingGeneralAndAdministrativeExpenses": 248000000,
        "otherExpenses": 1024000000,
        "operatingExpenses": 1272000000,
        "costAndExpenses": 1772000000,
        "interestIncome": 0,
        "interestExpense": 52000000,
        "depreciationAndAmortization": 39000000,
        "ebitda": 85000000,
        "ebitdaratio": 0.0459459459,
        "operatingIncome": 68000000,
        "operatingIncomeRatio": 0.0367567568,
        "totalOtherIncomeExpensesNet": -84000000,
        "incomeBeforeTax": -16000000,
        "incomeBeforeTaxRatio": -0.0086486486,
        "incomeTaxExpense": -7000000,
        "netIncome": -9000000,
        "netIncomeRatio": -0.0048648649,
        "eps": -0.0848,
        "epsdiluted": -0.0848,
        "weightedAverageShsOut": 106100000,
        "weightedAverageShsOutDil": 106100000,
        "link": "https://www.sec.gov/Archives/edgar/data/723612/000072361215000090/0000723612-15-000090-index.htm",
        "finalLink": "https://www.sec.gov/Archives/edgar/data/723612/000072361215000090/car-20150331x10q.htm"
    },
    {
        "date": "2014-12-31",
        "symbol": "CAR",
        "reportedCurrency": "USD",
        "cik": "0000723612",
        "fillingDate": "2015-02-23",
        "acceptedDate": "2015-02-23 17:21:24",
        "calendarYear": "2014",
        "period": "Q4",
        "revenue": 1887000000,
        "costOfRevenue": 533000000,
        "grossProfit": 1354000000,
        "grossProfitRatio": 0.7175410705,
        "researchAndDevelopmentExpenses": 0,
        "generalAndAdministrativeExpenses": 247000000,
        "sellingAndMarketingExpenses": 0,
        "sellingGeneralAndAdministrativeExpenses": 247000000,
        "otherExpenses": 36000000,
        "operatingExpenses": 1263000000,
        "costAndExpenses": 1796000000,
        "interestIncome": 0,
        "interestExpense": 48000000,
        "depreciationAndAmortization": 38000000,
        "ebitda": 552000000,
        "ebitdaratio": 0.2925278219,
        "operatingIncome": 81000000,
        "operatingIncomeRatio": 0.0429252782,
        "totalOtherIncomeExpensesNet": -48000000,
        "incomeBeforeTax": 33000000,
        "incomeBeforeTaxRatio": 0.0174880763,
        "incomeTaxExpense": 10000000,
        "netIncome": 23000000,
        "netIncomeRatio": 0.0121886592,
        "eps": 0.22,
        "epsdiluted": 0.21,
        "weightedAverageShsOut": 106200000,
        "weightedAverageShsOutDil": 108300000,
        "link": "https://www.sec.gov/Archives/edgar/data/723612/000072361215000047/0000723612-15-000047-index.htm",
        "finalLink": "https://www.sec.gov/Archives/edgar/data/723612/000072361215000047/car-20141231x10k.htm"
    },
    {
        "date": "2014-09-30",
        "symbol": "CAR",
        "reportedCurrency": "USD",
        "cik": "0000723612",
        "fillingDate": "2014-10-30",
        "acceptedDate": "2014-10-30 16:26:51",
        "calendarYear": "2014",
        "period": "Q3",
        "revenue": 2542000000,
        "costOfRevenue": 659000000,
        "grossProfit": 1883000000,
        "grossProfitRatio": 0.7407553108,
        "researchAndDevelopmentExpenses": 0,
        "generalAndAdministrativeExpenses": 298000000,
        "sellingAndMarketingExpenses": 0,
        "sellingGeneralAndAdministrativeExpenses": 298000000,
        "otherExpenses": 1214000000,
        "operatingExpenses": 1504000000,
        "costAndExpenses": 2163000000,
        "interestIncome": 0,
        "interestExpense": 50000000,
        "depreciationAndAmortization": 38000000,
        "ebitda": 402000000,
        "ebitdaratio": 0.1581431943,
        "operatingIncome": 371000000,
        "operatingIncomeRatio": 0.1459480724,
        "totalOtherIncomeExpensesNet": -188000000,
        "incomeBeforeTax": 306000000,
        "incomeBeforeTaxRatio": 0.1203776554,
        "incomeTaxExpense": 114000000,
        "netIncome": 192000000,
        "netIncomeRatio": 0.0755310779,
        "eps": 1.84,
        "epsdiluted": 1.74,
        "weightedAverageShsOut": 103900000,
        "weightedAverageShsOutDil": 109900000,
        "link": "https://www.sec.gov/Archives/edgar/data/723612/000072361214000184/0000723612-14-000184-index.htm",
        "finalLink": "https://www.sec.gov/Archives/edgar/data/723612/000072361214000184/car-20140930x10q.htm"
    },
    {
        "date": "2014-06-30",
        "symbol": "CAR",
        "reportedCurrency": "USD",
        "cik": "0000723612",
        "fillingDate": "2014-08-05",
        "acceptedDate": "2014-08-05 16:37:34",
        "calendarYear": "2014",
        "period": "Q2",
        "revenue": 2194000000,
        "costOfRevenue": 589000000,
        "grossProfit": 1605000000,
        "grossProfitRatio": 0.7315405652,
        "researchAndDevelopmentExpenses": 0,
        "generalAndAdministrativeExpenses": 287000000,
        "sellingAndMarketingExpenses": 0,
        "sellingGeneralAndAdministrativeExpenses": 287000000,
        "otherExpenses": 1141000000,
        "operatingExpenses": 1428000000,
        "costAndExpenses": 2017000000,
        "interestIncome": 0,
        "interestExpense": 55000000,
        "depreciationAndAmortization": 36000000,
        "ebitda": 148000000,
        "ebitdaratio": 0.0674567001,
        "operatingIncome": 168000000,
        "operatingIncomeRatio": 0.0765724704,
        "totalOtherIncomeExpensesNet": -120000000,
        "incomeBeforeTax": 48000000,
        "incomeBeforeTaxRatio": 0.0218778487,
        "incomeTaxExpense": 22000000,
        "netIncome": 26000000,
        "netIncomeRatio": 0.0118505014,
        "eps": 0.25,
        "epsdiluted": 0.24,
        "weightedAverageShsOut": 105100000,
        "weightedAverageShsOutDil": 111000000,
        "link": "https://www.sec.gov/Archives/edgar/data/723612/000072361214000139/0000723612-14-000139-index.htm",
        "finalLink": "https://www.sec.gov/Archives/edgar/data/723612/000072361214000139/car-20140630x10q.htm"
    },
    {
        "date": "2014-03-31",
        "symbol": "CAR",
        "reportedCurrency": "USD",
        "cik": "0000723612",
        "fillingDate": "2014-05-08",
        "acceptedDate": "2014-05-08 16:35:07",
        "calendarYear": "2014",
        "period": "Q1",
        "revenue": 1862000000,
        "costOfRevenue": 497000000,
        "grossProfit": 1365000000,
        "grossProfitRatio": 0.7330827068,
        "researchAndDevelopmentExpenses": 0,
        "generalAndAdministrativeExpenses": 248000000,
        "sellingAndMarketingExpenses": 0,
        "sellingGeneralAndAdministrativeExpenses": 248000000,
        "otherExpenses": 1035000000,
        "operatingExpenses": 1283000000,
        "costAndExpenses": 1780000000,
        "interestIncome": 0,
        "interestExpense": 56000000,
        "depreciationAndAmortization": 35000000,
        "ebitda": 102000000,
        "ebitdaratio": 0.0547798067,
        "operatingIncome": 76000000,
        "operatingIncomeRatio": 0.0408163265,
        "totalOtherIncomeExpensesNet": -71000000,
        "incomeBeforeTax": 5000000,
        "incomeBeforeTaxRatio": 0.0026852846,
        "incomeTaxExpense": 1000000,
        "netIncome": 4000000,
        "netIncomeRatio": 0.0021482277,
        "eps": 0.03,
        "epsdiluted": 0.03,
        "weightedAverageShsOut": 106600000,
        "weightedAverageShsOutDil": 108600000,
        "link": "https://www.sec.gov/Archives/edgar/data/723612/000072361214000080/0000723612-14-000080-index.htm",
        "finalLink": "https://www.sec.gov/Archives/edgar/data/723612/000072361214000080/car-20140331x10q.htm"
    },
    {
        "date": "2013-12-31",
        "symbol": "CAR",
        "reportedCurrency": "USD",
        "cik": "0000723612",
        "fillingDate": "2014-02-21",
        "acceptedDate": "2014-02-20 17:43:06",
        "calendarYear": "2013",
        "period": "Q4",
        "revenue": 1849000000,
        "costOfRevenue": 493000000,
        "grossProfit": 1356000000,
        "grossProfitRatio": 0.7333693889,
        "researchAndDevelopmentExpenses": 0,
        "generalAndAdministrativeExpenses": 248000000,
        "sellingAndMarketingExpenses": 0,
        "sellingGeneralAndAdministrativeExpenses": 248000000,
        "otherExpenses": 37000000,
        "operatingExpenses": 1277000000,
        "costAndExpenses": 1770000000,
        "interestIncome": 0,
        "interestExpense": 58000000,
        "depreciationAndAmortization": 35000000,
        "ebitda": -1232000000,
        "ebitdaratio": -0.6663061114,
        "operatingIncome": 72000000,
        "operatingIncomeRatio": 0.0389399676,
        "totalOtherIncomeExpensesNet": -110000000,
        "incomeBeforeTax": -38000000,
        "incomeBeforeTaxRatio": -0.0205516495,
        "incomeTaxExpense": -10000000,
        "netIncome": -28000000,
        "netIncomeRatio": -0.0151433207,
        "eps": -0.26,
        "epsdiluted": -0.26,
        "weightedAverageShsOut": 106100000,
        "weightedAverageShsOutDil": 107100000,
        "link": "https://www.sec.gov/Archives/edgar/data/723612/000072361214000041/0000723612-14-000041-index.htm",
        "finalLink": "https://www.sec.gov/Archives/edgar/data/723612/000072361214000041/car-20131231x10k.htm"
    },
    {
        "date": "2013-09-30",
        "symbol": "CAR",
        "reportedCurrency": "USD",
        "cik": "0000723612",
        "fillingDate": "2013-11-01",
        "acceptedDate": "2013-11-01 16:34:13",
        "calendarYear": "2013",
        "period": "Q3",
        "revenue": 2395000000,
        "costOfRevenue": 596000000,
        "grossProfit": 1799000000,
        "grossProfitRatio": 0.7511482255,
        "researchAndDevelopmentExpenses": 0,
        "generalAndAdministrativeExpenses": 274000000,
        "sellingAndMarketingExpenses": 0,
        "sellingGeneralAndAdministrativeExpenses": 274000000,
        "otherExpenses": 1175000000,
        "operatingExpenses": 1449000000,
        "costAndExpenses": 2045000000,
        "interestIncome": 0,
        "interestExpense": 57000000,
        "depreciationAndAmortization": 33000000,
        "ebitda": 326000000,
        "ebitdaratio": 0.1361169102,
        "operatingIncome": 344000000,
        "operatingIncomeRatio": 0.1436325678,
        "totalOtherIncomeExpensesNet": -114000000,
        "incomeBeforeTax": 230000000,
        "incomeBeforeTaxRatio": 0.0960334029,
        "incomeTaxExpense": 112000000,
        "netIncome": 118000000,
        "netIncomeRatio": 0.0492693111,
        "eps": 1.09,
        "epsdiluted": 1.02,
        "weightedAverageShsOut": 108300000,
        "weightedAverageShsOutDil": 116200000,
        "link": "https://www.sec.gov/Archives/edgar/data/723612/000072361213000062/0000723612-13-000062-index.htm",
        "finalLink": "https://www.sec.gov/Archives/edgar/data/723612/000072361213000062/car-20130930x10q.htm"
    },
    {
        "date": "2013-06-30",
        "symbol": "CAR",
        "reportedCurrency": "USD",
        "cik": "0000723612",
        "fillingDate": "2013-08-07",
        "acceptedDate": "2013-08-07 16:38:08",
        "calendarYear": "2013",
        "period": "Q2",
        "revenue": 2004000000,
        "costOfRevenue": 544000000,
        "grossProfit": 1460000000,
        "grossProfitRatio": 0.7285429142,
        "researchAndDevelopmentExpenses": 0,
        "generalAndAdministrativeExpenses": 274000000,
        "sellingAndMarketingExpenses": 0,
        "sellingGeneralAndAdministrativeExpenses": 274000000,
        "otherExpenses": 1044000000,
        "operatingExpenses": 1318000000,
        "costAndExpenses": 1862000000,
        "interestIncome": 0,
        "interestExpense": 55000000,
        "depreciationAndAmortization": 492000000,
        "ebitda": 54000000,
        "ebitdaratio": 0.0269461078,
        "operatingIncome": 142000000,
        "operatingIncomeRatio": 0.0708582834,
        "totalOtherIncomeExpensesNet": -180000000,
        "incomeBeforeTax": -38000000,
        "incomeBeforeTaxRatio": -0.0189620758,
        "incomeTaxExpense": -10000000,
        "netIncome": -28000000,
        "netIncomeRatio": -0.0139720559,
        "eps": -0.26,
        "epsdiluted": -0.26,
        "weightedAverageShsOut": 107692307,
        "weightedAverageShsOutDil": 108400000,
        "link": "https://www.sec.gov/Archives/edgar/data/723612/000072361213000042/0000723612-13-000042-index.htm",
        "finalLink": "https://www.sec.gov/Archives/edgar/data/723612/000072361213000042/car-20130630x10q.htm"
    },
    {
        "date": "2013-03-31",
        "symbol": "CAR",
        "reportedCurrency": "USD",
        "cik": "0000723612",
        "fillingDate": "2013-05-08",
        "acceptedDate": "2013-05-07 18:07:37",
        "calendarYear": "2013",
        "period": "Q1",
        "revenue": 1691000000,
        "costOfRevenue": 443000000,
        "grossProfit": 1248000000,
        "grossProfitRatio": 0.7380248374,
        "researchAndDevelopmentExpenses": 0,
        "generalAndAdministrativeExpenses": 224000000,
        "sellingAndMarketingExpenses": 0,
        "sellingGeneralAndAdministrativeExpenses": 224000000,
        "otherExpenses": 961000000,
        "operatingExpenses": 1185000000,
        "costAndExpenses": 1628000000,
        "interestIncome": 0,
        "interestExpense": 58000000,
        "depreciationAndAmortization": 30000000,
        "ebitda": 35000000,
        "ebitdaratio": 0.0206978119,
        "operatingIncome": 59000000,
        "operatingIncomeRatio": 0.0348905973,
        "totalOtherIncomeExpensesNet": -116000000,
        "incomeBeforeTax": -57000000,
        "incomeBeforeTaxRatio": -0.0337078652,
        "incomeTaxExpense": -11000000,
        "netIncome": -46000000,
        "netIncomeRatio": -0.0272028386,
        "eps": -0.43,
        "epsdiluted": -0.43,
        "weightedAverageShsOut": 106976744,
        "weightedAverageShsOutDil": 107700000,
        "link": "https://www.sec.gov/Archives/edgar/data/723612/000072361213000018/0000723612-13-000018-index.htm",
        "finalLink": "https://www.sec.gov/Archives/edgar/data/723612/000072361213000018/car-20130331x10q.htm"
    },
    {
        "date": "2012-12-31",
        "symbol": "CAR",
        "reportedCurrency": "USD",
        "cik": "0000723612",
        "fillingDate": "2013-02-22",
        "acceptedDate": "2013-02-21 19:36:12",
        "calendarYear": "2012",
        "period": "Q4",
        "revenue": 1698000000,
        "costOfRevenue": 449000000,
        "grossProfit": 1249000000,
        "grossProfitRatio": 0.7355712603,
        "researchAndDevelopmentExpenses": 0,
        "generalAndAdministrativeExpenses": 229000000,
        "sellingAndMarketingExpenses": 0,
        "sellingGeneralAndAdministrativeExpenses": 229000000,
        "otherExpenses": 972000000,
        "operatingExpenses": 1201000000,
        "costAndExpenses": 1650000000,
        "interestIncome": 0,
        "interestExpense": 59000000,
        "depreciationAndAmortization": 30000000,
        "ebitda": 368000000,
        "ebitdaratio": 0.2167255595,
        "operatingIncome": 45000000,
        "operatingIncomeRatio": 0.0265017668,
        "totalOtherIncomeExpensesNet": -108000000,
        "incomeBeforeTax": -63000000,
        "incomeBeforeTaxRatio": -0.0371024735,
        "incomeTaxExpense": -17000000,
        "netIncome": -46000000,
        "netIncomeRatio": -0.0270906949,
        "eps": -0.43,
        "epsdiluted": -0.43,
        "weightedAverageShsOut": 106900000,
        "weightedAverageShsOutDil": 106900000,
        "link": "https://www.sec.gov/Archives/edgar/data/723612/000119312513069805/0001193125-13-069805-index.htm",
        "finalLink": "https://www.sec.gov/Archives/edgar/data/723612/000119312513069805/d492293d10ka.htm"
    },
    {
        "date": "2012-09-30",
        "symbol": "CAR",
        "reportedCurrency": "USD",
        "cik": "0000723612",
        "fillingDate": "2012-11-09",
        "acceptedDate": "2012-11-09 08:20:55",
        "calendarYear": "2012",
        "period": "Q3",
        "revenue": 2170000000,
        "costOfRevenue": 513000000,
        "grossProfit": 1657000000,
        "grossProfitRatio": 0.76359447,
        "researchAndDevelopmentExpenses": 0,
        "generalAndAdministrativeExpenses": 244000000,
        "sellingAndMarketingExpenses": 0,
        "sellingGeneralAndAdministrativeExpenses": 244000000,
        "otherExpenses": 1062000000,
        "operatingExpenses": 1306000000,
        "costAndExpenses": 1819000000,
        "interestIncome": 0,
        "interestExpense": 67000000,
        "depreciationAndAmortization": 26000000,
        "ebitda": 357000000,
        "ebitdaratio": 0.164516129,
        "operatingIncome": 347000000,
        "operatingIncomeRatio": 0.1599078341,
        "totalOtherIncomeExpensesNet": -164000000,
        "incomeBeforeTax": 260000000,
        "incomeBeforeTaxRatio": 0.1198156682,
        "incomeTaxExpense": -20000000,
        "netIncome": 280000000,
        "netIncomeRatio": 0.1290322581,
        "eps": 2.62,
        "epsdiluted": 2.38,
        "weightedAverageShsOut": 106800000,
        "weightedAverageShsOutDil": 118000000,
        "link": "https://www.sec.gov/Archives/edgar/data/723612/000119312512461853/0001193125-12-461853-index.htm",
        "finalLink": "https://www.sec.gov/Archives/edgar/data/723612/000119312512461853/d418293d10q.htm"
    },
    {
        "date": "2012-06-30",
        "symbol": "CAR",
        "reportedCurrency": "USD",
        "cik": "0000723612",
        "fillingDate": "2012-08-08",
        "acceptedDate": "2012-08-08 16:13:57",
        "calendarYear": "2012",
        "period": "Q2",
        "revenue": 1866000000,
        "costOfRevenue": 414000000,
        "grossProfit": 1452000000,
        "grossProfitRatio": 0.7781350482,
        "researchAndDevelopmentExpenses": 0,
        "generalAndAdministrativeExpenses": 233000000,
        "sellingAndMarketingExpenses": 0,
        "sellingGeneralAndAdministrativeExpenses": 233000000,
        "otherExpenses": 979000000,
        "operatingExpenses": 1212000000,
        "costAndExpenses": 1626000000,
        "interestIncome": 0,
        "interestExpense": 69000000,
        "depreciationAndAmortization": 26000000,
        "ebitda": 227000000,
        "ebitdaratio": 0.1216505895,
        "operatingIncome": 237000000,
        "operatingIncomeRatio": 0.1270096463,
        "totalOtherIncomeExpensesNet": -108000000,
        "incomeBeforeTax": 129000000,
        "incomeBeforeTaxRatio": 0.0691318328,
        "incomeTaxExpense": 50000000,
        "netIncome": 79000000,
        "netIncomeRatio": 0.0423365488,
        "eps": 0.74,
        "epsdiluted": 0.66,
        "weightedAverageShsOut": 106700000,
        "weightedAverageShsOutDil": 121900000,
        "link": "https://www.sec.gov/Archives/edgar/data/723612/000119312512344028/0001193125-12-344028-index.htm",
        "finalLink": "https://www.sec.gov/Archives/edgar/data/723612/000119312512344028/d372112d10q.htm"
    },
    {
        "date": "2012-03-31",
        "symbol": "CAR",
        "reportedCurrency": "USD",
        "cik": "0000723612",
        "fillingDate": "2012-05-09",
        "acceptedDate": "2012-05-09 17:10:41",
        "calendarYear": "2012",
        "period": "Q1",
        "revenue": 1623000000,
        "costOfRevenue": 392000000,
        "grossProfit": 1231000000,
        "grossProfitRatio": 0.7584719655,
        "researchAndDevelopmentExpenses": 0,
        "generalAndAdministrativeExpenses": 219000000,
        "sellingAndMarketingExpenses": 0,
        "sellingGeneralAndAdministrativeExpenses": 219000000,
        "otherExpenses": 920000000,
        "operatingExpenses": 1139000000,
        "costAndExpenses": 1531000000,
        "interestIncome": 0,
        "interestExpense": 73000000,
        "depreciationAndAmortization": 27000000,
        "ebitda": 79000000,
        "ebitdaratio": 0.0486752927,
        "operatingIncome": 87000000,
        "operatingIncomeRatio": 0.0536044362,
        "totalOtherIncomeExpensesNet": -113000000,
        "incomeBeforeTax": -26000000,
        "incomeBeforeTaxRatio": -0.0160197166,
        "incomeTaxExpense": -3000000,
        "netIncome": -23000000,
        "netIncomeRatio": -0.0141712877,
        "eps": -0.22,
        "epsdiluted": -0.22,
        "weightedAverageShsOut": 105900000,
        "weightedAverageShsOutDil": 105900000,
        "link": "https://www.sec.gov/Archives/edgar/data/723612/000119312512222399/0001193125-12-222399-index.htm",
        "finalLink": "https://www.sec.gov/Archives/edgar/data/723612/000119312512222399/d337059d10q.htm"
    },
    {
        "date": "2011-12-31",
        "symbol": "CAR",
        "reportedCurrency": "USD",
        "cik": "0000723612",
        "fillingDate": "2012-02-29",
        "acceptedDate": "2012-02-29 17:08:02",
        "calendarYear": "2011",
        "period": "Q4",
        "revenue": 1630000000,
        "costOfRevenue": 465000000,
        "grossProfit": 1165000000,
        "grossProfitRatio": 0.7147239264,
        "researchAndDevelopmentExpenses": 0,
        "generalAndAdministrativeExpenses": 205000000,
        "sellingAndMarketingExpenses": -62000000,
        "sellingGeneralAndAdministrativeExpenses": 243000000,
        "otherExpenses": -845000000,
        "operatingExpenses": 1130000000,
        "costAndExpenses": 1595000000,
        "interestIncome": 0,
        "interestExpense": 77000000,
        "depreciationAndAmortization": 29000000,
        "ebitda": 62000000,
        "ebitdaratio": 0.0380368098,
        "operatingIncome": -70000000,
        "operatingIncomeRatio": -0.0429447853,
        "totalOtherIncomeExpensesNet": -130000000,
        "incomeBeforeTax": -200000000,
        "incomeBeforeTaxRatio": -0.1226993865,
        "incomeTaxExpense": -30000000,
        "netIncome": -170000000,
        "netIncomeRatio": -0.1042944785,
        "eps": -1.61,
        "epsdiluted": -1.61,
        "weightedAverageShsOut": 105500000,
        "weightedAverageShsOutDil": 105500000,
        "link": "https://www.sec.gov/Archives/edgar/data/723612/000119312512089534/0001193125-12-089534-index.htm",
        "finalLink": "https://www.sec.gov/Archives/edgar/data/723612/000119312512089534/d268073d10k.htm"
    },
    {
        "date": "2011-09-30",
        "symbol": "CAR",
        "reportedCurrency": "USD",
        "cik": "0000723612",
        "fillingDate": "2011-11-09",
        "acceptedDate": "2011-11-09 06:07:56",
        "calendarYear": "2011",
        "period": "Q3",
        "revenue": 1623000000,
        "costOfRevenue": 783000000,
        "grossProfit": 840000000,
        "grossProfitRatio": 0.5175600739,
        "researchAndDevelopmentExpenses": 0,
        "generalAndAdministrativeExpenses": 256000000,
        "sellingAndMarketingExpenses": 0,
        "sellingGeneralAndAdministrativeExpenses": 256000000,
        "otherExpenses": 326000000,
        "operatingExpenses": 582000000,
        "costAndExpenses": 1365000000,
        "interestIncome": 0,
        "interestExpense": 122000000,
        "depreciationAndAmortization": 326000000,
        "ebitda": 206000000,
        "ebitdaratio": 0.1269254467,
        "operatingIncome": 258000000,
        "operatingIncomeRatio": 0.1589648799,
        "totalOtherIncomeExpensesNet": -122000000,
        "incomeBeforeTax": 136000000,
        "incomeBeforeTaxRatio": 0.0837954405,
        "incomeTaxExpense": 54000000,
        "netIncome": 82000000,
        "netIncomeRatio": 0.0505237215,
        "eps": 0.78,
        "epsdiluted": 0.65,
        "weightedAverageShsOut": 105400000,
        "weightedAverageShsOutDil": 128900000,
        "link": "https://www.sec.gov/Archives/edgar/data/723612/000119312511303173/0001193125-11-303173-index.htm",
        "finalLink": "https://www.sec.gov/Archives/edgar/data/723612/000119312511303173/d253060d10q.htm"
    },
    {
        "date": "2011-06-30",
        "symbol": "CAR",
        "reportedCurrency": "USD",
        "cik": "0000723612",
        "fillingDate": "2011-08-08",
        "acceptedDate": "2011-08-08 06:13:17",
        "calendarYear": "2011",
        "period": "Q2",
        "revenue": 1412000000,
        "costOfRevenue": 725000000,
        "grossProfit": 687000000,
        "grossProfitRatio": 0.4865439093,
        "researchAndDevelopmentExpenses": 0,
        "generalAndAdministrativeExpenses": 203000000,
        "sellingAndMarketingExpenses": 0,
        "sellingGeneralAndAdministrativeExpenses": 203000000,
        "otherExpenses": 280000000,
        "operatingExpenses": 483000000,
        "costAndExpenses": 1208000000,
        "interestIncome": 0,
        "interestExpense": 115000000,
        "depreciationAndAmortization": 280000000,
        "ebitda": 157000000,
        "ebitdaratio": 0.1111898017,
        "operatingIncome": 204000000,
        "operatingIncomeRatio": 0.1444759207,
        "totalOtherIncomeExpensesNet": -81000000,
        "incomeBeforeTax": 89000000,
        "incomeBeforeTaxRatio": 0.0630311615,
        "incomeTaxExpense": 37000000,
        "netIncome": 52000000,
        "netIncomeRatio": 0.0368271955,
        "eps": 0.49,
        "epsdiluted": 0.42,
        "weightedAverageShsOut": 105400000,
        "weightedAverageShsOutDil": 129000000,
        "link": "https://www.sec.gov/Archives/edgar/data/723612/000119312511213200/0001193125-11-213200-index.htm",
        "finalLink": "https://www.sec.gov/Archives/edgar/data/723612/000119312511213200/d10q.htm"
    },
    {
        "date": "2011-03-31",
        "symbol": "CAR",
        "reportedCurrency": "USD",
        "cik": "0000723612",
        "fillingDate": "2011-05-06",
        "acceptedDate": "2011-05-06 16:06:00",
        "calendarYear": "2011",
        "period": "Q1",
        "revenue": 1235000000,
        "costOfRevenue": 659000000,
        "grossProfit": 576000000,
        "grossProfitRatio": 0.4663967611,
        "researchAndDevelopmentExpenses": 0,
        "generalAndAdministrativeExpenses": 156000000,
        "sellingAndMarketingExpenses": 0,
        "sellingGeneralAndAdministrativeExpenses": 156000000,
        "otherExpenses": 299000000,
        "operatingExpenses": 455000000,
        "costAndExpenses": 1114000000,
        "interestIncome": 0,
        "interestExpense": 110000000,
        "depreciationAndAmortization": 299000000,
        "ebitda": 81000000,
        "ebitdaratio": 0.0655870445,
        "operatingIncome": 121000000,
        "operatingIncomeRatio": 0.0979757085,
        "totalOtherIncomeExpensesNet": -110000000,
        "incomeBeforeTax": 11000000,
        "incomeBeforeTaxRatio": 0.0089068826,
        "incomeTaxExpense": 4000000,
        "netIncome": 7000000,
        "netIncomeRatio": 0.0056680162,
        "eps": 0.07,
        "epsdiluted": 0.06,
        "weightedAverageShsOut": 104600000,
        "weightedAverageShsOutDil": 106800000,
        "link": "https://www.sec.gov/Archives/edgar/data/723612/000119312511130697/0001193125-11-130697-index.htm",
        "finalLink": "https://www.sec.gov/Archives/edgar/data/723612/000119312511130697/d10q.htm"
    },
    {
        "date": "2010-12-31",
        "symbol": "CAR",
        "reportedCurrency": "USD",
        "cik": "0000723612",
        "fillingDate": "2011-02-24",
        "acceptedDate": "2011-02-24 16:33:34",
        "calendarYear": "2010",
        "period": "Q4",
        "revenue": 1226000000,
        "costOfRevenue": 373000000,
        "grossProfit": 853000000,
        "grossProfitRatio": 0.6957585644,
        "researchAndDevelopmentExpenses": 0,
        "generalAndAdministrativeExpenses": 145000000,
        "sellingAndMarketingExpenses": -6000000,
        "sellingGeneralAndAdministrativeExpenses": 139000000,
        "otherExpenses": 1608000000,
        "operatingExpenses": 819000000,
        "costAndExpenses": 1192000000,
        "interestIncome": 0,
        "interestExpense": 40000000,
        "depreciationAndAmortization": 20000000,
        "ebitda": 100000000,
        "ebitdaratio": 0.0815660685,
        "operatingIncome": -162000000,
        "operatingIncomeRatio": -0.132137031,
        "totalOtherIncomeExpensesNet": 127000000,
        "incomeBeforeTax": -35000000,
        "incomeBeforeTaxRatio": -0.028548124,
        "incomeTaxExpense": -11000000,
        "netIncome": -24000000,
        "netIncomeRatio": -0.0195758564,
        "eps": -0.23,
        "epsdiluted": -0.23,
        "weightedAverageShsOut": 103300000,
        "weightedAverageShsOutDil": 103300000,
        "link": "https://www.sec.gov/Archives/edgar/data/723612/000119312511045409/0001193125-11-045409-index.htm",
        "finalLink": "https://www.sec.gov/Archives/edgar/data/723612/000119312511045409/d10k.htm"
    },
    {
        "date": "2010-09-30",
        "symbol": "CAR",
        "reportedCurrency": "USD",
        "cik": "0000723612",
        "fillingDate": "2010-11-05",
        "acceptedDate": "2010-11-05 16:36:24",
        "calendarYear": "2010",
        "period": "Q3",
        "revenue": 1512000000,
        "costOfRevenue": 705000000,
        "grossProfit": 807000000,
        "grossProfitRatio": 0.5337301587,
        "researchAndDevelopmentExpenses": 0,
        "generalAndAdministrativeExpenses": 161000000,
        "sellingAndMarketingExpenses": 0,
        "sellingGeneralAndAdministrativeExpenses": 161000000,
        "otherExpenses": 376000000,
        "operatingExpenses": 537000000,
        "costAndExpenses": 1242000000,
        "interestIncome": 0,
        "interestExpense": 120000000,
        "depreciationAndAmortization": 376000000,
        "ebitda": 643000000,
        "ebitdaratio": 0.4252645503,
        "operatingIncome": 270000000,
        "operatingIncomeRatio": 0.1785714286,
        "totalOtherIncomeExpensesNet": -126000000,
        "incomeBeforeTax": 144000000,
        "incomeBeforeTaxRatio": 0.0952380952,
        "incomeTaxExpense": 54000000,
        "netIncome": 90000000,
        "netIncomeRatio": 0.0595238095,
        "eps": 0.88,
        "epsdiluted": 0.73,
        "weightedAverageShsOut": 103200000,
        "weightedAverageShsOutDil": 126600000,
        "link": "https://www.sec.gov/Archives/edgar/data/723612/000119312510250180/0001193125-10-250180-index.htm",
        "finalLink": "https://www.sec.gov/Archives/edgar/data/723612/000119312510250180/d10q.htm"
    },
    {
        "date": "2010-06-30",
        "symbol": "CAR",
        "reportedCurrency": "USD",
        "cik": "0000723612",
        "fillingDate": "2010-08-06",
        "acceptedDate": "2010-08-06 09:18:45",
        "calendarYear": "2010",
        "period": "Q2",
        "revenue": 1294000000,
        "costOfRevenue": 639000000,
        "grossProfit": 655000000,
        "grossProfitRatio": 0.5061823802,
        "researchAndDevelopmentExpenses": 0,
        "generalAndAdministrativeExpenses": 145000000,
        "sellingAndMarketingExpenses": 0,
        "sellingGeneralAndAdministrativeExpenses": 145000000,
        "otherExpenses": 362000000,
        "operatingExpenses": 507000000,
        "costAndExpenses": 1146000000,
        "interestIncome": 0,
        "interestExpense": 117000000,
        "depreciationAndAmortization": 362000000,
        "ebitda": 508000000,
        "ebitdaratio": 0.3925811437,
        "operatingIncome": 151000000,
        "operatingIncomeRatio": 0.1166924266,
        "totalOtherIncomeExpensesNet": -119000000,
        "incomeBeforeTax": 29000000,
        "incomeBeforeTaxRatio": 0.0224111283,
        "incomeTaxExpense": 3000000,
        "netIncome": 26000000,
        "netIncomeRatio": 0.0200927357,
        "eps": 0.25,
        "epsdiluted": 0.22,
        "weightedAverageShsOut": 103100000,
        "weightedAverageShsOutDil": 126600000,
        "link": "https://www.sec.gov/Archives/edgar/data/723612/000119312510180509/0001193125-10-180509-index.htm",
        "finalLink": "https://www.sec.gov/Archives/edgar/data/723612/000119312510180509/d10q.htm"
    },
    {
        "date": "2010-03-31",
        "symbol": "CAR",
        "reportedCurrency": "USD",
        "cik": "0000723612",
        "fillingDate": "2010-05-06",
        "acceptedDate": "2010-05-06 16:23:11",
        "calendarYear": "2010",
        "period": "Q1",
        "revenue": 1153000000,
        "costOfRevenue": 612000000,
        "grossProfit": 541000000,
        "grossProfitRatio": 0.4692107546,
        "researchAndDevelopmentExpenses": 0,
        "generalAndAdministrativeExpenses": 131000000,
        "sellingAndMarketingExpenses": 0,
        "sellingGeneralAndAdministrativeExpenses": 131000000,
        "otherExpenses": 360000000,
        "operatingExpenses": 491000000,
        "costAndExpenses": 1103000000,
        "interestIncome": 0,
        "interestExpense": 115000000,
        "depreciationAndAmortization": 320000000,
        "ebitda": 369000000,
        "ebitdaratio": 0.3200346921,
        "operatingIncome": 57000000,
        "operatingIncomeRatio": 0.0494362533,
        "totalOtherIncomeExpensesNet": -116000000,
        "incomeBeforeTax": -66000000,
        "incomeBeforeTaxRatio": -0.0572419775,
        "incomeTaxExpense": -28000000,
        "netIncome": -38000000,
        "netIncomeRatio": -0.0329575022,
        "eps": -0.37,
        "epsdiluted": -0.37,
        "weightedAverageShsOut": 102600000,
        "weightedAverageShsOutDil": 102600000,
        "link": "https://www.sec.gov/Archives/edgar/data/723612/000119312510110928/0001193125-10-110928-index.htm",
        "finalLink": "https://www.sec.gov/Archives/edgar/data/723612/000119312510110928/d10q.htm"
    },
    {
        "date": "2009-12-31",
        "symbol": "CAR",
        "reportedCurrency": "USD",
        "cik": "0000723612",
        "fillingDate": "2010-02-24",
        "acceptedDate": "2010-02-23 19:46:24",
        "calendarYear": "2009",
        "period": "Q4",
        "revenue": 1160000000,
        "costOfRevenue": 399000000,
        "grossProfit": 761000000,
        "grossProfitRatio": 0.6560344828,
        "researchAndDevelopmentExpenses": 0,
        "generalAndAdministrativeExpenses": 130000000,
        "sellingAndMarketingExpenses": 0,
        "sellingGeneralAndAdministrativeExpenses": 130000000,
        "otherExpenses": 1557000000,
        "operatingExpenses": 771000000,
        "costAndExpenses": 1170000000,
        "interestIncome": 0,
        "interestExpense": 41000000,
        "depreciationAndAmortization": 24000000,
        "ebitda": 41000000,
        "ebitdaratio": 0.0353448276,
        "operatingIncome": -241000000,
        "operatingIncomeRatio": -0.2077586207,
        "totalOtherIncomeExpensesNet": 138000000,
        "incomeBeforeTax": -88000000,
        "incomeBeforeTaxRatio": -0.075862069,
        "incomeTaxExpense": -39000000,
        "netIncome": -49000000,
        "netIncomeRatio": -0.0422413793,
        "eps": -0.48,
        "epsdiluted": -0.48,
        "weightedAverageShsOut": 102300000,
        "weightedAverageShsOutDil": 102300000,
        "link": "https://www.sec.gov/Archives/edgar/data/723612/000119312510037872/0001193125-10-037872-index.htm",
        "finalLink": "https://www.sec.gov/Archives/edgar/data/723612/000119312510037872/d10k.htm"
    },
    {
        "date": "2009-09-30",
        "symbol": "CAR",
        "reportedCurrency": "USD",
        "cik": "0000723612",
        "fillingDate": "2009-11-03",
        "acceptedDate": "2009-11-03 17:27:32",
        "calendarYear": "2009",
        "period": "Q3",
        "revenue": 1465000000,
        "costOfRevenue": 731000000,
        "grossProfit": 734000000,
        "grossProfitRatio": 0.5010238908,
        "researchAndDevelopmentExpenses": 0,
        "generalAndAdministrativeExpenses": 155000000,
        "sellingAndMarketingExpenses": 0,
        "sellingGeneralAndAdministrativeExpenses": 155000000,
        "otherExpenses": 383000000,
        "operatingExpenses": 538000000,
        "costAndExpenses": 1269000000,
        "interestIncome": 0,
        "interestExpense": 112000000,
        "depreciationAndAmortization": 383000000,
        "ebitda": 584000000,
        "ebitdaratio": 0.3986348123,
        "operatingIncome": 197000000,
        "operatingIncomeRatio": 0.1344709898,
        "totalOtherIncomeExpensesNet": -113000000,
        "incomeBeforeTax": 83000000,
        "incomeBeforeTaxRatio": 0.0566552901,
        "incomeTaxExpense": 26000000,
        "netIncome": 57000000,
        "netIncomeRatio": 0.0389078498,
        "eps": 0.55,
        "epsdiluted": 0.54,
        "weightedAverageShsOut": 102300000,
        "weightedAverageShsOutDil": 104500000,
        "link": "https://www.sec.gov/Archives/edgar/data/723612/000119312509222314/0001193125-09-222314-index.htm",
        "finalLink": "https://www.sec.gov/Archives/edgar/data/723612/000119312509222314/d10q.htm"
    },
    {
        "date": "2009-06-30",
        "symbol": "CAR",
        "reportedCurrency": "USD",
        "cik": "0000723612",
        "fillingDate": "2009-08-06",
        "acceptedDate": "2009-08-05 21:19:57",
        "calendarYear": "2009",
        "period": "Q2",
        "revenue": 1312000000,
        "costOfRevenue": 648000000,
        "grossProfit": 664000000,
        "grossProfitRatio": 0.506097561,
        "researchAndDevelopmentExpenses": 0,
        "generalAndAdministrativeExpenses": 133000000,
        "sellingAndMarketingExpenses": 0,
        "sellingGeneralAndAdministrativeExpenses": 133000000,
        "otherExpenses": 417000000,
        "operatingExpenses": 550000000,
        "costAndExpenses": 1198000000,
        "interestIncome": 0,
        "interestExpense": 108000000,
        "depreciationAndAmortization": 417000000,
        "ebitda": 523000000,
        "ebitdaratio": 0.3986280488,
        "operatingIncome": 129000000,
        "operatingIncomeRatio": 0.0983231707,
        "totalOtherIncomeExpensesNet": -116000000,
        "incomeBeforeTax": -2000000,
        "incomeBeforeTaxRatio": -0.0015243902,
        "incomeTaxExpense": 4000000,
        "netIncome": -6000000,
        "netIncomeRatio": -0.0045731707,
        "eps": -0.0587,
        "epsdiluted": -0.0587,
        "weightedAverageShsOut": 102200000,
        "weightedAverageShsOutDil": 102200000,
        "link": "https://www.sec.gov/Archives/edgar/data/723612/000119312509165859/0001193125-09-165859-index.htm",
        "finalLink": "https://www.sec.gov/Archives/edgar/data/723612/000119312509165859/d10q.htm"
    },
    {
        "date": "2009-03-31",
        "symbol": "CAR",
        "reportedCurrency": "USD",
        "cik": "0000723612",
        "fillingDate": "2009-05-07",
        "acceptedDate": "2009-05-07 16:31:45",
        "calendarYear": "2009",
        "period": "Q1",
        "revenue": 1194000000,
        "costOfRevenue": 640000000,
        "grossProfit": 554000000,
        "grossProfitRatio": 0.4639865997,
        "researchAndDevelopmentExpenses": 0,
        "generalAndAdministrativeExpenses": 133000000,
        "sellingAndMarketingExpenses": 0,
        "sellingGeneralAndAdministrativeExpenses": 133000000,
        "otherExpenses": 377000000,
        "operatingExpenses": 510000000,
        "costAndExpenses": 1150000000,
        "interestIncome": 0,
        "interestExpense": 130000000,
        "depreciationAndAmortization": 368000000,
        "ebitda": 414000000,
        "ebitdaratio": 0.3467336683,
        "operatingIncome": 60000000,
        "operatingIncomeRatio": 0.0502512563,
        "totalOtherIncomeExpensesNet": -114000000,
        "incomeBeforeTax": -70000000,
        "incomeBeforeTaxRatio": -0.0586264657,
        "incomeTaxExpense": -21000000,
        "netIncome": -49000000,
        "netIncomeRatio": -0.041038526,
        "eps": -0.48,
        "epsdiluted": -0.48,
        "weightedAverageShsOut": 101800000,
        "weightedAverageShsOutDil": 101800000,
        "link": "https://www.sec.gov/Archives/edgar/data/723612/000119312509103429/0001193125-09-103429-index.htm",
        "finalLink": "https://www.sec.gov/Archives/edgar/data/723612/000119312509103429/d10q.htm"
    },
    {
        "date": "2008-12-31",
        "symbol": "CAR",
        "reportedCurrency": "USD",
        "cik": "0000723612",
        "fillingDate": "2009-02-26",
        "acceptedDate": "2009-02-26 17:23:18",
        "calendarYear": "2008",
        "period": "Q4",
        "revenue": 1254000000,
        "costOfRevenue": -424000000,
        "grossProfit": 1678000000,
        "grossProfitRatio": 1.3381180223,
        "researchAndDevelopmentExpenses": 0,
        "generalAndAdministrativeExpenses": 142000000,
        "sellingAndMarketingExpenses": 0,
        "sellingGeneralAndAdministrativeExpenses": 142000000,
        "otherExpenses": 1877000000,
        "operatingExpenses": 2019000000,
        "costAndExpenses": 1595000000,
        "interestIncome": 0,
        "interestExpense": 0,
        "depreciationAndAmortization": 398000000,
        "ebitda": -1233000000,
        "ebitdaratio": -0.9832535885,
        "operatingIncome": -1611000000,
        "operatingIncomeRatio": -1.2846889952,
        "totalOtherIncomeExpensesNet": 177000000,
        "incomeBeforeTax": -164000000,
        "incomeBeforeTaxRatio": -0.1307814992,
        "incomeTaxExpense": -43000000,
        "netIncome": -121000000,
        "netIncomeRatio": -0.0964912281,
        "eps": -1.19,
        "epsdiluted": -1.19,
        "weightedAverageShsOut": 101800000,
        "weightedAverageShsOutDil": 101800000,
        "link": "https://www.sec.gov/Archives/edgar/data/723612/000119312509039260/0001193125-09-039260-index.htm",
        "finalLink": "https://www.sec.gov/Archives/edgar/data/723612/000119312509039260/d10k.htm"
    },
    {
        "date": "2008-09-30",
        "symbol": "CAR",
        "reportedCurrency": "USD",
        "cik": "0000723612",
        "fillingDate": "2008-11-07",
        "acceptedDate": "2008-11-07 16:05:32",
        "calendarYear": "2008",
        "period": "Q3",
        "revenue": 1701000000,
        "costOfRevenue": 847000000,
        "grossProfit": 854000000,
        "grossProfitRatio": 0.5020576132,
        "researchAndDevelopmentExpenses": 0,
        "generalAndAdministrativeExpenses": 171000000,
        "sellingAndMarketingExpenses": 0,
        "sellingGeneralAndAdministrativeExpenses": 171000000,
        "otherExpenses": 496000000,
        "operatingExpenses": 667000000,
        "costAndExpenses": 1514000000,
        "interestIncome": -74000000,
        "interestExpense": 2667000000,
        "depreciationAndAmortization": 470000000,
        "ebitda": 683000000,
        "ebitdaratio": 0.4015285126,
        "operatingIncome": 1481000000,
        "operatingIncomeRatio": 0.8706643151,
        "totalOtherIncomeExpensesNet": -1373000000,
        "incomeBeforeTax": -1186000000,
        "incomeBeforeTaxRatio": -0.6972369195,
        "incomeTaxExpense": -180000000,
        "netIncome": -1006000000,
        "netIncomeRatio": -0.5914168136,
        "eps": -9.9,
        "epsdiluted": -9.9,
        "weightedAverageShsOut": 101600000,
        "weightedAverageShsOutDil": 101600000,
        "link": "https://www.sec.gov/Archives/edgar/data/723612/000119312508229994/0001193125-08-229994-index.htm",
        "finalLink": "https://www.sec.gov/Archives/edgar/data/723612/000119312508229994/d10q.htm"
    },
    {
        "date": "2008-06-30",
        "symbol": "CAR",
        "reportedCurrency": "USD",
        "cik": "0000723612",
        "fillingDate": "2008-08-07",
        "acceptedDate": "2008-08-07 16:11:09",
        "calendarYear": "2008",
        "period": "Q2",
        "revenue": 1577000000,
        "costOfRevenue": 811000000,
        "grossProfit": 766000000,
        "grossProfitRatio": 0.4857324033,
        "researchAndDevelopmentExpenses": 0,
        "generalAndAdministrativeExpenses": 173000000,
        "sellingAndMarketingExpenses": 0,
        "sellingGeneralAndAdministrativeExpenses": 173000000,
        "otherExpenses": 461000000,
        "operatingExpenses": 634000000,
        "costAndExpenses": 1445000000,
        "interestIncome": 2000000,
        "interestExpense": 108000000,
        "depreciationAndAmortization": 462000000,
        "ebitda": 595000000,
        "ebitdaratio": 0.3772986684,
        "operatingIncome": 133000000,
        "operatingIncomeRatio": 0.0843373494,
        "totalOtherIncomeExpensesNet": -106000000,
        "incomeBeforeTax": 25000000,
        "incomeBeforeTaxRatio": 0.0158528852,
        "incomeTaxExpense": 10000000,
        "netIncome": 15000000,
        "netIncomeRatio": 0.0095117311,
        "eps": 0.15,
        "epsdiluted": 0.15,
        "weightedAverageShsOut": 101400000,
        "weightedAverageShsOutDil": 101400000,
        "link": "https://www.sec.gov/Archives/edgar/data/723612/000119312508170083/0001193125-08-170083-index.htm",
        "finalLink": "https://www.sec.gov/Archives/edgar/data/723612/000119312508170083/d10q.htm"
    },
    {
        "date": "2008-03-31",
        "symbol": "CAR",
        "reportedCurrency": "USD",
        "cik": "0000723612",
        "fillingDate": "2008-05-07",
        "acceptedDate": "2008-05-07 16:09:41",
        "calendarYear": "2008",
        "period": "Q1",
        "revenue": 1445000000,
        "costOfRevenue": 778000000,
        "grossProfit": 667000000,
        "grossProfitRatio": 0.4615916955,
        "researchAndDevelopmentExpenses": 0,
        "generalAndAdministrativeExpenses": 167000000,
        "sellingAndMarketingExpenses": 0,
        "sellingGeneralAndAdministrativeExpenses": 167000000,
        "otherExpenses": 402000000,
        "operatingExpenses": 569000000,
        "costAndExpenses": 1347000000,
        "interestIncome": 5000000,
        "interestExpense": 121000000,
        "depreciationAndAmortization": 397000000,
        "ebitda": 500000000,
        "ebitdaratio": 0.3460207612,
        "operatingIncome": 103000000,
        "operatingIncomeRatio": 0.0712802768,
        "totalOtherIncomeExpensesNet": -116000000,
        "incomeBeforeTax": -18000000,
        "incomeBeforeTaxRatio": -0.0124567474,
        "incomeTaxExpense": -6000000,
        "netIncome": -12000000,
        "netIncomeRatio": -0.0083044983,
        "eps": -0.12,
        "epsdiluted": -0.12,
        "weightedAverageShsOut": 102800000,
        "weightedAverageShsOutDil": 102800000,
        "link": "https://www.sec.gov/Archives/edgar/data/723612/000119312508105877/0001193125-08-105877-index.htm",
        "finalLink": "https://www.sec.gov/Archives/edgar/data/723612/000119312508105877/d10q.htm"
    },
    {
        "date": "2007-12-31",
        "symbol": "CAR",
        "reportedCurrency": "USD",
        "cik": "0000723612",
        "fillingDate": "2008-02-29",
        "acceptedDate": "2008-02-28 17:58:44",
        "calendarYear": "2007",
        "period": "Q4",
        "revenue": 1426000000,
        "costOfRevenue": -405000000,
        "grossProfit": 1831000000,
        "grossProfitRatio": 1.2840112202,
        "researchAndDevelopmentExpenses": 0,
        "generalAndAdministrativeExpenses": 154000000,
        "sellingAndMarketingExpenses": 0,
        "sellingGeneralAndAdministrativeExpenses": 154000000,
        "otherExpenses": 1848000000,
        "operatingExpenses": 2002000000,
        "costAndExpenses": 1597000000,
        "interestIncome": 0,
        "interestExpense": 0,
        "depreciationAndAmortization": 380000000,
        "ebitda": -981000000,
        "ebitdaratio": -0.6879382889,
        "operatingIncome": -1361000000,
        "operatingIncomeRatio": -0.9544179523,
        "totalOtherIncomeExpensesNet": 278000000,
        "incomeBeforeTax": -1154000000,
        "incomeBeforeTaxRatio": -0.809256662,
        "incomeTaxExpense": -109000000,
        "netIncome": -1056000000,
        "netIncomeRatio": -0.7405329593,
        "eps": -9.68,
        "epsdiluted": -9.68,
        "weightedAverageShsOut": 109090909,
        "weightedAverageShsOutDil": 109090909,
        "link": "https://www.sec.gov/Archives/edgar/data/723612/000119312508042121/0001193125-08-042121-index.htm",
        "finalLink": "https://www.sec.gov/Archives/edgar/data/723612/000119312508042121/d10k.htm"
    },
    {
        "date": "2007-09-30",
        "symbol": "CAR",
        "reportedCurrency": "USD",
        "cik": "0000723612",
        "fillingDate": "2007-11-08",
        "acceptedDate": "2007-11-07 18:01:19",
        "calendarYear": "2007",
        "period": "Q3",
        "revenue": 1719000000,
        "costOfRevenue": 835000000,
        "grossProfit": 884000000,
        "grossProfitRatio": 0.5142524724,
        "researchAndDevelopmentExpenses": 0,
        "generalAndAdministrativeExpenses": 176000000,
        "sellingAndMarketingExpenses": 0,
        "sellingGeneralAndAdministrativeExpenses": 176000000,
        "otherExpenses": 462000000,
        "operatingExpenses": 638000000,
        "costAndExpenses": 1473000000,
        "interestIncome": 0,
        "interestExpense": 93000000,
        "depreciationAndAmortization": 467000000,
        "ebitda": 716000000,
        "ebitdaratio": 0.4165212333,
        "operatingIncome": 249000000,
        "operatingIncomeRatio": 0.1448516579,
        "totalOtherIncomeExpensesNet": -130000000,
        "incomeBeforeTax": 116000000,
        "incomeBeforeTaxRatio": 0.0674810937,
        "incomeTaxExpense": 53000000,
        "netIncome": 103000000,
        "netIncomeRatio": 0.0599185573,
        "eps": 1,
        "epsdiluted": 0.99,
        "weightedAverageShsOut": 103000000,
        "weightedAverageShsOutDil": 104040404,
        "link": "https://www.sec.gov/Archives/edgar/data/723612/000119312507238721/0001193125-07-238721-index.htm",
        "finalLink": "https://www.sec.gov/Archives/edgar/data/723612/000119312507238721/d10q.htm"
    },
    {
        "date": "2007-06-30",
        "symbol": "CAR",
        "reportedCurrency": "USD",
        "cik": "0000723612",
        "fillingDate": "2007-08-08",
        "acceptedDate": "2007-08-08 16:35:17",
        "calendarYear": "2007",
        "period": "Q2",
        "revenue": 1516000000,
        "costOfRevenue": 785000000,
        "grossProfit": 731000000,
        "grossProfitRatio": 0.4821899736,
        "researchAndDevelopmentExpenses": 0,
        "generalAndAdministrativeExpenses": 168000000,
        "sellingAndMarketingExpenses": 0,
        "sellingGeneralAndAdministrativeExpenses": 168000000,
        "otherExpenses": 427000000,
        "operatingExpenses": 595000000,
        "costAndExpenses": 1380000000,
        "interestIncome": 0,
        "interestExpense": 87000000,
        "depreciationAndAmortization": 426000000,
        "ebitda": 549000000,
        "ebitdaratio": 0.3621372032,
        "operatingIncome": 123000000,
        "operatingIncomeRatio": 0.0811345646,
        "totalOtherIncomeExpensesNet": -101000000,
        "incomeBeforeTax": 35000000,
        "incomeBeforeTaxRatio": 0.0230870712,
        "incomeTaxExpense": 12000000,
        "netIncome": 24000000,
        "netIncomeRatio": 0.0158311346,
        "eps": 0.23,
        "epsdiluted": 0.23,
        "weightedAverageShsOut": 104347826,
        "weightedAverageShsOutDil": 104347826,
        "link": "https://www.sec.gov/Archives/edgar/data/723612/000119312507175647/0001193125-07-175647-index.htm",
        "finalLink": "https://www.sec.gov/Archives/edgar/data/723612/000119312507175647/d10q.htm"
    },
    {
        "date": "2007-03-31",
        "symbol": "CAR",
        "reportedCurrency": "USD",
        "cik": "0000723612",
        "fillingDate": "2007-05-10",
        "acceptedDate": "2007-05-10 17:00:02",
        "calendarYear": "2007",
        "period": "Q1",
        "revenue": 1365000000,
        "costOfRevenue": 711000000,
        "grossProfit": 654000000,
        "grossProfitRatio": 0.4791208791,
        "researchAndDevelopmentExpenses": 0,
        "generalAndAdministrativeExpenses": 159000000,
        "sellingAndMarketingExpenses": 0,
        "sellingGeneralAndAdministrativeExpenses": 159000000,
        "otherExpenses": 386000000,
        "operatingExpenses": 545000000,
        "costAndExpenses": 1256000000,
        "interestIncome": 0,
        "interestExpense": 101000000,
        "depreciationAndAmortization": 376000000,
        "ebitda": 489000000,
        "ebitdaratio": 0.3582417582,
        "operatingIncome": 113000000,
        "operatingIncomeRatio": 0.0827838828,
        "totalOtherIncomeExpensesNet": -98000000,
        "incomeBeforeTax": 11000000,
        "incomeBeforeTaxRatio": 0.0080586081,
        "incomeTaxExpense": -1000000,
        "netIncome": 13000000,
        "netIncomeRatio": 0.0095238095,
        "eps": 0.13,
        "epsdiluted": 0.12,
        "weightedAverageShsOut": 100000000,
        "weightedAverageShsOutDil": 108333333,
        "link": "https://www.sec.gov/Archives/edgar/data/723612/000119312507110417/0001193125-07-110417-index.htm",
        "finalLink": "https://www.sec.gov/Archives/edgar/data/723612/000119312507110417/d10q.htm"
    },
    {
        "date": "2006-12-31",
        "symbol": "CAR",
        "reportedCurrency": "USD",
        "cik": "0000723612",
        "fillingDate": "2007-03-01",
        "acceptedDate": "2007-03-01 16:44:35",
        "calendarYear": "2006",
        "period": "Q4",
        "revenue": 1331000000,
        "costOfRevenue": -468000000,
        "grossProfit": 1799000000,
        "grossProfitRatio": 1.3516153268,
        "researchAndDevelopmentExpenses": 0,
        "generalAndAdministrativeExpenses": 148000000,
        "sellingAndMarketingExpenses": 0,
        "sellingGeneralAndAdministrativeExpenses": 148000000,
        "otherExpenses": 1834000000,
        "operatingExpenses": 1982000000,
        "costAndExpenses": 1514000000,
        "interestIncome": 0,
        "interestExpense": 0,
        "depreciationAndAmortization": 359000000,
        "ebitda": -408000000,
        "ebitdaratio": -0.3065364388,
        "operatingIncome": -719000000,
        "operatingIncomeRatio": -0.5401953418,
        "totalOtherIncomeExpensesNet": 711000000,
        "incomeBeforeTax": -8000000,
        "incomeBeforeTaxRatio": -0.0060105184,
        "incomeTaxExpense": -12000000,
        "netIncome": 3000000,
        "netIncomeRatio": 0.0022539444,
        "eps": 0.04,
        "epsdiluted": 0.04,
        "weightedAverageShsOut": 100000000,
        "weightedAverageShsOutDil": 100000000,
        "link": "https://www.sec.gov/Archives/edgar/data/723612/000119312507044472/0001193125-07-044472-index.htm",
        "finalLink": "https://www.sec.gov/Archives/edgar/data/723612/000119312507044472/d10k.htm"
    },
    {
        "date": "2006-09-30",
        "symbol": "CAR",
        "reportedCurrency": "USD",
        "cik": "0000723612",
        "fillingDate": "2006-11-21",
        "acceptedDate": "2006-11-21 06:05:51",
        "calendarYear": "2006",
        "period": "Q3",
        "revenue": 1566000000,
        "costOfRevenue": 823000000,
        "grossProfit": 743000000,
        "grossProfitRatio": 0.4744572158,
        "researchAndDevelopmentExpenses": 0,
        "generalAndAdministrativeExpenses": 179000000,
        "sellingAndMarketingExpenses": 0,
        "sellingGeneralAndAdministrativeExpenses": 179000000,
        "otherExpenses": 408000000,
        "operatingExpenses": 587000000,
        "costAndExpenses": 1410000000,
        "interestIncome": 0,
        "interestExpense": 1940000000,
        "depreciationAndAmortization": 253000000,
        "ebitda": 564000000,
        "ebitdaratio": 0.3601532567,
        "operatingIncome": 791000000,
        "operatingIncomeRatio": 0.5051085568,
        "totalOtherIncomeExpensesNet": -617000000,
        "incomeBeforeTax": -461000000,
        "incomeBeforeTaxRatio": -0.2943805875,
        "incomeTaxExpense": -136000000,
        "netIncome": -1013000000,
        "netIncomeRatio": -0.6468710089,
        "eps": -10.07,
        "epsdiluted": -10.07,
        "weightedAverageShsOut": 100595829,
        "weightedAverageShsOutDil": 100595829,
        "link": "https://www.sec.gov/Archives/edgar/data/723612/000095012306014372/0000950123-06-014372-index.htm",
        "finalLink": "https://www.sec.gov/Archives/edgar/data/723612/000095012306014372/y27169e10vq.htm"
    },
    {
        "date": "2006-06-30",
        "symbol": "CAR",
        "reportedCurrency": "USD",
        "cik": "0000723612",
        "fillingDate": "2006-08-09",
        "acceptedDate": "2006-08-09 17:04:17",
        "calendarYear": "2006",
        "period": "Q2",
        "revenue": 4252000000,
        "costOfRevenue": 2602000000,
        "grossProfit": 1650000000,
        "grossProfitRatio": 0.3880526811,
        "researchAndDevelopmentExpenses": 0,
        "generalAndAdministrativeExpenses": 683000000,
        "sellingAndMarketingExpenses": 0,
        "sellingGeneralAndAdministrativeExpenses": 683000000,
        "otherExpenses": -69000000,
        "operatingExpenses": 1218000000,
        "costAndExpenses": 3820000000,
        "interestIncome": 0,
        "interestExpense": 394000000,
        "depreciationAndAmortization": 394000000,
        "ebitda": 1012000000,
        "ebitdaratio": 0.2380056444,
        "operatingIncome": 618000000,
        "operatingIncomeRatio": 0.1453433678,
        "totalOtherIncomeExpensesNet": -221000000,
        "incomeBeforeTax": 277000000,
        "incomeBeforeTaxRatio": 0.0651458137,
        "incomeTaxExpense": 103000000,
        "netIncome": 121000000,
        "netIncomeRatio": 0.0284571966,
        "eps": -10.52,
        "epsdiluted": -10.52,
        "weightedAverageShsOut": 100190114,
        "weightedAverageShsOutDil": 100190114,
        "link": "https://www.sec.gov/Archives/edgar/data/723612/000095012306010263/0000950123-06-010263-index.htm",
        "finalLink": "https://www.sec.gov/Archives/edgar/data/723612/000095012306010263/y23799e10vq.htm"
    },
    {
        "date": "2006-03-31",
        "symbol": "CAR",
        "reportedCurrency": "USD",
        "cik": "0000723612",
        "fillingDate": "2006-05-03",
        "acceptedDate": "2006-05-03 16:33:33",
        "calendarYear": "2006",
        "period": "Q1",
        "revenue": 4217000000,
        "costOfRevenue": 2473000000,
        "grossProfit": 1744000000,
        "grossProfitRatio": 0.4135641451,
        "researchAndDevelopmentExpenses": 0,
        "generalAndAdministrativeExpenses": 873000000,
        "sellingAndMarketingExpenses": 0,
        "sellingGeneralAndAdministrativeExpenses": 873000000,
        "otherExpenses": -310000000,
        "operatingExpenses": 1438000000,
        "costAndExpenses": 3911000000,
        "interestIncome": 0,
        "interestExpense": 327000000,
        "depreciationAndAmortization": 461000000,
        "ebitda": 435000000,
        "ebitdaratio": 0.1031539009,
        "operatingIncome": 454000000,
        "operatingIncomeRatio": 0.1076594736,
        "totalOtherIncomeExpensesNet": -176000000,
        "incomeBeforeTax": 192000000,
        "incomeBeforeTaxRatio": 0.0455299976,
        "incomeTaxExpense": 57000000,
        "netIncome": 70000000,
        "netIncomeRatio": 0.0165994783,
        "eps": 0.7,
        "epsdiluted": 0.7,
        "weightedAverageShsOut": 100000000,
        "weightedAverageShsOutDil": 100000000,
        "link": "https://www.sec.gov/Archives/edgar/data/723612/000095012306005672/0000950123-06-005672-index.htm",
        "finalLink": "https://www.sec.gov/Archives/edgar/data/723612/000095012306005672/e20448e10vq.htm"
    },
    {
        "date": "2005-12-31",
        "symbol": "CAR",
        "reportedCurrency": "USD",
        "cik": "0000723612",
        "fillingDate": "2007-03-01",
        "acceptedDate": "2007-03-01 16:27:04",
        "calendarYear": "2005",
        "period": "Q4",
        "revenue": 4578000000,
        "costOfRevenue": 2830000000,
        "grossProfit": 1748000000,
        "grossProfitRatio": 0.3818261249,
        "researchAndDevelopmentExpenses": 0,
        "generalAndAdministrativeExpenses": 1364000000,
        "sellingAndMarketingExpenses": 0,
        "sellingGeneralAndAdministrativeExpenses": 1364000000,
        "otherExpenses": 21000000,
        "operatingExpenses": 1385000000,
        "costAndExpenses": 4215000000,
        "interestIncome": 0,
        "interestExpense": 433000000,
        "depreciationAndAmortization": -95000000,
        "ebitda": 384000000,
        "ebitdaratio": 0.0838794233,
        "operatingIncome": 889000000,
        "operatingIncomeRatio": 0.1941896024,
        "totalOtherIncomeExpensesNet": -482000000,
        "incomeBeforeTax": -119000000,
        "incomeBeforeTaxRatio": -0.0259938838,
        "incomeTaxExpense": -80000000,
        "netIncome": 536000000,
        "netIncomeRatio": 0.1170816951,
        "eps": -0.39,
        "epsdiluted": -0.39,
        "weightedAverageShsOut": 100000000,
        "weightedAverageShsOutDil": 100000000,
        "link": "https://www.sec.gov/Archives/edgar/data/723612/000095012307003031/0000950123-07-003031-index.htm",
        "finalLink": "https://www.sec.gov/Archives/edgar/data/723612/000095012307003031/e29143a1e10vkza.htm"
    },
    {
        "date": "2005-09-30",
        "symbol": "CAR",
        "reportedCurrency": "USD",
        "cik": "0000723612",
        "fillingDate": "2005-11-02",
        "acceptedDate": "2005-11-02 15:50:46",
        "calendarYear": "2005",
        "period": "Q3",
        "revenue": 5046000000,
        "costOfRevenue": 2867000000,
        "grossProfit": 2179000000,
        "grossProfitRatio": 0.4318271899,
        "researchAndDevelopmentExpenses": 0,
        "generalAndAdministrativeExpenses": 838000000,
        "sellingAndMarketingExpenses": 0,
        "sellingGeneralAndAdministrativeExpenses": 838000000,
        "otherExpenses": 0,
        "operatingExpenses": 1406000000,
        "costAndExpenses": 4273000000,
        "interestIncome": 0,
        "interestExpense": 139000000,
        "depreciationAndAmortization": 471000000,
        "ebitda": 528000000,
        "ebitdaratio": 0.1046373365,
        "operatingIncome": 879000000,
        "operatingIncomeRatio": 0.1741973841,
        "totalOtherIncomeExpensesNet": 542000000,
        "incomeBeforeTax": 698000000,
        "incomeBeforeTaxRatio": 0.138327388,
        "incomeTaxExpense": 244000000,
        "netIncome": 496000000,
        "netIncomeRatio": 0.0982956797,
        "eps": 4.81,
        "epsdiluted": 4.72,
        "weightedAverageShsOut": 103742204,
        "weightedAverageShsOutDil": 105720339,
        "link": "https://www.sec.gov/Archives/edgar/data/723612/000095012305012969/0000950123-05-012969-index.htm",
        "finalLink": "https://www.sec.gov/Archives/edgar/data/723612/000095012305012969/e14101e10vq.htm"
    },
    {
        "date": "2005-06-30",
        "symbol": "CAR",
        "reportedCurrency": "USD",
        "cik": "0000723612",
        "fillingDate": "2005-08-02",
        "acceptedDate": "2005-08-02 16:29:55",
        "calendarYear": "2005",
        "period": "Q2",
        "revenue": 4735000000,
        "costOfRevenue": 2734000000,
        "grossProfit": 2001000000,
        "grossProfitRatio": 0.4225976769,
        "researchAndDevelopmentExpenses": 0,
        "generalAndAdministrativeExpenses": 815000000,
        "sellingAndMarketingExpenses": 0,
        "sellingGeneralAndAdministrativeExpenses": 815000000,
        "otherExpenses": 0,
        "operatingExpenses": 1331000000,
        "costAndExpenses": 4065000000,
        "interestIncome": 0,
        "interestExpense": 100000000,
        "depreciationAndAmortization": 562000000,
        "ebitda": 1023000000,
        "ebitdaratio": 0.2160506864,
        "operatingIncome": 682000000,
        "operatingIncomeRatio": 0.1440337909,
        "totalOtherIncomeExpensesNet": -57000000,
        "incomeBeforeTax": 588000000,
        "incomeBeforeTaxRatio": 0.1241816262,
        "incomeTaxExpense": 195000000,
        "netIncome": 387000000,
        "netIncomeRatio": 0.0817317846,
        "eps": 3.7,
        "epsdiluted": 3.6,
        "weightedAverageShsOut": 104594595,
        "weightedAverageShsOutDil": 107500000,
        "link": "https://www.sec.gov/Archives/edgar/data/723612/000095012305009284/0000950123-05-009284-index.htm",
        "finalLink": "https://www.sec.gov/Archives/edgar/data/723612/000095012305009284/e11099e10vq.htm"
    },
    {
        "date": "2005-03-31",
        "symbol": "CAR",
        "reportedCurrency": "USD",
        "cik": "0000723612",
        "fillingDate": "2005-05-05",
        "acceptedDate": "2005-05-05 13:42:38",
        "calendarYear": "2005",
        "period": "Q1",
        "revenue": 3877000000,
        "costOfRevenue": 2252000000,
        "grossProfit": 1625000000,
        "grossProfitRatio": 0.4191385092,
        "researchAndDevelopmentExpenses": 0,
        "generalAndAdministrativeExpenses": 748000000,
        "sellingAndMarketingExpenses": 0,
        "sellingGeneralAndAdministrativeExpenses": 748000000,
        "otherExpenses": 12000000,
        "operatingExpenses": 1212000000,
        "costAndExpenses": 3464000000,
        "interestIncome": 0,
        "interestExpense": 741000000,
        "depreciationAndAmortization": 354000000,
        "ebitda": 865000000,
        "ebitdaratio": 0.2231106526,
        "operatingIncome": 774000000,
        "operatingIncomeRatio": 0.1996388961,
        "totalOtherIncomeExpensesNet": -222000000,
        "incomeBeforeTax": 179000000,
        "incomeBeforeTaxRatio": 0.0461697189,
        "incomeTaxExpense": 115000000,
        "netIncome": -82000000,
        "netIncomeRatio": -0.021150374,
        "eps": -0.8,
        "epsdiluted": -0.8,
        "weightedAverageShsOut": 102500000,
        "weightedAverageShsOutDil": 102500000,
        "link": "https://www.sec.gov/Archives/edgar/data/723612/000095012305005682/0000950123-05-005682-index.htm",
        "finalLink": "https://www.sec.gov/Archives/edgar/data/723612/000095012305005682/e08480e10vq.htm"
    },
    {
        "date": "2004-12-31",
        "symbol": "CAR",
        "reportedCurrency": "USD",
        "cik": "0000723612",
        "fillingDate": "2005-03-01",
        "acceptedDate": "2005-03-01 17:17:22",
        "calendarYear": "2004",
        "period": "Q4",
        "revenue": 4904000000,
        "costOfRevenue": 2621000000,
        "grossProfit": 2283000000,
        "grossProfitRatio": 0.4655383361,
        "researchAndDevelopmentExpenses": 0,
        "generalAndAdministrativeExpenses": 945000000,
        "sellingAndMarketingExpenses": 0,
        "sellingGeneralAndAdministrativeExpenses": 945000000,
        "otherExpenses": 765000000,
        "operatingExpenses": 1710000000,
        "costAndExpenses": 4331000000,
        "interestIncome": 0,
        "interestExpense": 31000000,
        "depreciationAndAmortization": 830000000,
        "ebitda": 1376000000,
        "ebitdaratio": 0.2805872757,
        "operatingIncome": 546000000,
        "operatingIncomeRatio": 0.1113376835,
        "totalOtherIncomeExpensesNet": -64000000,
        "incomeBeforeTax": 509000000,
        "incomeBeforeTaxRatio": 0.1037928222,
        "incomeTaxExpense": 158000000,
        "netIncome": 357000000,
        "netIncomeRatio": 0.0727977162,
        "eps": 3.48,
        "epsdiluted": 3.48,
        "weightedAverageShsOut": 102500000,
        "weightedAverageShsOutDil": 102500000,
        "link": "https://www.sec.gov/Archives/edgar/data/723612/000095012305002491/0000950123-05-002491-index.htm",
        "finalLink": "https://www.sec.gov/Archives/edgar/data/723612/000095012305002491/y05947e10vk.htm"
    },
    {
        "date": "2004-09-30",
        "symbol": "CAR",
        "reportedCurrency": "USD",
        "cik": "0000723612",
        "fillingDate": "2004-11-02",
        "acceptedDate": "2004-11-02 15:38:55",
        "calendarYear": "2004",
        "period": "Q3",
        "revenue": 5363000000,
        "costOfRevenue": 2777000000,
        "grossProfit": 2586000000,
        "grossProfitRatio": 0.4821928025,
        "researchAndDevelopmentExpenses": 0,
        "generalAndAdministrativeExpenses": 864000000,
        "sellingAndMarketingExpenses": 0,
        "sellingGeneralAndAdministrativeExpenses": 864000000,
        "otherExpenses": 808000000,
        "operatingExpenses": 1672000000,
        "costAndExpenses": 4449000000,
        "interestIncome": 0,
        "interestExpense": 16000000,
        "depreciationAndAmortization": 1012000000,
        "ebitda": 1917000000,
        "ebitdaratio": 0.3574491889,
        "operatingIncome": 905000000,
        "operatingIncomeRatio": 0.1687488346,
        "totalOtherIncomeExpensesNet": -23000000,
        "incomeBeforeTax": 890000000,
        "incomeBeforeTaxRatio": 0.1659518926,
        "incomeTaxExpense": 296000000,
        "netIncome": 593000000,
        "netIncomeRatio": 0.1105724408,
        "eps": 5.7,
        "epsdiluted": 5.6,
        "weightedAverageShsOut": 104035088,
        "weightedAverageShsOutDil": 105892857,
        "link": "https://www.sec.gov/Archives/edgar/data/723612/000095012304012858/0000950123-04-012858-index.htm",
        "finalLink": "https://www.sec.gov/Archives/edgar/data/723612/000095012304012858/y68029e10vq.htm"
    },
    {
        "date": "2004-06-30",
        "symbol": "CAR",
        "reportedCurrency": "USD",
        "cik": "0000723612",
        "fillingDate": "2004-08-02",
        "acceptedDate": "2004-08-02 16:46:17",
        "calendarYear": "2004",
        "period": "Q2",
        "revenue": 5209000000,
        "costOfRevenue": 2733000000,
        "grossProfit": 2476000000,
        "grossProfitRatio": 0.4753311576,
        "researchAndDevelopmentExpenses": 0,
        "generalAndAdministrativeExpenses": 896000000,
        "sellingAndMarketingExpenses": 0,
        "sellingGeneralAndAdministrativeExpenses": 896000000,
        "otherExpenses": 736000000,
        "operatingExpenses": 1632000000,
        "costAndExpenses": 4365000000,
        "interestIncome": 0,
        "interestExpense": 205000000,
        "depreciationAndAmortization": 448000000,
        "ebitda": 1124000000,
        "ebitdaratio": 0.2157803801,
        "operatingIncome": 1153000000,
        "operatingIncomeRatio": 0.2213476675,
        "totalOtherIncomeExpensesNet": -90000000,
        "incomeBeforeTax": 751000000,
        "incomeBeforeTaxRatio": 0.1441735458,
        "incomeTaxExpense": 257000000,
        "netIncome": 691000000,
        "netIncomeRatio": 0.1326550202,
        "eps": 6.8,
        "epsdiluted": 6.6,
        "weightedAverageShsOut": 101617647,
        "weightedAverageShsOutDil": 104696970,
        "link": "https://www.sec.gov/Archives/edgar/data/723612/000095012304009102/0000950123-04-009102-index.htm",
        "finalLink": "https://www.sec.gov/Archives/edgar/data/723612/000095012304009102/y99348e10vq.htm"
    },
    {
        "date": "2004-03-31",
        "symbol": "CAR",
        "reportedCurrency": "USD",
        "cik": "0000723612",
        "fillingDate": "2004-05-03",
        "acceptedDate": "2004-05-03 17:15:28",
        "calendarYear": "2004",
        "period": "Q1",
        "revenue": 4477000000,
        "costOfRevenue": 2240000000,
        "grossProfit": 2237000000,
        "grossProfitRatio": 0.4996649542,
        "researchAndDevelopmentExpenses": 0,
        "generalAndAdministrativeExpenses": 901000000,
        "sellingAndMarketingExpenses": 0,
        "sellingGeneralAndAdministrativeExpenses": 901000000,
        "otherExpenses": 749000000,
        "operatingExpenses": 1650000000,
        "costAndExpenses": 3890000000,
        "interestIncome": 0,
        "interestExpense": 91000000,
        "depreciationAndAmortization": 905000000,
        "ebitda": 1495000000,
        "ebitdaratio": 0.3339289703,
        "operatingIncome": 590000000,
        "operatingIncomeRatio": 0.1317846772,
        "totalOtherIncomeExpensesNet": -294000000,
        "incomeBeforeTax": 503000000,
        "incomeBeforeTaxRatio": 0.1123520214,
        "incomeTaxExpense": 58000000,
        "netIncome": 441000000,
        "netIncomeRatio": 0.0985034621,
        "eps": 4.3,
        "epsdiluted": 4.2,
        "weightedAverageShsOut": 102558140,
        "weightedAverageShsOutDil": 105000000,
        "link": "https://www.sec.gov/Archives/edgar/data/723612/000104746904015276/0001047469-04-015276-index.htm",
        "finalLink": "https://www.sec.gov/Archives/edgar/data/723612/000104746904015276/a2134604z10-q.htm"
    },
    {
        "date": "2003-12-31",
        "symbol": "CAR",
        "reportedCurrency": "USD",
        "cik": "0000723612",
        "fillingDate": "2004-03-01",
        "acceptedDate": "2004-03-01 17:09:26",
        "calendarYear": "2003",
        "period": "Q4",
        "revenue": 4456000000,
        "costOfRevenue": 2398000000,
        "grossProfit": 2058000000,
        "grossProfitRatio": 0.4618491921,
        "researchAndDevelopmentExpenses": 0,
        "generalAndAdministrativeExpenses": 774000000,
        "sellingAndMarketingExpenses": 0,
        "sellingGeneralAndAdministrativeExpenses": 774000000,
        "otherExpenses": 741000000,
        "operatingExpenses": 1515000000,
        "costAndExpenses": 3913000000,
        "interestIncome": 0,
        "interestExpense": 77000000,
        "depreciationAndAmortization": 1196000000,
        "ebitda": 1710000000,
        "ebitdaratio": 0.3837522442,
        "operatingIncome": 514000000,
        "operatingIncomeRatio": 0.1153500898,
        "totalOtherIncomeExpensesNet": -123000000,
        "incomeBeforeTax": 420000000,
        "incomeBeforeTaxRatio": 0.0942549372,
        "incomeTaxExpense": 149000000,
        "netIncome": 288000000,
        "netIncomeRatio": 0.0646319569,
        "eps": 2.81,
        "epsdiluted": 2.81,
        "weightedAverageShsOut": 102558140,
        "weightedAverageShsOutDil": 102558140,
        "link": "https://www.sec.gov/Archives/edgar/data/723612/000104746904006115/0001047469-04-006115-index.htm",
        "finalLink": "https://www.sec.gov/Archives/edgar/data/723612/000104746904006115/a2129356z10-k.htm"
    },
    {
        "date": "2003-09-30",
        "symbol": "CAR",
        "reportedCurrency": "USD",
        "cik": "0000723612",
        "fillingDate": "2003-11-06",
        "acceptedDate": "2003-11-06 16:54:21",
        "calendarYear": "2003",
        "period": "Q3",
        "revenue": 5062000000,
        "costOfRevenue": 2596000000,
        "grossProfit": 2466000000,
        "grossProfitRatio": 0.4871592256,
        "researchAndDevelopmentExpenses": 0,
        "generalAndAdministrativeExpenses": 849000000,
        "sellingAndMarketingExpenses": 0,
        "sellingGeneralAndAdministrativeExpenses": 849000000,
        "otherExpenses": 785000000,
        "operatingExpenses": 1634000000,
        "costAndExpenses": 4230000000,
        "interestIncome": 0,
        "interestExpense": 635000000,
        "depreciationAndAmortization": 560000000,
        "ebitda": 1636000000,
        "ebitdaratio": 0.3231924141,
        "operatingIncome": 1076000000,
        "operatingIncomeRatio": 0.2125642039,
        "totalOtherIncomeExpensesNet": -94000000,
        "incomeBeforeTax": 738000000,
        "incomeBeforeTaxRatio": 0.145792177,
        "incomeTaxExpense": 248000000,
        "netIncome": 193000000,
        "netIncomeRatio": 0.0381272224,
        "eps": 1.9,
        "epsdiluted": 1.9,
        "weightedAverageShsOut": 101578947,
        "weightedAverageShsOutDil": 101578947,
        "link": "https://www.sec.gov/Archives/edgar/data/723612/000104746903036321/0001047469-03-036321-index.htm",
        "finalLink": "https://www.sec.gov/Archives/edgar/data/723612/000104746903036321/a2121144z10-q.htm"
    },
    {
        "date": "2003-06-30",
        "symbol": "CAR",
        "reportedCurrency": "USD",
        "cik": "0000723612",
        "fillingDate": "2003-08-07",
        "acceptedDate": "2003-08-07 16:02:28",
        "calendarYear": "2003",
        "period": "Q2",
        "revenue": 4580000000,
        "costOfRevenue": 2401000000,
        "grossProfit": 2179000000,
        "grossProfitRatio": 0.4757641921,
        "researchAndDevelopmentExpenses": 0,
        "generalAndAdministrativeExpenses": 753000000,
        "sellingAndMarketingExpenses": 0,
        "sellingGeneralAndAdministrativeExpenses": 753000000,
        "otherExpenses": 750000000,
        "operatingExpenses": 1503000000,
        "costAndExpenses": 3904000000,
        "interestIncome": 0,
        "interestExpense": 115000000,
        "depreciationAndAmortization": 949000000,
        "ebitda": 1639000000,
        "ebitdaratio": 0.357860262,
        "operatingIncome": 690000000,
        "operatingIncomeRatio": 0.1506550218,
        "totalOtherIncomeExpensesNet": -101000000,
        "incomeBeforeTax": 582000000,
        "incomeBeforeTaxRatio": 0.1270742358,
        "incomeTaxExpense": 193000000,
        "netIncome": 382000000,
        "netIncomeRatio": 0.0834061135,
        "eps": 3.8,
        "epsdiluted": 3.7,
        "weightedAverageShsOut": 100526316,
        "weightedAverageShsOutDil": 103243243,
        "link": "https://www.sec.gov/Archives/edgar/data/723612/000104746903026596/0001047469-03-026596-index.htm",
        "finalLink": "https://www.sec.gov/Archives/edgar/data/723612/000104746903026596/a2115705z10-q.htm"
    },
    {
        "date": "2003-03-31",
        "symbol": "CAR",
        "reportedCurrency": "USD",
        "cik": "0000723612",
        "fillingDate": "2003-05-09",
        "acceptedDate": "2003-05-08 18:03:14",
        "calendarYear": "2003",
        "period": "Q1",
        "revenue": 4094000000,
        "costOfRevenue": 2012000000,
        "grossProfit": 2082000000,
        "grossProfitRatio": 0.5085490962,
        "researchAndDevelopmentExpenses": 0,
        "generalAndAdministrativeExpenses": 749000000,
        "sellingAndMarketingExpenses": 0,
        "sellingGeneralAndAdministrativeExpenses": 749000000,
        "otherExpenses": 729000000,
        "operatingExpenses": 1478000000,
        "costAndExpenses": 3490000000,
        "interestIncome": 0,
        "interestExpense": 195000000,
        "depreciationAndAmortization": 757000000,
        "ebitda": 1416000000,
        "ebitdaratio": 0.3458720078,
        "operatingIncome": 659000000,
        "operatingIncomeRatio": 0.1609672692,
        "totalOtherIncomeExpensesNet": -140000000,
        "incomeBeforeTax": 470000000,
        "incomeBeforeTaxRatio": 0.1148021495,
        "incomeTaxExpense": 155000000,
        "netIncome": 309000000,
        "netIncomeRatio": 0.0754763068,
        "eps": 3,
        "epsdiluted": 3,
        "weightedAverageShsOut": 103000000,
        "weightedAverageShsOutDil": 103000000,
        "link": "https://www.sec.gov/Archives/edgar/data/723612/000104746903017586/0001047469-03-017586-index.htm",
        "finalLink": "https://www.sec.gov/Archives/edgar/data/723612/000104746903017586/a2110385z10-q.htm"
    },
    {
        "date": "2002-12-31",
        "symbol": "CAR",
        "reportedCurrency": "USD",
        "cik": "0000723612",
        "fillingDate": "2003-03-05",
        "acceptedDate": "2003-03-05 12:58:31",
        "calendarYear": "2002",
        "period": "Q4",
        "revenue": 3850000000,
        "costOfRevenue": 2021000000,
        "grossProfit": 1829000000,
        "grossProfitRatio": 0.4750649351,
        "researchAndDevelopmentExpenses": 0,
        "generalAndAdministrativeExpenses": 603000000,
        "sellingAndMarketingExpenses": 0,
        "sellingGeneralAndAdministrativeExpenses": 603000000,
        "otherExpenses": 691000000,
        "operatingExpenses": 1294000000,
        "costAndExpenses": 3315000000,
        "interestIncome": 0,
        "interestExpense": 244000000,
        "depreciationAndAmortization": 737000000,
        "ebitda": 1357000000,
        "ebitdaratio": 0.3524675325,
        "operatingIncome": 620000000,
        "operatingIncomeRatio": 0.161038961,
        "totalOtherIncomeExpensesNet": -175000000,
        "incomeBeforeTax": 360000000,
        "incomeBeforeTaxRatio": 0.0935064935,
        "incomeTaxExpense": 129000000,
        "netIncome": 247000000,
        "netIncomeRatio": 0.0641558442,
        "eps": 2.4,
        "epsdiluted": 2.4,
        "weightedAverageShsOut": 103000000,
        "weightedAverageShsOutDil": 103000000,
        "link": "https://www.sec.gov/Archives/edgar/data/723612/000104746903007743/0001047469-03-007743-index.htm",
        "finalLink": "https://www.sec.gov/Archives/edgar/data/723612/000104746903007743/a2104329z10-k.htm"
    },
    {
        "date": "2002-09-30",
        "symbol": "CAR",
        "reportedCurrency": "USD",
        "cik": "0000723612",
        "fillingDate": "2002-12-19",
        "acceptedDate": "2002-12-19 15:20:05",
        "calendarYear": "2002",
        "period": "Q3",
        "revenue": 3839000000,
        "costOfRevenue": 2007000000,
        "grossProfit": 1832000000,
        "grossProfitRatio": 0.4772076061,
        "researchAndDevelopmentExpenses": 0,
        "generalAndAdministrativeExpenses": 294000000,
        "sellingAndMarketingExpenses": 379000000,
        "sellingGeneralAndAdministrativeExpenses": 673000000,
        "otherExpenses": 0,
        "operatingExpenses": 1317000000,
        "costAndExpenses": 3324000000,
        "interestIncome": 0,
        "interestExpense": 3202000000,
        "depreciationAndAmortization": 1764000000,
        "ebitda": 2342000000,
        "ebitdaratio": 0.6100547017,
        "operatingIncome": 578000000,
        "operatingIncomeRatio": 0.1505600417,
        "totalOtherIncomeExpensesNet": -142000000,
        "incomeBeforeTax": 384000000,
        "incomeBeforeTaxRatio": 0.1000260485,
        "incomeTaxExpense": 123000000,
        "netIncome": -2747000000,
        "netIncomeRatio": -0.7155509247,
        "eps": -27.55,
        "epsdiluted": -26.76,
        "weightedAverageShsOut": 99714286,
        "weightedAverageShsOutDil": 102647059,
        "link": "https://www.sec.gov/Archives/edgar/data/723612/000104746902007623/0001047469-02-007623-index.htm",
        "finalLink": "https://www.sec.gov/Archives/edgar/data/723612/000104746902007623/a2096741z10-qa.txt"
    },
    {
        "date": "2002-06-30",
        "symbol": "CAR",
        "reportedCurrency": "USD",
        "cik": "0000723612",
        "fillingDate": "2002-08-14",
        "acceptedDate": "2002-08-14 15:35:06",
        "calendarYear": "2002",
        "period": "Q2",
        "revenue": 3784000000,
        "costOfRevenue": 1831000000,
        "grossProfit": 1953000000,
        "grossProfitRatio": 0.5161205074,
        "researchAndDevelopmentExpenses": 0,
        "generalAndAdministrativeExpenses": 286000000,
        "sellingAndMarketingExpenses": 358000000,
        "sellingGeneralAndAdministrativeExpenses": 644000000,
        "otherExpenses": 621000000,
        "operatingExpenses": 1265000000,
        "costAndExpenses": 3096000000,
        "interestIncome": 0,
        "interestExpense": 1764000000,
        "depreciationAndAmortization": -415000000,
        "ebitda": 1309000000,
        "ebitdaratio": 0.3459302326,
        "operatingIncome": 1939000000,
        "operatingIncomeRatio": 0.5124207188,
        "totalOtherIncomeExpensesNet": -1532000000,
        "incomeBeforeTax": 407000000,
        "incomeBeforeTaxRatio": 0.1075581395,
        "incomeTaxExpense": 141000000,
        "netIncome": 34000000,
        "netIncomeRatio": 0.0089852008,
        "eps": 0.1,
        "epsdiluted": 0.1,
        "weightedAverageShsOut": 97714286,
        "weightedAverageShsOutDil": 100588235,
        "link": "https://www.sec.gov/Archives/edgar/data/723612/000091205702032085/0000912057-02-032085-index.htm",
        "finalLink": "https://www.sec.gov/Archives/edgar/data/723612/000091205702032085/a2087335z10-q.txt"
    },
    {
        "date": "2002-03-31",
        "symbol": "CAR",
        "reportedCurrency": "USD",
        "cik": "0000723612",
        "fillingDate": "2002-05-10",
        "acceptedDate": "2002-05-10 15:34:31",
        "calendarYear": "2002",
        "period": "Q1",
        "revenue": 2713000000,
        "costOfRevenue": 945000000,
        "grossProfit": 1768000000,
        "grossProfitRatio": 0.6516771102,
        "researchAndDevelopmentExpenses": 0,
        "generalAndAdministrativeExpenses": 279000000,
        "sellingAndMarketingExpenses": 290000000,
        "sellingGeneralAndAdministrativeExpenses": 569000000,
        "otherExpenses": 609000000,
        "operatingExpenses": 1178000000,
        "costAndExpenses": 2123000000,
        "interestIncome": 0,
        "interestExpense": 90000000,
        "depreciationAndAmortization": 631000000,
        "ebitda": 1232000000,
        "ebitdaratio": 0.4541098415,
        "operatingIncome": 601000000,
        "operatingIncomeRatio": 0.221525986,
        "totalOtherIncomeExpensesNet": -79000000,
        "incomeBeforeTax": 511000000,
        "incomeBeforeTaxRatio": 0.1883523774,
        "incomeTaxExpense": 169000000,
        "netIncome": 342000000,
        "netIncomeRatio": 0.1260597125,
        "eps": 3.5,
        "epsdiluted": 3.4,
        "weightedAverageShsOut": 97714286,
        "weightedAverageShsOutDil": 100588235,
        "link": "https://www.sec.gov/Archives/edgar/data/723612/000091205702019571/0000912057-02-019571-index.htm",
        "finalLink": "https://www.sec.gov/Archives/edgar/data/723612/000091205702019571/a2079440z10-q.txt"
    },
    {
        "date": "2001-12-31",
        "symbol": "CAR",
        "reportedCurrency": "USD",
        "cik": "0000723612",
        "fillingDate": "2002-04-01",
        "acceptedDate": "2002-04-01 00:00:00",
        "calendarYear": "2001",
        "period": "Q4",
        "revenue": 2580000000,
        "costOfRevenue": 836000000,
        "grossProfit": 1744000000,
        "grossProfitRatio": 0.6759689922,
        "researchAndDevelopmentExpenses": 0,
        "generalAndAdministrativeExpenses": 659000000,
        "sellingAndMarketingExpenses": 0,
        "sellingGeneralAndAdministrativeExpenses": 659000000,
        "otherExpenses": 668000000,
        "operatingExpenses": 1327000000,
        "costAndExpenses": 2163000000,
        "interestIncome": 0,
        "interestExpense": 1634000000,
        "depreciationAndAmortization": 1821000000,
        "ebitda": 2945000000,
        "ebitdaratio": 1.1414728682,
        "operatingIncome": 1124000000,
        "operatingIncomeRatio": 0.4356589147,
        "totalOtherIncomeExpensesNet": -927000000,
        "incomeBeforeTax": -510000000,
        "incomeBeforeTaxRatio": -0.1976744186,
        "incomeTaxExpense": -203000000,
        "netIncome": -307000000,
        "netIncomeRatio": -0.1189922481,
        "eps": -3.14,
        "epsdiluted": -3.14,
        "weightedAverageShsOut": 97714286,
        "weightedAverageShsOutDil": 97714286,
        "link": "https://www.sec.gov/Archives/edgar/data/723612/000091205702012785/0000912057-02-012785-index.htm",
        "finalLink": "https://www.sec.gov/Archives/edgar/data/723612/000091205702012785/a2072306z10-k.txt"
    },
    {
        "date": "2001-09-30",
        "symbol": "CAR",
        "reportedCurrency": "USD",
        "cik": "0000723612",
        "fillingDate": "2001-11-14",
        "acceptedDate": "2001-11-14 00:00:00",
        "calendarYear": "2001",
        "period": "Q3",
        "revenue": 2481000000,
        "costOfRevenue": 862000000,
        "grossProfit": 1619000000,
        "grossProfitRatio": 0.6525594518,
        "researchAndDevelopmentExpenses": 0,
        "generalAndAdministrativeExpenses": 240000000,
        "sellingAndMarketingExpenses": 216000000,
        "sellingGeneralAndAdministrativeExpenses": 456000000,
        "otherExpenses": 685000000,
        "operatingExpenses": 1141000000,
        "costAndExpenses": 2003000000,
        "interestIncome": 0,
        "interestExpense": 1522000000,
        "depreciationAndAmortization": -564000000,
        "ebitda": 1269000000,
        "ebitdaratio": 0.5114873035,
        "operatingIncome": 1833000000,
        "operatingIncomeRatio": 0.738814994,
        "totalOtherIncomeExpensesNet": -144000000,
        "incomeBeforeTax": 311000000,
        "incomeBeforeTaxRatio": 0.1253526804,
        "incomeTaxExpense": 101000000,
        "netIncome": 210000000,
        "netIncomeRatio": 0.084643289,
        "eps": 2.5,
        "epsdiluted": 2.5,
        "weightedAverageShsOut": 85700000,
        "weightedAverageShsOutDil": 91200000,
        "link": "https://www.sec.gov/Archives/edgar/data/723612/000100547701501980/0001005477-01-501980-index.htm",
        "finalLink": "https://www.sec.gov/Archives/edgar/data/723612/000100547701501980/d0135079.txt"
    },
    {
        "date": "2001-06-30",
        "symbol": "CAR",
        "reportedCurrency": "USD",
        "cik": "0000723612",
        "fillingDate": "2001-08-14",
        "acceptedDate": "2001-08-14 00:00:00",
        "calendarYear": "2001",
        "period": "Q2",
        "revenue": 2403000000,
        "costOfRevenue": 788000000,
        "grossProfit": 1615000000,
        "grossProfitRatio": 0.672076571,
        "researchAndDevelopmentExpenses": 0,
        "generalAndAdministrativeExpenses": 192000000,
        "sellingAndMarketingExpenses": 291000000,
        "sellingGeneralAndAdministrativeExpenses": 483000000,
        "otherExpenses": 711000000,
        "operatingExpenses": 1149000000,
        "costAndExpenses": 1937000000,
        "interestIncome": 0,
        "interestExpense": 151000000,
        "depreciationAndAmortization": 635000000,
        "ebitda": 1159000000,
        "ebitdaratio": 0.4823137744,
        "operatingIncome": 524000000,
        "operatingIncomeRatio": 0.2180607574,
        "totalOtherIncomeExpensesNet": -93000000,
        "incomeBeforeTax": 373000000,
        "incomeBeforeTaxRatio": 0.1552226384,
        "incomeTaxExpense": 131000000,
        "netIncome": 242000000,
        "netIncomeRatio": 0.100707449,
        "eps": 2.3,
        "epsdiluted": 2.3,
        "weightedAverageShsOut": 85100000,
        "weightedAverageShsOutDil": 90500000,
        "link": "https://www.sec.gov/Archives/edgar/data/723612/000100547701500648/0001005477-01-500648-index.htm",
        "finalLink": "https://www.sec.gov/Archives/edgar/data/723612/000100547701500648/form-10q.txt"
    },
    {
        "date": "2001-03-31",
        "symbol": "CAR",
        "reportedCurrency": "USD",
        "cik": "0000723612",
        "fillingDate": "2001-05-11",
        "acceptedDate": "2001-05-11 00:00:00",
        "calendarYear": "2001",
        "period": "Q1",
        "revenue": 1303000000,
        "costOfRevenue": 433000000,
        "grossProfit": 870000000,
        "grossProfitRatio": 0.6676899463,
        "researchAndDevelopmentExpenses": 0,
        "generalAndAdministrativeExpenses": 135000000,
        "sellingAndMarketingExpenses": 158000000,
        "sellingGeneralAndAdministrativeExpenses": 293000000,
        "otherExpenses": 400000000,
        "operatingExpenses": 569000000,
        "costAndExpenses": 1002000000,
        "interestIncome": 0,
        "interestExpense": 0,
        "depreciationAndAmortization": 276000000,
        "ebitda": 365000000,
        "ebitdaratio": 0.2801227936,
        "operatingIncome": 89000000,
        "operatingIncomeRatio": 0.068303914,
        "totalOtherIncomeExpensesNet": 393000000,
        "incomeBeforeTax": 443000000,
        "incomeBeforeTaxRatio": 0.3399846508,
        "incomeTaxExpense": 189000000,
        "netIncome": 516000000,
        "netIncomeRatio": 0.3960092095,
        "eps": 2.8,
        "epsdiluted": 2.6,
        "weightedAverageShsOut": 79000000,
        "weightedAverageShsOutDil": 83000000,
        "link": "https://www.sec.gov/Archives/edgar/data/723612/000100547701003156/0001005477-01-003156-index.htm",
        "finalLink": "https://www.sec.gov/Archives/edgar/data/723612/000100547701003156/0001005477-01-003156-0001.txt"
    },
    {
        "date": "2000-12-13",
        "symbol": "CAR",
        "reportedCurrency": "USD",
        "cik": "0000723612",
        "fillingDate": "2001-03-29",
        "acceptedDate": "2001-03-29 00:00:00",
        "calendarYear": "2000",
        "period": "Q4",
        "revenue": 968000000,
        "costOfRevenue": 433000000,
        "grossProfit": 535000000,
        "grossProfitRatio": 0.5526859504,
        "researchAndDevelopmentExpenses": 0,
        "generalAndAdministrativeExpenses": 269000000,
        "sellingAndMarketingExpenses": 0,
        "sellingGeneralAndAdministrativeExpenses": 269000000,
        "otherExpenses": -27000000,
        "operatingExpenses": 242000000,
        "costAndExpenses": 675000000,
        "interestIncome": 0,
        "interestExpense": 138000000,
        "depreciationAndAmortization": -27000000,
        "ebitda": 266000000,
        "ebitdaratio": 0.2747933884,
        "operatingIncome": 302000000,
        "operatingIncomeRatio": 0.3119834711,
        "totalOtherIncomeExpensesNet": -92000000,
        "incomeBeforeTax": 201000000,
        "incomeBeforeTaxRatio": 0.2076446281,
        "incomeTaxExpense": 75000000,
        "netIncome": 89000000,
        "netIncomeRatio": 0.0919421488,
        "eps": 1.48,
        "epsdiluted": 1.48,
        "weightedAverageShsOut": 84861597,
        "weightedAverageShsOutDil": 84861597,
        "link": "https://www.sec.gov/Archives/edgar/data/723612/000091205701505442/0000912057-01-505442-index.htm",
        "finalLink": "https://www.sec.gov/Archives/edgar/data/723612/000091205701505442/a2033484z10-k.txt"
    },
    {
        "date": "2000-09-30",
        "symbol": "CAR",
        "reportedCurrency": "USD",
        "cik": "0000723612",
        "fillingDate": "2000-11-14",
        "acceptedDate": "2000-11-14 00:00:00",
        "calendarYear": "2000",
        "period": "Q3",
        "revenue": 1044000000,
        "costOfRevenue": 220000000,
        "grossProfit": 824000000,
        "grossProfitRatio": 0.7892720307,
        "researchAndDevelopmentExpenses": 0,
        "generalAndAdministrativeExpenses": 276000000,
        "sellingAndMarketingExpenses": 0,
        "sellingGeneralAndAdministrativeExpenses": 276000000,
        "otherExpenses": 195000000,
        "operatingExpenses": 462000000,
        "costAndExpenses": 682000000,
        "interestIncome": 0,
        "interestExpense": 156000000,
        "depreciationAndAmortization": 119000000,
        "ebitda": 490000000,
        "ebitdaratio": 0.469348659,
        "operatingIncome": 456000000,
        "operatingIncomeRatio": 0.4367816092,
        "totalOtherIncomeExpensesNet": -88000000,
        "incomeBeforeTax": 274000000,
        "incomeBeforeTaxRatio": 0.2624521073,
        "incomeTaxExpense": 86000000,
        "netIncome": 214000000,
        "netIncomeRatio": 0.2049808429,
        "eps": 3,
        "epsdiluted": 2.9,
        "weightedAverageShsOut": 72500000,
        "weightedAverageShsOutDil": 75900000,
        "link": "https://www.sec.gov/Archives/edgar/data/723612/000095013600001598/0000950136-00-001598-index.htm",
        "finalLink": "https://www.sec.gov/Archives/edgar/data/723612/000095013600001598/0000950136-00-001598-0001.txt"
    },
    {
        "date": "2000-06-30",
        "symbol": "CAR",
        "reportedCurrency": "USD",
        "cik": "0000723612",
        "fillingDate": "2000-07-28",
        "acceptedDate": "2000-07-28 00:00:00",
        "calendarYear": "2000",
        "period": "Q2",
        "revenue": 1137000000,
        "costOfRevenue": 388000000,
        "grossProfit": 749000000,
        "grossProfitRatio": 0.6587510994,
        "researchAndDevelopmentExpenses": 0,
        "generalAndAdministrativeExpenses": 372000000,
        "sellingAndMarketingExpenses": 0,
        "sellingGeneralAndAdministrativeExpenses": 372000000,
        "otherExpenses": 59000000,
        "operatingExpenses": 431000000,
        "costAndExpenses": 819000000,
        "interestIncome": 0,
        "interestExpense": 46000000,
        "depreciationAndAmortization": 126000000,
        "ebitda": 445000000,
        "ebitdaratio": 0.3913808267,
        "operatingIncome": 319000000,
        "operatingIncomeRatio": 0.2805628848,
        "totalOtherIncomeExpensesNet": -45000000,
        "incomeBeforeTax": 273000000,
        "incomeBeforeTaxRatio": 0.2401055409,
        "incomeTaxExpense": 98000000,
        "netIncome": 175000000,
        "netIncomeRatio": 0.1539138083,
        "eps": 2.5,
        "epsdiluted": 2.4,
        "weightedAverageShsOut": 70000000,
        "weightedAverageShsOutDil": 72916667,
        "link": "https://www.sec.gov/Archives/edgar/data/723612/000095013600000986/0000950136-00-000986-index.htm",
        "finalLink": "https://www.sec.gov/Archives/edgar/data/723612/000095013600000986/0000950136-00-000986-0001.txt"
    },
    {
        "date": "2000-03-31",
        "symbol": "CAR",
        "reportedCurrency": "USD",
        "cik": "0000723612",
        "fillingDate": "2000-05-11",
        "acceptedDate": "2000-05-11 00:00:00",
        "calendarYear": "2000",
        "period": "Q1",
        "revenue": 1128000000,
        "costOfRevenue": 341000000,
        "grossProfit": 787000000,
        "grossProfitRatio": 0.6976950355,
        "researchAndDevelopmentExpenses": 0,
        "generalAndAdministrativeExpenses": 348000000,
        "sellingAndMarketingExpenses": 0,
        "sellingGeneralAndAdministrativeExpenses": 348000000,
        "otherExpenses": 112000000,
        "operatingExpenses": 460000000,
        "costAndExpenses": 801000000,
        "interestIncome": 0,
        "interestExpense": 262000000,
        "depreciationAndAmortization": 112000000,
        "ebitda": 520000000,
        "ebitdaratio": 0.4609929078,
        "operatingIncome": 408000000,
        "operatingIncomeRatio": 0.3617021277,
        "totalOtherIncomeExpensesNet": -102000000,
        "incomeBeforeTax": 204000000,
        "incomeBeforeTaxRatio": 0.1808510638,
        "incomeTaxExpense": 77000000,
        "netIncome": 69000000,
        "netIncomeRatio": 0.0611702128,
        "eps": 1,
        "epsdiluted": 0.9,
        "weightedAverageShsOut": 72452368,
        "weightedAverageShsOutDil": 72452368,
        "link": "https://www.sec.gov/Archives/edgar/data/723612/000095013600000687/0000950136-00-000687-index.html",
        "finalLink": "https://www.sec.gov/Archives/edgar/data/723612/000095013600000687/"
    },
    {
        "date": "1999-12-31",
        "symbol": "CAR",
        "reportedCurrency": "USD",
        "cik": "0000723612",
        "fillingDate": "2000-03-01",
        "acceptedDate": "2000-03-01 00:00:00",
        "calendarYear": "1999",
        "period": "Q4",
        "revenue": 1283300000,
        "costOfRevenue": 410000000,
        "grossProfit": 873300000,
        "grossProfitRatio": 0.6805111821,
        "researchAndDevelopmentExpenses": 0,
        "generalAndAdministrativeExpenses": 342300000,
        "sellingAndMarketingExpenses": 0,
        "sellingGeneralAndAdministrativeExpenses": 342300000,
        "otherExpenses": 123600000,
        "operatingExpenses": 465900000,
        "costAndExpenses": 875900000,
        "interestIncome": 0,
        "interestExpense": 5293000000,
        "depreciationAndAmortization": 123600000,
        "ebitda": 3147400000,
        "ebitdaratio": 2.452583184,
        "operatingIncome": 3023800000,
        "operatingIncomeRatio": 2.356268994,
        "totalOtherIncomeExpensesNet": -2676500000,
        "incomeBeforeTax": -2269100000,
        "incomeBeforeTaxRatio": -1.7681757968,
        "incomeTaxExpense": -788200000,
        "netIncome": -1481000000,
        "netIncomeRatio": -1.1540559495,
        "eps": -21.46,
        "epsdiluted": -21.46,
        "weightedAverageShsOut": 69000000,
        "weightedAverageShsOutDil": 69000000,
        "link": "https://www.sec.gov/Archives/edgar/data/723612/000095013600000281/0000950136-00-000281-index.html",
        "finalLink": "https://www.sec.gov/Archives/edgar/data/723612/000095013600000281/"
    },
    {
        "date": "1999-09-30",
        "symbol": "CAR",
        "reportedCurrency": "USD",
        "cik": "0000723612",
        "fillingDate": "2000-02-04",
        "acceptedDate": "2000-02-04 00:00:00",
        "calendarYear": "1999",
        "period": "Q3",
        "revenue": 1410400000,
        "costOfRevenue": 409900000,
        "grossProfit": 1000500000,
        "grossProfitRatio": 0.7093732275,
        "researchAndDevelopmentExpenses": 0,
        "generalAndAdministrativeExpenses": 440100000,
        "sellingAndMarketingExpenses": 0,
        "sellingGeneralAndAdministrativeExpenses": 440100000,
        "otherExpenses": 121100000,
        "operatingExpenses": 561200000,
        "costAndExpenses": 971100000,
        "interestIncome": 0,
        "interestExpense": 112500000,
        "depreciationAndAmortization": 121100000,
        "ebitda": 579600000,
        "ebitdaratio": 0.410947249,
        "operatingIncome": 458500000,
        "operatingIncomeRatio": 0.3250850822,
        "totalOtherIncomeExpensesNet": -59500000,
        "incomeBeforeTax": 352900000,
        "incomeBeforeTaxRatio": 0.2502127056,
        "incomeTaxExpense": 144300000,
        "netIncome": 201700000,
        "netIncomeRatio": 0.1430090754,
        "eps": 2.8,
        "epsdiluted": 2.6,
        "weightedAverageShsOut": 72600000,
        "weightedAverageShsOutDil": 78000000,
        "link": "https://www.sec.gov/Archives/edgar/data/723612/000095013600000119/0000950136-00-000119-index.html",
        "finalLink": "https://www.sec.gov/Archives/edgar/data/723612/000095013600000119/"
    },
    {
        "date": "1999-06-30",
        "symbol": "CAR",
        "reportedCurrency": "USD",
        "cik": "0000723612",
        "fillingDate": "1999-08-16",
        "acceptedDate": "1999-08-16 00:00:00",
        "calendarYear": "1999",
        "period": "Q2",
        "revenue": 1377300000,
        "costOfRevenue": 108300000,
        "grossProfit": 1269000000,
        "grossProfitRatio": 0.9213678937,
        "researchAndDevelopmentExpenses": 0,
        "generalAndAdministrativeExpenses": 470100000,
        "sellingAndMarketingExpenses": 0,
        "sellingGeneralAndAdministrativeExpenses": 470100000,
        "otherExpenses": 420900000,
        "operatingExpenses": 891000000,
        "costAndExpenses": 999300000,
        "interestIncome": 0,
        "interestExpense": 0,
        "depreciationAndAmortization": 420900000,
        "ebitda": 782000000,
        "ebitdaratio": 0.5677775358,
        "operatingIncome": -342000000,
        "operatingIncomeRatio": -0.2483119146,
        "totalOtherIncomeExpensesNet": 651000000,
        "incomeBeforeTax": 1028800000,
        "incomeBeforeTaxRatio": 0.7469687069,
        "incomeTaxExpense": 143800000,
        "netIncome": 862300000,
        "netIncomeRatio": 0.6260800116,
        "eps": 11.2,
        "epsdiluted": 10.5,
        "weightedAverageShsOut": 77000000,
        "weightedAverageShsOutDil": 82400000,
        "link": "https://www.sec.gov/Archives/edgar/data/723612/000089110499000028/0000891104-99-000028-index.html",
        "finalLink": "https://www.sec.gov/Archives/edgar/data/723612/000089110499000028/"
    },
    {
        "date": "1999-03-31",
        "symbol": "CAR",
        "reportedCurrency": "USD",
        "cik": "0000723612",
        "fillingDate": "1999-10-12",
        "acceptedDate": "1999-10-12 00:00:00",
        "calendarYear": "1999",
        "period": "Q1",
        "revenue": 1304900000,
        "costOfRevenue": 120000000,
        "grossProfit": 1184900000,
        "grossProfitRatio": 0.9080389302,
        "researchAndDevelopmentExpenses": 0,
        "generalAndAdministrativeExpenses": 422800000,
        "sellingAndMarketingExpenses": 0,
        "sellingGeneralAndAdministrativeExpenses": 422800000,
        "otherExpenses": 403400000,
        "operatingExpenses": 826200000,
        "costAndExpenses": 946200000,
        "interestIncome": 0,
        "interestExpense": 0,
        "depreciationAndAmortization": 403400000,
        "ebitda": 769500000,
        "ebitdaratio": 0.5897003602,
        "operatingIncome": 366100000,
        "operatingIncomeRatio": 0.2805578972,
        "totalOtherIncomeExpensesNet": -71000000,
        "incomeBeforeTax": 287900000,
        "incomeBeforeTaxRatio": 0.2206299333,
        "incomeTaxExpense": 106500000,
        "netIncome": 362000000,
        "netIncomeRatio": 0.2774158939,
        "eps": 4.5,
        "epsdiluted": 4.3,
        "weightedAverageShsOut": 80444444,
        "weightedAverageShsOutDil": 84186047,
        "link": "https://www.sec.gov/Archives/edgar/data/723612/000095013699001313/0000950136-99-001313-index.html",
        "finalLink": "https://www.sec.gov/Archives/edgar/data/723612/000095013699001313/"
    },
    {
        "date": "1998-12-31",
        "symbol": "CAR",
        "reportedCurrency": "USD",
        "cik": "0000723612",
        "fillingDate": "1999-03-29",
        "acceptedDate": "1999-03-29 00:00:00",
        "calendarYear": "1998",
        "period": "Q4",
        "revenue": 1418700000,
        "costOfRevenue": 247200000,
        "grossProfit": 1171500000,
        "grossProfitRatio": 0.8257559738,
        "researchAndDevelopmentExpenses": 0,
        "generalAndAdministrativeExpenses": 484200000,
        "sellingAndMarketingExpenses": 0,
        "sellingGeneralAndAdministrativeExpenses": 484200000,
        "otherExpenses": 396400000,
        "operatingExpenses": 880600000,
        "costAndExpenses": 1127800000,
        "interestIncome": 0,
        "interestExpense": 1060800000,
        "depreciationAndAmortization": 396400000,
        "ebitda": 1391400000,
        "ebitdaratio": 0.9807570311,
        "operatingIncome": 995000000,
        "operatingIncomeRatio": 0.701346303,
        "totalOtherIncomeExpensesNet": -761400000,
        "incomeBeforeTax": -470500000,
        "incomeBeforeTaxRatio": -0.3316416438,
        "incomeTaxExpense": -168500000,
        "netIncome": 102700000,
        "netIncomeRatio": 0.0723902164,
        "eps": -3.75,
        "epsdiluted": -3.75,
        "weightedAverageShsOut": 80444444,
        "weightedAverageShsOutDil": 80444444,
        "link": "https://www.sec.gov/Archives/edgar/data/723612/000095013699000391/0000950136-99-000391-index.html",
        "finalLink": "https://www.sec.gov/Archives/edgar/data/723612/"
    },
    {
        "date": "1998-09-30",
        "symbol": "CAR",
        "reportedCurrency": "USD",
        "cik": "0000723612",
        "fillingDate": "1998-11-16",
        "acceptedDate": "1998-11-16 00:00:00",
        "calendarYear": "1998",
        "period": "Q3",
        "revenue": 1457800000,
        "costOfRevenue": 29300000,
        "grossProfit": 1428500000,
        "grossProfitRatio": 0.979901221,
        "researchAndDevelopmentExpenses": 0,
        "generalAndAdministrativeExpenses": 484800000,
        "sellingAndMarketingExpenses": 0,
        "sellingGeneralAndAdministrativeExpenses": 484800000,
        "otherExpenses": 427600000,
        "operatingExpenses": 1060300000,
        "costAndExpenses": 1089600000,
        "interestIncome": 0,
        "interestExpense": 310400000,
        "depreciationAndAmortization": 575500000,
        "ebitda": 1070100000,
        "ebitdaratio": 0.7340513102,
        "operatingIncome": 494600000,
        "operatingIncomeRatio": 0.3392783647,
        "totalOtherIncomeExpensesNet": -121900000,
        "incomeBeforeTax": 196300000,
        "incomeBeforeTaxRatio": 0.1346549595,
        "incomeTaxExpense": 73200000,
        "netIncome": 111000000,
        "netIncomeRatio": 0.076142132,
        "eps": 1.3,
        "epsdiluted": 1.3,
        "weightedAverageShsOut": 85384615,
        "weightedAverageShsOutDil": 85384615,
        "link": "https://www.sec.gov/Archives/edgar/data/723612/000095013698002219/0000950136-98-002219-index.html",
        "finalLink": "https://www.sec.gov/Archives/edgar/data/723612/"
    },
    {
        "date": "1998-06-30",
        "symbol": "CAR",
        "reportedCurrency": "USD",
        "cik": "0000723612",
        "fillingDate": "1998-08-17",
        "acceptedDate": "1998-08-17 00:00:00",
        "calendarYear": "1998",
        "period": "Q2",
        "revenue": 1306300000,
        "costOfRevenue": 290700000,
        "grossProfit": 1015600000,
        "grossProfitRatio": 0.7774630636,
        "researchAndDevelopmentExpenses": 0,
        "generalAndAdministrativeExpenses": 400800000,
        "sellingAndMarketingExpenses": 0,
        "sellingGeneralAndAdministrativeExpenses": 400800000,
        "otherExpenses": 253800000,
        "operatingExpenses": 654600000,
        "costAndExpenses": 945300000,
        "interestIncome": 0,
        "interestExpense": 22500000,
        "depreciationAndAmortization": 253800000,
        "ebitda": 605000000,
        "ebitdaratio": 0.4631401669,
        "operatingIncome": 351200000,
        "operatingIncomeRatio": 0.2688509531,
        "totalOtherIncomeExpensesNet": -18900000,
        "incomeBeforeTax": 332300000,
        "incomeBeforeTaxRatio": 0.2543826074,
        "incomeTaxExpense": 117800000,
        "netIncome": 210900000,
        "netIncomeRatio": 0.1614483656,
        "eps": 1.8,
        "epsdiluted": 1.8,
        "weightedAverageShsOut": 85000000,
        "weightedAverageShsOutDil": 85000000,
        "link": "https://www.sec.gov/Archives/edgar/data/723612/000095013698001481/0000950136-98-001481-index.html",
        "finalLink": "https://www.sec.gov/Archives/edgar/data/723612/"
    },
    {
        "date": "1998-03-31",
        "symbol": "CAR",
        "reportedCurrency": "USD",
        "cik": "0000723612",
        "fillingDate": "1998-05-15",
        "acceptedDate": "1998-05-15 00:00:00",
        "calendarYear": "1998",
        "period": "Q1",
        "revenue": 1436600000,
        "costOfRevenue": 146800000,
        "grossProfit": 1289800000,
        "grossProfitRatio": 0.8978142837,
        "researchAndDevelopmentExpenses": 0,
        "generalAndAdministrativeExpenses": 541000000,
        "sellingAndMarketingExpenses": 0,
        "sellingGeneralAndAdministrativeExpenses": 541000000,
        "otherExpenses": 356900000,
        "operatingExpenses": 897900000,
        "costAndExpenses": 1044700000,
        "interestIncome": 0,
        "interestExpense": 28300000,
        "depreciationAndAmortization": 356900000,
        "ebitda": 748800000,
        "ebitdaratio": 0.5212306836,
        "operatingIncome": 391900000,
        "operatingIncomeRatio": 0.2727968815,
        "totalOtherIncomeExpensesNet": -26900000,
        "incomeBeforeTax": 363600000,
        "incomeBeforeTaxRatio": 0.2530975915,
        "incomeTaxExpense": 134100000,
        "netIncome": 229500000,
        "netIncomeRatio": 0.1597521927,
        "eps": 2.1,
        "epsdiluted": 2,
        "weightedAverageShsOut": 82333333,
        "weightedAverageShsOutDil": 86450000,
        "link": "https://www.sec.gov/Archives/edgar/data/723612/000089110498000012/0000891104-98-000012-index.html",
        "finalLink": "https://www.sec.gov/Archives/edgar/data/723612/"
    },
    {
        "date": "1997-12-31",
        "symbol": "CAR",
        "reportedCurrency": "USD",
        "cik": "0000723612",
        "fillingDate": "1998-04-07",
        "acceptedDate": "1998-04-07 00:00:00",
        "calendarYear": "1997",
        "period": "Q3",
        "revenue": 774700000,
        "costOfRevenue": 50900000,
        "grossProfit": 723800000,
        "grossProfitRatio": 0.9342971473,
        "researchAndDevelopmentExpenses": 0,
        "generalAndAdministrativeExpenses": 0,
        "sellingAndMarketingExpenses": 0,
        "sellingGeneralAndAdministrativeExpenses": 379200000,
        "otherExpenses": 182700000,
        "operatingExpenses": 561900000,
        "costAndExpenses": 612800000,
        "interestIncome": 0,
        "interestExpense": 0,
        "depreciationAndAmortization": 182700000,
        "ebitda": 339400000,
        "ebitdaratio": 0.4381050729,
        "operatingIncome": 156700000,
        "operatingIncomeRatio": 0.2022718472,
        "totalOtherIncomeExpensesNet": 6300000,
        "incomeBeforeTax": 163000000,
        "incomeBeforeTaxRatio": 0.2104040274,
        "incomeTaxExpense": 62100000,
        "netIncome": 100900000,
        "netIncomeRatio": 0.1302439654,
        "eps": 2.3,
        "epsdiluted": 2.3,
        "weightedAverageShsOut": 43869565,
        "weightedAverageShsOutDil": 43869565,
        "link": "https://www.sec.gov/Archives/edgar/data/723612/000095013698000661/0000950136-98-000661-index.html",
        "finalLink": "https://www.sec.gov/Archives/edgar/data/723612/"
    },
    {
        "date": "1997-07-31",
        "symbol": "CAR",
        "reportedCurrency": "USD",
        "cik": "0000723612",
        "fillingDate": "1997-09-15",
        "acceptedDate": "1997-09-15 00:00:00",
        "calendarYear": "1997",
        "period": "Q2",
        "revenue": 672700000,
        "costOfRevenue": 29600000,
        "grossProfit": 643100000,
        "grossProfitRatio": 0.9559982161,
        "researchAndDevelopmentExpenses": 0,
        "generalAndAdministrativeExpenses": 0,
        "sellingAndMarketingExpenses": 0,
        "sellingGeneralAndAdministrativeExpenses": 330100000,
        "otherExpenses": 169900000,
        "operatingExpenses": 500000000,
        "costAndExpenses": 529600000,
        "interestIncome": 0,
        "interestExpense": 0,
        "depreciationAndAmortization": 169900000,
        "ebitda": 302700000,
        "ebitdaratio": 0.4499777018,
        "operatingIncome": 132800000,
        "operatingIncomeRatio": 0.1974134087,
        "totalOtherIncomeExpensesNet": 16400000,
        "incomeBeforeTax": 149200000,
        "incomeBeforeTaxRatio": 0.2217927754,
        "incomeTaxExpense": 56900000,
        "netIncome": 92300000,
        "netIncomeRatio": 0.1372082652,
        "eps": 2.2,
        "epsdiluted": 2.2,
        "weightedAverageShsOut": 41954545,
        "weightedAverageShsOutDil": 41954545,
        "link": "https://www.sec.gov/Archives/edgar/data/723612/000072361297000016/0000723612-97-000016-index.html",
        "finalLink": "https://www.sec.gov/Archives/edgar/data/723612/"
    },
    {
        "date": "1997-04-30",
        "symbol": "CAR",
        "reportedCurrency": "USD",
        "cik": "0000723612",
        "fillingDate": "1997-06-16",
        "acceptedDate": "1997-06-16 00:00:00",
        "calendarYear": "1997",
        "period": "Q1",
        "revenue": 624700000,
        "costOfRevenue": 40600000,
        "grossProfit": 584100000,
        "grossProfitRatio": 0.9350088042,
        "researchAndDevelopmentExpenses": 0,
        "generalAndAdministrativeExpenses": 0,
        "sellingAndMarketingExpenses": 0,
        "sellingGeneralAndAdministrativeExpenses": 306200000,
        "otherExpenses": 168900000,
        "operatingExpenses": 475100000,
        "costAndExpenses": 515700000,
        "interestIncome": 0,
        "interestExpense": 0,
        "depreciationAndAmortization": 168900000,
        "ebitda": 269200000,
        "ebitdaratio": 0.4309268449,
        "operatingIncome": 100300000,
        "operatingIncomeRatio": 0.1605570674,
        "totalOtherIncomeExpensesNet": 13800000,
        "incomeBeforeTax": 114100000,
        "incomeBeforeTaxRatio": 0.1826476709,
        "incomeTaxExpense": 43600000,
        "netIncome": 70500000,
        "netIncomeRatio": 0.11285417,
        "eps": 1.7,
        "epsdiluted": 1.7,
        "weightedAverageShsOut": 41470588,
        "weightedAverageShsOutDil": 41470588,
        "link": "https://www.sec.gov/Archives/edgar/data/723612/000072361297000010/0000723612-97-000010-index.html",
        "finalLink": "https://www.sec.gov/Archives/edgar/data/723612/"
    },
    {
        "date": "1997-01-31",
        "symbol": "CAR",
        "reportedCurrency": "USD",
        "cik": "0000723612",
        "fillingDate": "1997-05-01",
        "acceptedDate": "1997-05-01 00:00:00",
        "calendarYear": "1996",
        "period": "Q4",
        "revenue": 674300000,
        "costOfRevenue": 19700000,
        "grossProfit": 654600000,
        "grossProfitRatio": 0.9707845173,
        "researchAndDevelopmentExpenses": 0,
        "generalAndAdministrativeExpenses": 0,
        "sellingAndMarketingExpenses": 0,
        "sellingGeneralAndAdministrativeExpenses": 332800000,
        "otherExpenses": 174200000,
        "operatingExpenses": 507000000,
        "costAndExpenses": 526700000,
        "interestIncome": 0,
        "interestExpense": 1900000,
        "depreciationAndAmortization": 174200000,
        "ebitda": 322800000,
        "ebitdaratio": 0.4787186712,
        "operatingIncome": 148600000,
        "operatingIncomeRatio": 0.2203766869,
        "totalOtherIncomeExpensesNet": -900000,
        "incomeBeforeTax": 146700000,
        "incomeBeforeTaxRatio": 0.21755895,
        "incomeTaxExpense": 57200000,
        "netIncome": 89500000,
        "netIncomeRatio": 0.1327302388,
        "eps": 1.99,
        "epsdiluted": 1.99,
        "weightedAverageShsOut": 45000000,
        "weightedAverageShsOutDil": 45000000,
        "link": "https://www.sec.gov/Archives/edgar/data/723612/000100547797001218/0001005477-97-001218-index.html",
        "finalLink": "https://www.sec.gov/Archives/edgar/data/723612/"
    },
    {
        "date": "1996-10-31",
        "symbol": "CAR",
        "reportedCurrency": "USD",
        "cik": "0000723612",
        "fillingDate": "1996-12-13",
        "acceptedDate": "1996-12-13 00:00:00",
        "calendarYear": "1996",
        "period": "Q3",
        "revenue": 602200000,
        "costOfRevenue": -80400000,
        "grossProfit": 682600000,
        "grossProfitRatio": 1.1335104616,
        "researchAndDevelopmentExpenses": 0,
        "generalAndAdministrativeExpenses": 0,
        "sellingAndMarketingExpenses": 0,
        "sellingGeneralAndAdministrativeExpenses": 308000000,
        "otherExpenses": 261500000,
        "operatingExpenses": 569500000,
        "costAndExpenses": 489100000,
        "interestIncome": 0,
        "interestExpense": 289800000,
        "depreciationAndAmortization": 261500000,
        "ebitda": 519500000,
        "ebitdaratio": 0.8626702092,
        "operatingIncome": 258000000,
        "operatingIncomeRatio": 0.4284290933,
        "totalOtherIncomeExpensesNet": -144900000,
        "incomeBeforeTax": -31800000,
        "incomeBeforeTaxRatio": -0.0528063766,
        "incomeTaxExpense": -13800000,
        "netIncome": -18000000,
        "netIncomeRatio": -0.0298904019,
        "eps": -0.4,
        "epsdiluted": -0.4,
        "weightedAverageShsOut": 45000000,
        "weightedAverageShsOutDil": 45000000,
        "link": "https://www.sec.gov/Archives/edgar/data/723612/000072361296000023/0000723612-96-000023-index.html",
        "finalLink": "https://www.sec.gov/Archives/edgar/data/723612/"
    },
    {
        "date": "1996-07-31",
        "symbol": "CAR",
        "reportedCurrency": "USD",
        "cik": "0000723612",
        "fillingDate": "1996-09-16",
        "acceptedDate": "1996-09-16 00:00:00",
        "calendarYear": "1996",
        "period": "Q2",
        "revenue": 490400000,
        "costOfRevenue": 14600000,
        "grossProfit": 475800000,
        "grossProfitRatio": 0.970228385,
        "researchAndDevelopmentExpenses": 0,
        "generalAndAdministrativeExpenses": 0,
        "sellingAndMarketingExpenses": 0,
        "sellingGeneralAndAdministrativeExpenses": 237600000,
        "otherExpenses": 141400000,
        "operatingExpenses": 379000000,
        "costAndExpenses": 393600000,
        "interestIncome": 0,
        "interestExpense": 55100000,
        "depreciationAndAmortization": 141400000,
        "ebitda": 265700000,
        "ebitdaratio": 0.5418026101,
        "operatingIncome": 124300000,
        "operatingIncomeRatio": 0.2534665579,
        "totalOtherIncomeExpensesNet": -26700000,
        "incomeBeforeTax": 69200000,
        "incomeBeforeTaxRatio": 0.1411092985,
        "incomeTaxExpense": 33900000,
        "netIncome": 35300000,
        "netIncomeRatio": 0.0719820555,
        "eps": 1,
        "epsdiluted": 1,
        "weightedAverageShsOut": 40500000,
        "weightedAverageShsOutDil": 40500000,
        "link": "https://www.sec.gov/Archives/edgar/data/723612/000072361296000015/0000723612-96-000015-index.html",
        "finalLink": "https://www.sec.gov/Archives/edgar/data/723612/"
    },
    {
        "date": "1996-04-30",
        "symbol": "CAR",
        "reportedCurrency": "USD",
        "cik": "0000723612",
        "fillingDate": "1996-06-14",
        "acceptedDate": "1996-06-14 00:00:00",
        "calendarYear": "1996",
        "period": "Q1",
        "revenue": 390000000,
        "costOfRevenue": -21400000,
        "grossProfit": 411400000,
        "grossProfitRatio": 1.0548717949,
        "researchAndDevelopmentExpenses": 0,
        "generalAndAdministrativeExpenses": 0,
        "sellingAndMarketingExpenses": 0,
        "sellingGeneralAndAdministrativeExpenses": 206400000,
        "otherExpenses": 127200000,
        "operatingExpenses": 333600000,
        "costAndExpenses": 312200000,
        "interestIncome": 0,
        "interestExpense": 0,
        "depreciationAndAmortization": 127200000,
        "ebitda": 204200000,
        "ebitdaratio": 0.5235897436,
        "operatingIncome": 77000000,
        "operatingIncomeRatio": 0.1974358974,
        "totalOtherIncomeExpensesNet": 7100000,
        "incomeBeforeTax": 78700000,
        "incomeBeforeTaxRatio": 0.2017948718,
        "incomeTaxExpense": 30400000,
        "netIncome": 48300000,
        "netIncomeRatio": 0.1238461538,
        "eps": 1.3,
        "epsdiluted": 1.3,
        "weightedAverageShsOut": 28642914,
        "weightedAverageShsOutDil": 28642914,
        "link": "https://www.sec.gov/Archives/edgar/data/723612/000072361296000008/0000723612-96-000008-index.html",
        "finalLink": "https://www.sec.gov/Archives/edgar/data/723612/"
    },
    {
        "date": "1996-01-31",
        "symbol": "CAR",
        "reportedCurrency": "USD",
        "cik": "0000723612",
        "fillingDate": "1996-04-25",
        "acceptedDate": "1996-04-25 00:00:00",
        "calendarYear": "1995",
        "period": "Q4",
        "revenue": 435100000,
        "costOfRevenue": -7000000,
        "grossProfit": 442100000,
        "grossProfitRatio": 1.0160882556,
        "researchAndDevelopmentExpenses": 0,
        "generalAndAdministrativeExpenses": 233300000,
        "sellingAndMarketingExpenses": 0,
        "sellingGeneralAndAdministrativeExpenses": 233300000,
        "otherExpenses": 123500000,
        "operatingExpenses": 356800000,
        "costAndExpenses": 349800000,
        "interestIncome": 0,
        "interestExpense": 10300000,
        "depreciationAndAmortization": 123500000,
        "ebitda": 213900000,
        "ebitdaratio": 0.4916111239,
        "operatingIncome": 90400000,
        "operatingIncomeRatio": 0.2077683291,
        "totalOtherIncomeExpensesNet": -5200000,
        "incomeBeforeTax": 80100000,
        "incomeBeforeTaxRatio": 0.1840956102,
        "incomeTaxExpense": 32100000,
        "netIncome": 48000000,
        "netIncomeRatio": 0.1103194668,
        "eps": 1.69,
        "epsdiluted": 1.69,
        "weightedAverageShsOut": 28411765,
        "weightedAverageShsOutDil": 28411765,
        "link": "https://www.sec.gov/Archives/edgar/data/723612/000095011296001227/0000950112-96-001227-index.html",
        "finalLink": "https://www.sec.gov/Archives/edgar/data/723612/"
    },
    {
        "date": "1995-10-31",
        "symbol": "CAR",
        "reportedCurrency": "USD",
        "cik": "0000723612",
        "fillingDate": "1995-12-11",
        "acceptedDate": "1995-12-11 00:00:00",
        "calendarYear": "1995",
        "period": "Q3",
        "revenue": 341400000,
        "costOfRevenue": -34600000,
        "grossProfit": 376000000,
        "grossProfitRatio": 1.1013473931,
        "researchAndDevelopmentExpenses": 0,
        "generalAndAdministrativeExpenses": 184600000,
        "sellingAndMarketingExpenses": 0,
        "sellingGeneralAndAdministrativeExpenses": 184600000,
        "otherExpenses": 125400000,
        "operatingExpenses": 310000000,
        "costAndExpenses": 275400000,
        "interestIncome": 0,
        "interestExpense": 4500000,
        "depreciationAndAmortization": 119700000,
        "ebitda": 190800000,
        "ebitdaratio": 0.5588752197,
        "operatingIncome": 71100000,
        "operatingIncomeRatio": 0.2082601054,
        "totalOtherIncomeExpensesNet": 600000,
        "incomeBeforeTax": 66600000,
        "incomeBeforeTaxRatio": 0.1950790861,
        "incomeTaxExpense": 25800000,
        "netIncome": 40800000,
        "netIncomeRatio": 0.1195079086,
        "eps": 1.5,
        "epsdiluted": 1.5,
        "weightedAverageShsOut": 27200000,
        "weightedAverageShsOutDil": 27200000,
        "link": "https://www.sec.gov/Archives/edgar/data/723612/000072361295000013/0000723612-95-000013-index.html",
        "finalLink": "https://www.sec.gov/Archives/edgar/data/723612/"
    },
    {
        "date": "1995-07-31",
        "symbol": "CAR",
        "reportedCurrency": "USD",
        "cik": "0000723612",
        "fillingDate": "1995-09-05",
        "acceptedDate": "1995-09-05 00:00:00",
        "calendarYear": "1995",
        "period": "Q2",
        "revenue": 316000000,
        "costOfRevenue": -24900000,
        "grossProfit": 340900000,
        "grossProfitRatio": 1.0787974684,
        "researchAndDevelopmentExpenses": 0,
        "generalAndAdministrativeExpenses": 171400000,
        "sellingAndMarketingExpenses": 0,
        "sellingGeneralAndAdministrativeExpenses": 171400000,
        "otherExpenses": 108200000,
        "operatingExpenses": 279600000,
        "costAndExpenses": 254700000,
        "interestIncome": 0,
        "interestExpense": 0,
        "depreciationAndAmortization": 108200000,
        "ebitda": 169400000,
        "ebitdaratio": 0.5360759494,
        "operatingIncome": 61200000,
        "operatingIncomeRatio": 0.1936708861,
        "totalOtherIncomeExpensesNet": 200000,
        "incomeBeforeTax": 61400000,
        "incomeBeforeTaxRatio": 0.1943037975,
        "incomeTaxExpense": 23200000,
        "netIncome": 38200000,
        "netIncomeRatio": 0.1208860759,
        "eps": 1.4,
        "epsdiluted": 1.4,
        "weightedAverageShsOut": 27285714,
        "weightedAverageShsOutDil": 27285714,
        "link": "https://www.sec.gov/Archives/edgar/data/723612/000072361295000004/0000723612-95-000004-index.html",
        "finalLink": "https://www.sec.gov/Archives/edgar/data/723612/"
    },
    {
        "date": "1995-04-30",
        "symbol": "CAR",
        "reportedCurrency": "USD",
        "cik": "0000723612",
        "fillingDate": "1995-04-30",
        "acceptedDate": "1995-04-30 00:00:00",
        "calendarYear": "1995",
        "period": "Q1",
        "revenue": 292500000,
        "costOfRevenue": -23800000,
        "grossProfit": 316300000,
        "grossProfitRatio": 1.0813675214,
        "researchAndDevelopmentExpenses": 0,
        "generalAndAdministrativeExpenses": 158300000,
        "sellingAndMarketingExpenses": 0,
        "sellingGeneralAndAdministrativeExpenses": 158300000,
        "otherExpenses": 102500000,
        "operatingExpenses": 260800000,
        "costAndExpenses": 237000000,
        "interestIncome": 0,
        "interestExpense": 100000,
        "depreciationAndAmortization": 102500000,
        "ebitda": 158000000,
        "ebitdaratio": 0.5401709402,
        "operatingIncome": 55500000,
        "operatingIncomeRatio": 0.1897435897,
        "totalOtherIncomeExpensesNet": -100000,
        "incomeBeforeTax": 55400000,
        "incomeBeforeTaxRatio": 0.1894017094,
        "incomeTaxExpense": 21200000,
        "netIncome": 34200000,
        "netIncomeRatio": 0.1169230769,
        "eps": 1.3,
        "epsdiluted": 1.3,
        "weightedAverageShsOut": 26307692,
        "weightedAverageShsOutDil": 26307692,
        "link": null,
        "finalLink": null
    },
    {
        "date": "1995-01-31",
        "symbol": "CAR",
        "reportedCurrency": "USD",
        "cik": "0000723612",
        "fillingDate": "1995-01-31",
        "acceptedDate": "1995-01-31 00:00:00",
        "calendarYear": "1994",
        "period": "Q4",
        "revenue": 281800000,
        "costOfRevenue": -23200000,
        "grossProfit": 305000000,
        "grossProfitRatio": 1.0823278921,
        "researchAndDevelopmentExpenses": 0,
        "generalAndAdministrativeExpenses": 0,
        "sellingAndMarketingExpenses": 0,
        "sellingGeneralAndAdministrativeExpenses": 154000000,
        "otherExpenses": 99100000,
        "operatingExpenses": 253100000,
        "costAndExpenses": 229900000,
        "interestIncome": 0,
        "interestExpense": 0,
        "depreciationAndAmortization": 99100000,
        "ebitda": 151000000,
        "ebitdaratio": 0.535841022,
        "operatingIncome": 51900000,
        "operatingIncomeRatio": 0.1841731725,
        "totalOtherIncomeExpensesNet": 800000,
        "incomeBeforeTax": 52700000,
        "incomeBeforeTaxRatio": 0.1870120653,
        "incomeTaxExpense": 19900000,
        "netIncome": 32800000,
        "netIncomeRatio": 0.1163946061,
        "eps": 1.19,
        "epsdiluted": 1.19,
        "weightedAverageShsOut": 27454545,
        "weightedAverageShsOutDil": 27454545,
        "link": null,
        "finalLink": null
    },
    {
        "date": "1994-10-31",
        "symbol": "CAR",
        "reportedCurrency": "USD",
        "cik": "0000723612",
        "fillingDate": "1994-10-31",
        "acceptedDate": "1994-10-31 00:00:00",
        "calendarYear": "1994",
        "period": "Q3",
        "revenue": 263700000,
        "costOfRevenue": -22500000,
        "grossProfit": 286200000,
        "grossProfitRatio": 1.0853242321,
        "researchAndDevelopmentExpenses": 0,
        "generalAndAdministrativeExpenses": 143700000,
        "sellingAndMarketingExpenses": 0,
        "sellingGeneralAndAdministrativeExpenses": 143700000,
        "otherExpenses": 93200000,
        "operatingExpenses": 236900000,
        "costAndExpenses": 214400000,
        "interestIncome": 0,
        "interestExpense": 200000,
        "depreciationAndAmortization": 96100000,
        "ebitda": 145400000,
        "ebitdaratio": 0.5513841487,
        "operatingIncome": 49300000,
        "operatingIncomeRatio": 0.186954873,
        "totalOtherIncomeExpensesNet": -200000,
        "incomeBeforeTax": 49100000,
        "incomeBeforeTaxRatio": 0.1861964353,
        "incomeTaxExpense": 18900000,
        "netIncome": 30200000,
        "netIncomeRatio": 0.1145240804,
        "eps": 1.1,
        "epsdiluted": 1.1,
        "weightedAverageShsOut": 27454545,
        "weightedAverageShsOutDil": 27454545,
        "link": null,
        "finalLink": null
    },
    {
        "date": "1994-07-31",
        "symbol": "CAR",
        "reportedCurrency": "USD",
        "cik": "0000723612",
        "fillingDate": "1994-07-31",
        "acceptedDate": "1994-07-31 00:00:00",
        "calendarYear": "1994",
        "period": "Q2",
        "revenue": 254900000,
        "costOfRevenue": -22400000,
        "grossProfit": 277300000,
        "grossProfitRatio": 1.0878775991,
        "researchAndDevelopmentExpenses": 0,
        "generalAndAdministrativeExpenses": 139800000,
        "sellingAndMarketingExpenses": 0,
        "sellingGeneralAndAdministrativeExpenses": 139800000,
        "otherExpenses": 91800000,
        "operatingExpenses": 231600000,
        "costAndExpenses": 209200000,
        "interestIncome": 0,
        "interestExpense": 300000,
        "depreciationAndAmortization": 92800000,
        "ebitda": 138500000,
        "ebitdaratio": 0.5433503335,
        "operatingIncome": 45700000,
        "operatingIncomeRatio": 0.1792859945,
        "totalOtherIncomeExpensesNet": -300000,
        "incomeBeforeTax": 45400000,
        "incomeBeforeTaxRatio": 0.1781090624,
        "incomeTaxExpense": 17400000,
        "netIncome": 28000000,
        "netIncomeRatio": 0.1098469988,
        "eps": 1.1,
        "epsdiluted": 1.1,
        "weightedAverageShsOut": 25454545,
        "weightedAverageShsOutDil": 25454545,
        "link": null,
        "finalLink": null
    },
    {
        "date": "1994-04-30",
        "symbol": "CAR",
        "reportedCurrency": "USD",
        "cik": "0000723612",
        "fillingDate": "1994-04-30",
        "acceptedDate": "1994-04-30 00:00:00",
        "calendarYear": "1994",
        "period": "Q1",
        "revenue": 244300000,
        "costOfRevenue": -23600000,
        "grossProfit": 267900000,
        "grossProfitRatio": 1.0966025379,
        "researchAndDevelopmentExpenses": 0,
        "generalAndAdministrativeExpenses": 133700000,
        "sellingAndMarketingExpenses": 0,
        "sellingGeneralAndAdministrativeExpenses": 133700000,
        "otherExpenses": 90800000,
        "operatingExpenses": 224500000,
        "costAndExpenses": 200900000,
        "interestIncome": 0,
        "interestExpense": 100000,
        "depreciationAndAmortization": 90800000,
        "ebitda": 134200000,
        "ebitdaratio": 0.5493246009,
        "operatingIncome": 43400000,
        "operatingIncomeRatio": 0.1776504298,
        "totalOtherIncomeExpensesNet": -100000,
        "incomeBeforeTax": 43300000,
        "incomeBeforeTaxRatio": 0.177241097,
        "incomeTaxExpense": 16700000,
        "netIncome": 26600000,
        "netIncomeRatio": 0.1088825215,
        "eps": 1,
        "epsdiluted": 1,
        "weightedAverageShsOut": 26600000,
        "weightedAverageShsOutDil": 26600000,
        "link": null,
        "finalLink": null
    },
    {
        "date": "1994-01-31",
        "symbol": "CAR",
        "reportedCurrency": "USD",
        "cik": "0000723612",
        "fillingDate": "1994-01-31",
        "acceptedDate": "1994-01-31 00:00:00",
        "calendarYear": "1993",
        "period": "Q4",
        "revenue": 230100000,
        "costOfRevenue": -30500000,
        "grossProfit": 260600000,
        "grossProfitRatio": 1.1325510648,
        "researchAndDevelopmentExpenses": 0,
        "generalAndAdministrativeExpenses": 0,
        "sellingAndMarketingExpenses": 0,
        "sellingGeneralAndAdministrativeExpenses": 128200000,
        "otherExpenses": 94700000,
        "operatingExpenses": 222900000,
        "costAndExpenses": 192400000,
        "interestIncome": 0,
        "interestExpense": 0,
        "depreciationAndAmortization": 94700000,
        "ebitda": 132400000,
        "ebitdaratio": 0.5754019991,
        "operatingIncome": 37700000,
        "operatingIncomeRatio": 0.1638418079,
        "totalOtherIncomeExpensesNet": 3500000,
        "incomeBeforeTax": 41200000,
        "incomeBeforeTaxRatio": 0.1790525858,
        "incomeTaxExpense": 16000000,
        "netIncome": 25200000,
        "netIncomeRatio": 0.109517601,
        "eps": 1,
        "epsdiluted": 1,
        "weightedAverageShsOut": 25222222,
        "weightedAverageShsOutDil": 25222222,
        "link": null,
        "finalLink": null
    },
    {
        "date": "1993-10-31",
        "symbol": "CAR",
        "reportedCurrency": "USD",
        "cik": "0000723612",
        "fillingDate": "1993-10-31",
        "acceptedDate": "1993-10-31 00:00:00",
        "calendarYear": "1993",
        "period": "Q3",
        "revenue": 222100000,
        "costOfRevenue": -20300000,
        "grossProfit": 242400000,
        "grossProfitRatio": 1.0914002701,
        "researchAndDevelopmentExpenses": 0,
        "generalAndAdministrativeExpenses": 123500000,
        "sellingAndMarketingExpenses": 0,
        "sellingGeneralAndAdministrativeExpenses": 123500000,
        "otherExpenses": 81000000,
        "operatingExpenses": 204500000,
        "costAndExpenses": 184200000,
        "interestIncome": 0,
        "interestExpense": 1300000,
        "depreciationAndAmortization": 81800000,
        "ebitda": 119700000,
        "ebitdaratio": 0.5389464205,
        "operatingIncome": 37900000,
        "operatingIncomeRatio": 0.1706438541,
        "totalOtherIncomeExpensesNet": -1300000,
        "incomeBeforeTax": 36600000,
        "incomeBeforeTaxRatio": 0.1647906348,
        "incomeTaxExpense": 13900000,
        "netIncome": 22700000,
        "netIncomeRatio": 0.1022062134,
        "eps": 0.9,
        "epsdiluted": 0.9,
        "weightedAverageShsOut": 25222222,
        "weightedAverageShsOutDil": 25222222,
        "link": null,
        "finalLink": null
    },
    {
        "date": "1993-07-31",
        "symbol": "CAR",
        "reportedCurrency": "USD",
        "cik": "0000723612",
        "fillingDate": "1993-07-31",
        "acceptedDate": "1993-07-31 00:00:00",
        "calendarYear": "1993",
        "period": "Q2",
        "revenue": 215800000,
        "costOfRevenue": -20300000,
        "grossProfit": 236100000,
        "grossProfitRatio": 1.094068582,
        "researchAndDevelopmentExpenses": 0,
        "generalAndAdministrativeExpenses": 120800000,
        "sellingAndMarketingExpenses": 0,
        "sellingGeneralAndAdministrativeExpenses": 120800000,
        "otherExpenses": 80500000,
        "operatingExpenses": 201300000,
        "costAndExpenses": 181000000,
        "interestIncome": 0,
        "interestExpense": 1600000,
        "depreciationAndAmortization": 81700000,
        "ebitda": 116500000,
        "ebitdaratio": 0.5398517146,
        "operatingIncome": 34800000,
        "operatingIncomeRatio": 0.1612604263,
        "totalOtherIncomeExpensesNet": -1600000,
        "incomeBeforeTax": 33200000,
        "incomeBeforeTaxRatio": 0.1538461538,
        "incomeTaxExpense": 12900000,
        "netIncome": 20300000,
        "netIncomeRatio": 0.094068582,
        "eps": 0.8,
        "epsdiluted": 0.8,
        "weightedAverageShsOut": 25375000,
        "weightedAverageShsOutDil": 25375000,
        "link": null,
        "finalLink": null
    },
    {
        "date": "1993-04-30",
        "symbol": "CAR",
        "reportedCurrency": "USD",
        "cik": "0000723612",
        "fillingDate": "1993-04-30",
        "acceptedDate": "1993-04-30 00:00:00",
        "calendarYear": "1993",
        "period": "Q1",
        "revenue": 207000000,
        "costOfRevenue": -21800000,
        "grossProfit": 228800000,
        "grossProfitRatio": 1.1053140097,
        "researchAndDevelopmentExpenses": 0,
        "generalAndAdministrativeExpenses": 117000000,
        "sellingAndMarketingExpenses": 0,
        "sellingGeneralAndAdministrativeExpenses": 117000000,
        "otherExpenses": 79400000,
        "operatingExpenses": 196400000,
        "costAndExpenses": 174600000,
        "interestIncome": 0,
        "interestExpense": 1200000,
        "depreciationAndAmortization": 79400000,
        "ebitda": 111800000,
        "ebitdaratio": 0.5400966184,
        "operatingIncome": 32400000,
        "operatingIncomeRatio": 0.1565217391,
        "totalOtherIncomeExpensesNet": -1200000,
        "incomeBeforeTax": 31200000,
        "incomeBeforeTaxRatio": 0.1507246377,
        "incomeTaxExpense": 12100000,
        "netIncome": 19100000,
        "netIncomeRatio": 0.0922705314,
        "eps": 0.7,
        "epsdiluted": 0.7,
        "weightedAverageShsOut": 27285714,
        "weightedAverageShsOutDil": 27285714,
        "link": null,
        "finalLink": null
    },
    {
        "date": "1993-01-31",
        "symbol": "CAR",
        "reportedCurrency": "USD",
        "cik": "0000723612",
        "fillingDate": "1993-01-31",
        "acceptedDate": "1993-01-31 00:00:00",
        "calendarYear": "1992",
        "period": "Q4",
        "revenue": 197300000,
        "costOfRevenue": -269100000,
        "grossProfit": 466400000,
        "grossProfitRatio": 2.3639128231,
        "researchAndDevelopmentExpenses": 0,
        "generalAndAdministrativeExpenses": 0,
        "sellingAndMarketingExpenses": 0,
        "sellingGeneralAndAdministrativeExpenses": 358000000,
        "otherExpenses": 81200000,
        "operatingExpenses": 439200000,
        "costAndExpenses": 170100000,
        "interestIncome": 0,
        "interestExpense": 0,
        "depreciationAndAmortization": 81200000,
        "ebitda": 105200000,
        "ebitdaratio": 0.5331981754,
        "operatingIncome": 24000000,
        "operatingIncomeRatio": 0.1216421693,
        "totalOtherIncomeExpensesNet": 4700000,
        "incomeBeforeTax": 28700000,
        "incomeBeforeTaxRatio": 0.1454637608,
        "incomeTaxExpense": 10900000,
        "netIncome": 17800000,
        "netIncomeRatio": 0.0902179422,
        "eps": 0.83,
        "epsdiluted": 0.83,
        "weightedAverageShsOut": 21428571,
        "weightedAverageShsOutDil": 21428571,
        "link": null,
        "finalLink": null
    },
    {
        "date": "1992-10-31",
        "symbol": "CAR",
        "reportedCurrency": "USD",
        "cik": "0000723612",
        "fillingDate": "1992-10-31",
        "acceptedDate": "1992-10-31 00:00:00",
        "calendarYear": "1992",
        "period": "Q3",
        "revenue": 187100000,
        "costOfRevenue": 58000000,
        "grossProfit": 129100000,
        "grossProfitRatio": 0.6900053447,
        "researchAndDevelopmentExpenses": 0,
        "generalAndAdministrativeExpenses": 26700000,
        "sellingAndMarketingExpenses": 0,
        "sellingGeneralAndAdministrativeExpenses": 26700000,
        "otherExpenses": 75800000,
        "operatingExpenses": 102500000,
        "costAndExpenses": 160500000,
        "interestIncome": 0,
        "interestExpense": 1500000,
        "depreciationAndAmortization": 75800000,
        "ebitda": 102000000,
        "ebitdaratio": 0.5451630144,
        "operatingIncome": 26200000,
        "operatingIncomeRatio": 0.1400320684,
        "totalOtherIncomeExpensesNet": -1900000,
        "incomeBeforeTax": 24700000,
        "incomeBeforeTaxRatio": 0.1320149653,
        "incomeTaxExpense": 9700000,
        "netIncome": 15000000,
        "netIncomeRatio": 0.0801710315,
        "eps": 0.7,
        "epsdiluted": 0.7,
        "weightedAverageShsOut": 21428571,
        "weightedAverageShsOutDil": 21428571,
        "link": null,
        "finalLink": null
    },
    {
        "date": "1992-07-31",
        "symbol": "CAR",
        "reportedCurrency": "USD",
        "cik": "0000723612",
        "fillingDate": "1992-07-31",
        "acceptedDate": "1992-07-31 00:00:00",
        "calendarYear": "1992",
        "period": "Q2",
        "revenue": 180500000,
        "costOfRevenue": 53000000,
        "grossProfit": 127500000,
        "grossProfitRatio": 0.7063711911,
        "researchAndDevelopmentExpenses": 0,
        "generalAndAdministrativeExpenses": 26300000,
        "sellingAndMarketingExpenses": 0,
        "sellingGeneralAndAdministrativeExpenses": 26300000,
        "otherExpenses": 76500000,
        "operatingExpenses": 102800000,
        "costAndExpenses": 155800000,
        "interestIncome": 0,
        "interestExpense": 2600000,
        "depreciationAndAmortization": 76500000,
        "ebitda": 101300000,
        "ebitdaratio": 0.5612188366,
        "operatingIncome": 24800000,
        "operatingIncomeRatio": 0.1373961219,
        "totalOtherIncomeExpensesNet": -2500000,
        "incomeBeforeTax": 22200000,
        "incomeBeforeTaxRatio": 0.1229916898,
        "incomeTaxExpense": 8700000,
        "netIncome": 13500000,
        "netIncomeRatio": 0.0747922438,
        "eps": 0.6,
        "epsdiluted": 0.6,
        "weightedAverageShsOut": 22500000,
        "weightedAverageShsOutDil": 22500000,
        "link": null,
        "finalLink": null
    },
    {
        "date": "1992-04-30",
        "symbol": "CAR",
        "reportedCurrency": "USD",
        "cik": "0000723612",
        "fillingDate": "1992-04-30",
        "acceptedDate": "1992-04-30 00:00:00",
        "calendarYear": "1992",
        "period": "Q1",
        "revenue": 173900000,
        "costOfRevenue": 48900000,
        "grossProfit": 125000000,
        "grossProfitRatio": 0.7188039103,
        "researchAndDevelopmentExpenses": 0,
        "generalAndAdministrativeExpenses": 26000000,
        "sellingAndMarketingExpenses": 0,
        "sellingGeneralAndAdministrativeExpenses": 26000000,
        "otherExpenses": 76000000,
        "operatingExpenses": 102000000,
        "costAndExpenses": 150900000,
        "interestIncome": 0,
        "interestExpense": 2700000,
        "depreciationAndAmortization": 76000000,
        "ebitda": 99200000,
        "ebitdaratio": 0.5704427832,
        "operatingIncome": 23200000,
        "operatingIncomeRatio": 0.1334100058,
        "totalOtherIncomeExpensesNet": -2500000,
        "incomeBeforeTax": 20500000,
        "incomeBeforeTaxRatio": 0.1178838413,
        "incomeTaxExpense": 8000000,
        "netIncome": 12500000,
        "netIncomeRatio": 0.071880391,
        "eps": 0.5,
        "epsdiluted": 0.5,
        "weightedAverageShsOut": 25000000,
        "weightedAverageShsOutDil": 25000000,
        "link": null,
        "finalLink": null
    },
    {
        "date": "1992-01-31",
        "symbol": "CAR",
        "reportedCurrency": "USD",
        "cik": "0000723612",
        "fillingDate": "1992-01-31",
        "acceptedDate": "1992-01-31 00:00:00",
        "calendarYear": "1991",
        "period": "Q4",
        "revenue": 243100000,
        "costOfRevenue": -230500000,
        "grossProfit": 473600000,
        "grossProfitRatio": 1.9481694776,
        "researchAndDevelopmentExpenses": 0,
        "generalAndAdministrativeExpenses": 0,
        "sellingAndMarketingExpenses": 0,
        "sellingGeneralAndAdministrativeExpenses": 338500000,
        "otherExpenses": 99300000,
        "operatingExpenses": 437800000,
        "costAndExpenses": 207300000,
        "interestIncome": 0,
        "interestExpense": 48000000,
        "depreciationAndAmortization": 99300000,
        "ebitda": 156400000,
        "ebitdaratio": 0.6433566434,
        "operatingIncome": 57100000,
        "operatingIncomeRatio": 0.2348827643,
        "totalOtherIncomeExpensesNet": -26700000,
        "incomeBeforeTax": 9100000,
        "incomeBeforeTaxRatio": 0.0374331551,
        "incomeTaxExpense": 5900000,
        "netIncome": 3200000,
        "netIncomeRatio": 0.0131633073,
        "eps": 0.2,
        "epsdiluted": 0.2,
        "weightedAverageShsOut": 16200000,
        "weightedAverageShsOutDil": 16200000,
        "link": null,
        "finalLink": null
    },
    {
        "date": "1991-10-31",
        "symbol": "CAR",
        "reportedCurrency": "USD",
        "cik": "0000723612",
        "fillingDate": "1991-10-31",
        "acceptedDate": "1991-10-31 00:00:00",
        "calendarYear": "1991",
        "period": "Q3",
        "revenue": 136900000,
        "costOfRevenue": 42100000,
        "grossProfit": 94800000,
        "grossProfitRatio": 0.69247626,
        "researchAndDevelopmentExpenses": 0,
        "generalAndAdministrativeExpenses": 16400000,
        "sellingAndMarketingExpenses": 0,
        "sellingGeneralAndAdministrativeExpenses": 16400000,
        "otherExpenses": 61500000,
        "operatingExpenses": 77900000,
        "costAndExpenses": 120000000,
        "interestIncome": 0,
        "interestExpense": 3900000,
        "depreciationAndAmortization": 61500000,
        "ebitda": 78700000,
        "ebitdaratio": 0.5748721695,
        "operatingIncome": 17200000,
        "operatingIncomeRatio": 0.1256391527,
        "totalOtherIncomeExpensesNet": -3600000,
        "incomeBeforeTax": 13300000,
        "incomeBeforeTaxRatio": 0.0971512053,
        "incomeTaxExpense": 5200000,
        "netIncome": 8100000,
        "netIncomeRatio": 0.0591672754,
        "eps": 0.5,
        "epsdiluted": 0.5,
        "weightedAverageShsOut": 16200000,
        "weightedAverageShsOutDil": 16200000,
        "link": null,
        "finalLink": null
    },
    {
        "date": "1991-07-31",
        "symbol": "CAR",
        "reportedCurrency": "USD",
        "cik": "0000723612",
        "fillingDate": "1991-07-31",
        "acceptedDate": "1991-07-31 00:00:00",
        "calendarYear": "1991",
        "period": "Q2",
        "revenue": 133200000,
        "costOfRevenue": 40700000,
        "grossProfit": 92500000,
        "grossProfitRatio": 0.6944444444,
        "researchAndDevelopmentExpenses": 0,
        "generalAndAdministrativeExpenses": 16300000,
        "sellingAndMarketingExpenses": 0,
        "sellingGeneralAndAdministrativeExpenses": 16300000,
        "otherExpenses": 60000000,
        "operatingExpenses": 76300000,
        "costAndExpenses": 117000000,
        "interestIncome": 0,
        "interestExpense": 4700000,
        "depreciationAndAmortization": 60000000,
        "ebitda": 76700000,
        "ebitdaratio": 0.5758258258,
        "operatingIncome": 16700000,
        "operatingIncomeRatio": 0.1253753754,
        "totalOtherIncomeExpensesNet": -4200000,
        "incomeBeforeTax": 12000000,
        "incomeBeforeTaxRatio": 0.0900900901,
        "incomeTaxExpense": 4700000,
        "netIncome": 7300000,
        "netIncomeRatio": 0.0548048048,
        "eps": 0.4,
        "epsdiluted": 0.4,
        "weightedAverageShsOut": 18250000,
        "weightedAverageShsOutDil": 18250000,
        "link": null,
        "finalLink": null
    },
    {
        "date": "1991-04-30",
        "symbol": "CAR",
        "reportedCurrency": "USD",
        "cik": "0000723612",
        "fillingDate": "1991-04-30",
        "acceptedDate": "1991-04-30 00:00:00",
        "calendarYear": "1991",
        "period": "Q1",
        "revenue": 129000000,
        "costOfRevenue": 42100000,
        "grossProfit": 86900000,
        "grossProfitRatio": 0.6736434109,
        "researchAndDevelopmentExpenses": 0,
        "generalAndAdministrativeExpenses": 15700000,
        "sellingAndMarketingExpenses": 0,
        "sellingGeneralAndAdministrativeExpenses": 15700000,
        "otherExpenses": 56800000,
        "operatingExpenses": 72500000,
        "costAndExpenses": 114600000,
        "interestIncome": 0,
        "interestExpense": 3700000,
        "depreciationAndAmortization": 56800000,
        "ebitda": 71200000,
        "ebitdaratio": 0.5519379845,
        "operatingIncome": 14400000,
        "operatingIncomeRatio": 0.111627907,
        "totalOtherIncomeExpensesNet": -3700000,
        "incomeBeforeTax": 10700000,
        "incomeBeforeTaxRatio": 0.0829457364,
        "incomeTaxExpense": 4200000,
        "netIncome": 6500000,
        "netIncomeRatio": 0.0503875969,
        "eps": 0.4,
        "epsdiluted": 0.4,
        "weightedAverageShsOut": 16250000,
        "weightedAverageShsOutDil": 16250000,
        "link": null,
        "finalLink": null
    },
    {
        "date": "1991-01-31",
        "symbol": "CAR",
        "reportedCurrency": "USD",
        "cik": "0000723612",
        "fillingDate": "1991-01-31",
        "acceptedDate": "1991-01-31 00:00:00",
        "calendarYear": "1990",
        "period": "Q4",
        "revenue": 120900000,
        "costOfRevenue": -174000000,
        "grossProfit": 294900000,
        "grossProfitRatio": 2.4392059553,
        "researchAndDevelopmentExpenses": 0,
        "generalAndAdministrativeExpenses": 0,
        "sellingAndMarketingExpenses": 0,
        "sellingGeneralAndAdministrativeExpenses": 228600000,
        "otherExpenses": 55400000,
        "operatingExpenses": 284000000,
        "costAndExpenses": 110000000,
        "interestIncome": 0,
        "interestExpense": 1300000,
        "depreciationAndAmortization": 55400000,
        "ebitda": 66300000,
        "ebitdaratio": 0.5483870968,
        "operatingIncome": 10900000,
        "operatingIncomeRatio": 0.0901571547,
        "totalOtherIncomeExpensesNet": -1300000,
        "incomeBeforeTax": 9600000,
        "incomeBeforeTaxRatio": 0.0794044665,
        "incomeTaxExpense": 3800000,
        "netIncome": 5800000,
        "netIncomeRatio": 0.0479735318,
        "eps": 0.36,
        "epsdiluted": 0.36,
        "weightedAverageShsOut": 16000000,
        "weightedAverageShsOutDil": 16000000,
        "link": null,
        "finalLink": null
    },
    {
        "date": "1990-10-31",
        "symbol": "CAR",
        "reportedCurrency": "USD",
        "cik": "0000723612",
        "fillingDate": "1990-10-31",
        "acceptedDate": "1990-10-31 00:00:00",
        "calendarYear": "1990",
        "period": "Q3",
        "revenue": 114500000,
        "costOfRevenue": 36400000,
        "grossProfit": 78100000,
        "grossProfitRatio": 0.6820960699,
        "researchAndDevelopmentExpenses": 0,
        "generalAndAdministrativeExpenses": 14300000,
        "sellingAndMarketingExpenses": 0,
        "sellingGeneralAndAdministrativeExpenses": 14300000,
        "otherExpenses": 51800000,
        "operatingExpenses": 66100000,
        "costAndExpenses": 102500000,
        "interestIncome": 0,
        "interestExpense": 4100000,
        "depreciationAndAmortization": 152600000,
        "ebitda": 164600000,
        "ebitdaratio": 1.4375545852,
        "operatingIncome": 12000000,
        "operatingIncomeRatio": 0.1048034934,
        "totalOtherIncomeExpensesNet": -4100000,
        "incomeBeforeTax": 7900000,
        "incomeBeforeTaxRatio": 0.0689956332,
        "incomeTaxExpense": 3100000,
        "netIncome": 4800000,
        "netIncomeRatio": 0.0419213974,
        "eps": 0.3,
        "epsdiluted": 0.3,
        "weightedAverageShsOut": 16000000,
        "weightedAverageShsOutDil": 16000000,
        "link": null,
        "finalLink": null
    },
    {
        "date": "1990-07-31",
        "symbol": "CAR",
        "reportedCurrency": "USD",
        "cik": "0000723612",
        "fillingDate": "1990-07-31",
        "acceptedDate": "1990-07-31 00:00:00",
        "calendarYear": "1990",
        "period": "Q2",
        "revenue": 109800000,
        "costOfRevenue": 83600000,
        "grossProfit": 26200000,
        "grossProfitRatio": 0.2386156648,
        "researchAndDevelopmentExpenses": 0,
        "generalAndAdministrativeExpenses": 14000000,
        "sellingAndMarketingExpenses": 0,
        "sellingGeneralAndAdministrativeExpenses": 14000000,
        "otherExpenses": 1300000,
        "operatingExpenses": 15300000,
        "costAndExpenses": 98900000,
        "interestIncome": 0,
        "interestExpense": 8900000,
        "depreciationAndAmortization": -2800000,
        "ebitda": 12500000,
        "ebitdaratio": 0.1138433515,
        "operatingIncome": 15300000,
        "operatingIncomeRatio": 0.1393442623,
        "totalOtherIncomeExpensesNet": -4500000,
        "incomeBeforeTax": 6400000,
        "incomeBeforeTaxRatio": 0.058287796,
        "incomeTaxExpense": 2500000,
        "netIncome": 3900000,
        "netIncomeRatio": 0.0355191257,
        "eps": 0.2,
        "epsdiluted": 0.2,
        "weightedAverageShsOut": 19500000,
        "weightedAverageShsOutDil": 19500000,
        "link": null,
        "finalLink": null
    },
    {
        "date": "1990-04-30",
        "symbol": "CAR",
        "reportedCurrency": "USD",
        "cik": "0000723612",
        "fillingDate": "1990-04-30",
        "acceptedDate": "1990-04-30 00:00:00",
        "calendarYear": "1990",
        "period": "Q1",
        "revenue": 104700000,
        "costOfRevenue": 76500000,
        "grossProfit": 28200000,
        "grossProfitRatio": 0.2693409742,
        "researchAndDevelopmentExpenses": 0,
        "generalAndAdministrativeExpenses": 13600000,
        "sellingAndMarketingExpenses": 0,
        "sellingGeneralAndAdministrativeExpenses": 13600000,
        "otherExpenses": 5600000,
        "operatingExpenses": 19200000,
        "costAndExpenses": 95700000,
        "interestIncome": 0,
        "interestExpense": 4100000,
        "depreciationAndAmortization": 5600000,
        "ebitda": 14600000,
        "ebitdaratio": 0.1394460363,
        "operatingIncome": 9000000,
        "operatingIncomeRatio": 0.0859598854,
        "totalOtherIncomeExpensesNet": -4100000,
        "incomeBeforeTax": 4900000,
        "incomeBeforeTaxRatio": 0.046800382,
        "incomeTaxExpense": 1900000,
        "netIncome": 3000000,
        "netIncomeRatio": 0.0286532951,
        "eps": 0.2,
        "epsdiluted": 0.2,
        "weightedAverageShsOut": 15000000,
        "weightedAverageShsOutDil": 15000000,
        "link": null,
        "finalLink": null
    },
    {
        "date": "1990-01-31",
        "symbol": "CAR",
        "reportedCurrency": "USD",
        "cik": "0000723612",
        "fillingDate": "1990-01-31",
        "acceptedDate": "1990-01-31 00:00:00",
        "calendarYear": "1989",
        "period": "Q4",
        "revenue": 96400000,
        "costOfRevenue": 33300000,
        "grossProfit": 63100000,
        "grossProfitRatio": 0.6545643154,
        "researchAndDevelopmentExpenses": 0,
        "generalAndAdministrativeExpenses": 0,
        "sellingAndMarketingExpenses": 0,
        "sellingGeneralAndAdministrativeExpenses": 12800000,
        "otherExpenses": 39900000,
        "operatingExpenses": 52700000,
        "costAndExpenses": 86000000,
        "interestIncome": 0,
        "interestExpense": 6100000,
        "depreciationAndAmortization": 39900000,
        "ebitda": 50300000,
        "ebitdaratio": 0.5217842324,
        "operatingIncome": 10400000,
        "operatingIncomeRatio": 0.1078838174,
        "totalOtherIncomeExpensesNet": -6100000,
        "incomeBeforeTax": 4300000,
        "incomeBeforeTaxRatio": 0.0446058091,
        "incomeTaxExpense": 1800000,
        "netIncome": 2500000,
        "netIncomeRatio": 0.02593361,
        "eps": 0.17,
        "epsdiluted": 0.17,
        "weightedAverageShsOut": 15000000,
        "weightedAverageShsOutDil": 15000000,
        "link": null,
        "finalLink": null
    },
    {
        "date": "1989-10-31",
        "symbol": "CAR",
        "reportedCurrency": "USD",
        "cik": "0000723612",
        "fillingDate": "1989-10-31",
        "acceptedDate": "1989-10-31 00:00:00",
        "calendarYear": "1989",
        "period": "Q3",
        "revenue": 94000000,
        "costOfRevenue": 34600000,
        "grossProfit": 59400000,
        "grossProfitRatio": 0.6319148936,
        "researchAndDevelopmentExpenses": 0,
        "generalAndAdministrativeExpenses": 12800000,
        "sellingAndMarketingExpenses": 0,
        "sellingGeneralAndAdministrativeExpenses": 12800000,
        "otherExpenses": 39400000,
        "operatingExpenses": 52200000,
        "costAndExpenses": 86800000,
        "interestIncome": 0,
        "interestExpense": 4600000,
        "depreciationAndAmortization": 39400000,
        "ebitda": 46600000,
        "ebitdaratio": 0.4957446809,
        "operatingIncome": 7200000,
        "operatingIncomeRatio": 0.0765957447,
        "totalOtherIncomeExpensesNet": -4600000,
        "incomeBeforeTax": 2600000,
        "incomeBeforeTaxRatio": 0.0276595745,
        "incomeTaxExpense": 1100000,
        "netIncome": 1500000,
        "netIncomeRatio": 0.0159574468,
        "eps": 0.1,
        "epsdiluted": 0.1,
        "weightedAverageShsOut": 15000000,
        "weightedAverageShsOutDil": 15000000,
        "link": null,
        "finalLink": null
    },
    {
        "date": "1989-07-31",
        "symbol": "CAR",
        "reportedCurrency": "USD",
        "cik": "0000723612",
        "fillingDate": "1989-07-31",
        "acceptedDate": "1989-07-31 00:00:00",
        "calendarYear": "1989",
        "period": "Q2",
        "revenue": 89500000,
        "costOfRevenue": 0,
        "grossProfit": 89500000,
        "grossProfitRatio": 1,
        "researchAndDevelopmentExpenses": 0,
        "generalAndAdministrativeExpenses": 0,
        "sellingAndMarketingExpenses": 0,
        "sellingGeneralAndAdministrativeExpenses": 0,
        "otherExpenses": 0,
        "operatingExpenses": 0,
        "costAndExpenses": 0,
        "interestIncome": 0,
        "interestExpense": 0,
        "depreciationAndAmortization": 0,
        "ebitda": 89500000,
        "ebitdaratio": 1,
        "operatingIncome": 89500000,
        "operatingIncomeRatio": 1,
        "totalOtherIncomeExpensesNet": -89500000,
        "incomeBeforeTax": 0,
        "incomeBeforeTaxRatio": 0,
        "incomeTaxExpense": 0,
        "netIncome": 1000000,
        "netIncomeRatio": 0.0111731844,
        "eps": 0.1,
        "epsdiluted": 0.1,
        "weightedAverageShsOut": 15967200,
        "weightedAverageShsOutDil": 15967200,
        "link": null,
        "finalLink": null
    },
    {
        "date": "1989-04-30",
        "symbol": "CAR",
        "reportedCurrency": "USD",
        "cik": "0000723612",
        "fillingDate": "1989-04-30",
        "acceptedDate": "1989-04-30 00:00:00",
        "calendarYear": "1989",
        "period": "Q1",
        "revenue": 83800000,
        "costOfRevenue": 0,
        "grossProfit": 83800000,
        "grossProfitRatio": 1,
        "researchAndDevelopmentExpenses": 0,
        "generalAndAdministrativeExpenses": 0,
        "sellingAndMarketingExpenses": 0,
        "sellingGeneralAndAdministrativeExpenses": 0,
        "otherExpenses": 0,
        "operatingExpenses": 0,
        "costAndExpenses": 0,
        "interestIncome": 0,
        "interestExpense": 0,
        "depreciationAndAmortization": 0,
        "ebitda": 83800000,
        "ebitdaratio": 1,
        "operatingIncome": 83800000,
        "operatingIncomeRatio": 1,
        "totalOtherIncomeExpensesNet": -83800000,
        "incomeBeforeTax": 0,
        "incomeBeforeTaxRatio": 0,
        "incomeTaxExpense": 0,
        "netIncome": 3000000,
        "netIncomeRatio": 0.0357995227,
        "eps": 0.2,
        "epsdiluted": 0.2,
        "weightedAverageShsOut": 14952500,
        "weightedAverageShsOutDil": 14952500,
        "link": null,
        "finalLink": null
    },
    {
        "date": "1989-01-31",
        "symbol": "CAR",
        "reportedCurrency": "USD",
        "cik": "0000723612",
        "fillingDate": "1989-01-31",
        "acceptedDate": "1989-01-31 00:00:00",
        "calendarYear": "1988",
        "period": "Q4",
        "revenue": 74300000,
        "costOfRevenue": 0,
        "grossProfit": 74300000,
        "grossProfitRatio": 1,
        "researchAndDevelopmentExpenses": 0,
        "generalAndAdministrativeExpenses": 0,
        "sellingAndMarketingExpenses": 0,
        "sellingGeneralAndAdministrativeExpenses": 0,
        "otherExpenses": -285000000,
        "operatingExpenses": -285000000,
        "costAndExpenses": -285000000,
        "interestIncome": 0,
        "interestExpense": 0,
        "depreciationAndAmortization": 0,
        "ebitda": -210700000,
        "ebitdaratio": -2.8358008075,
        "operatingIncome": -210700000,
        "operatingIncomeRatio": -2.8358008075,
        "totalOtherIncomeExpensesNet": 210700000,
        "incomeBeforeTax": 0,
        "incomeBeforeTaxRatio": 0,
        "incomeTaxExpense": 0,
        "netIncome": -30600000,
        "netIncomeRatio": -0.4118438762,
        "eps": -1.9,
        "epsdiluted": -1.9,
        "weightedAverageShsOut": 14952500,
        "weightedAverageShsOutDil": 14952500,
        "link": null,
        "finalLink": null
    },
    {
        "date": "1988-10-31",
        "symbol": "CAR",
        "reportedCurrency": "USD",
        "cik": "0000723612",
        "fillingDate": "1988-10-31",
        "acceptedDate": "1988-10-31 00:00:00",
        "calendarYear": "1988",
        "period": "Q3",
        "revenue": 71100000,
        "costOfRevenue": 0,
        "grossProfit": 71100000,
        "grossProfitRatio": 1,
        "researchAndDevelopmentExpenses": 0,
        "generalAndAdministrativeExpenses": 0,
        "sellingAndMarketingExpenses": 0,
        "sellingGeneralAndAdministrativeExpenses": 0,
        "otherExpenses": 0,
        "operatingExpenses": 0,
        "costAndExpenses": 0,
        "interestIncome": 0,
        "interestExpense": 0,
        "depreciationAndAmortization": 0,
        "ebitda": 71100000,
        "ebitdaratio": 1,
        "operatingIncome": 71100000,
        "operatingIncomeRatio": 1,
        "totalOtherIncomeExpensesNet": -71100000,
        "incomeBeforeTax": 0,
        "incomeBeforeTaxRatio": 0,
        "incomeTaxExpense": 0,
        "netIncome": 6900000,
        "netIncomeRatio": 0.0970464135,
        "eps": 0.5,
        "epsdiluted": 0.5,
        "weightedAverageShsOut": 14952500,
        "weightedAverageShsOutDil": 14952500,
        "link": null,
        "finalLink": null
    },
    {
        "date": "1988-07-31",
        "symbol": "CAR",
        "reportedCurrency": "USD",
        "cik": "0000723612",
        "fillingDate": "1988-07-31",
        "acceptedDate": "1988-07-31 00:00:00",
        "calendarYear": "1988",
        "period": "Q2",
        "revenue": 64500000,
        "costOfRevenue": 0,
        "grossProfit": 64500000,
        "grossProfitRatio": 1,
        "researchAndDevelopmentExpenses": 0,
        "generalAndAdministrativeExpenses": 0,
        "sellingAndMarketingExpenses": 0,
        "sellingGeneralAndAdministrativeExpenses": 0,
        "otherExpenses": 0,
        "operatingExpenses": 0,
        "costAndExpenses": 0,
        "interestIncome": 0,
        "interestExpense": 0,
        "depreciationAndAmortization": 0,
        "ebitda": 64500000,
        "ebitdaratio": 1,
        "operatingIncome": 64500000,
        "operatingIncomeRatio": 1,
        "totalOtherIncomeExpensesNet": -64500000,
        "incomeBeforeTax": 0,
        "incomeBeforeTaxRatio": 0,
        "incomeTaxExpense": 0,
        "netIncome": 6500000,
        "netIncomeRatio": 0.1007751938,
        "eps": 0.4,
        "epsdiluted": 0.4,
        "weightedAverageShsOut": 14608100,
        "weightedAverageShsOutDil": 14608100,
        "link": null,
        "finalLink": null
    },
    {
        "date": "1988-04-30",
        "symbol": "CAR",
        "reportedCurrency": "USD",
        "cik": "0000723612",
        "fillingDate": "1988-04-30",
        "acceptedDate": "1988-04-30 00:00:00",
        "calendarYear": "1988",
        "period": "Q1",
        "revenue": 58200000,
        "costOfRevenue": 0,
        "grossProfit": 58200000,
        "grossProfitRatio": 1,
        "researchAndDevelopmentExpenses": 0,
        "generalAndAdministrativeExpenses": 0,
        "sellingAndMarketingExpenses": 0,
        "sellingGeneralAndAdministrativeExpenses": 0,
        "otherExpenses": 0,
        "operatingExpenses": 0,
        "costAndExpenses": 0,
        "interestIncome": 0,
        "interestExpense": 0,
        "depreciationAndAmortization": 0,
        "ebitda": 58200000,
        "ebitdaratio": 1,
        "operatingIncome": 58200000,
        "operatingIncomeRatio": 1,
        "totalOtherIncomeExpensesNet": -58200000,
        "incomeBeforeTax": 0,
        "incomeBeforeTaxRatio": 0,
        "incomeTaxExpense": 0,
        "netIncome": 6000000,
        "netIncomeRatio": 0.1030927835,
        "eps": 0.4,
        "epsdiluted": 0.4,
        "weightedAverageShsOut": 14608100,
        "weightedAverageShsOutDil": 14608100,
        "link": null,
        "finalLink": null
    },
    {
        "date": "1988-01-31",
        "symbol": "CAR",
        "reportedCurrency": "USD",
        "cik": "0000723612",
        "fillingDate": "1988-01-31",
        "acceptedDate": "1988-01-31 00:00:00",
        "calendarYear": "1987",
        "period": "Q4",
        "revenue": 51900000,
        "costOfRevenue": 0,
        "grossProfit": 51900000,
        "grossProfitRatio": 1,
        "researchAndDevelopmentExpenses": 0,
        "generalAndAdministrativeExpenses": 0,
        "sellingAndMarketingExpenses": 0,
        "sellingGeneralAndAdministrativeExpenses": 0,
        "otherExpenses": -164700000,
        "operatingExpenses": -164700000,
        "costAndExpenses": -164700000,
        "interestIncome": 0,
        "interestExpense": 0,
        "depreciationAndAmortization": 0,
        "ebitda": -112800000,
        "ebitdaratio": -2.1734104046,
        "operatingIncome": -112800000,
        "operatingIncomeRatio": -2.1734104046,
        "totalOtherIncomeExpensesNet": 112800000,
        "incomeBeforeTax": 0,
        "incomeBeforeTaxRatio": 0,
        "incomeTaxExpense": 0,
        "netIncome": 5200000,
        "netIncomeRatio": 0.1001926782,
        "eps": 0.3,
        "epsdiluted": 0.3,
        "weightedAverageShsOut": 13692200,
        "weightedAverageShsOutDil": 13692200,
        "link": null,
        "finalLink": null
    },
    {
        "date": "1987-10-31",
        "symbol": "CAR",
        "reportedCurrency": "USD",
        "cik": "0000723612",
        "fillingDate": "1987-10-31",
        "acceptedDate": "1987-10-31 00:00:00",
        "calendarYear": "1987",
        "period": "Q3",
        "revenue": 50700000,
        "costOfRevenue": 0,
        "grossProfit": 50700000,
        "grossProfitRatio": 1,
        "researchAndDevelopmentExpenses": 0,
        "generalAndAdministrativeExpenses": 0,
        "sellingAndMarketingExpenses": 0,
        "sellingGeneralAndAdministrativeExpenses": 0,
        "otherExpenses": 0,
        "operatingExpenses": 0,
        "costAndExpenses": 0,
        "interestIncome": 0,
        "interestExpense": 0,
        "depreciationAndAmortization": 0,
        "ebitda": 50700000,
        "ebitdaratio": 1,
        "operatingIncome": 50700000,
        "operatingIncomeRatio": 1,
        "totalOtherIncomeExpensesNet": -50700000,
        "incomeBeforeTax": 0,
        "incomeBeforeTaxRatio": 0,
        "incomeTaxExpense": 0,
        "netIncome": 4700000,
        "netIncomeRatio": 0.0927021696,
        "eps": 0.3,
        "epsdiluted": 0.3,
        "weightedAverageShsOut": 13692200,
        "weightedAverageShsOutDil": 13692200,
        "link": null,
        "finalLink": null
    },
    {
        "date": "1987-07-31",
        "symbol": "CAR",
        "reportedCurrency": "USD",
        "cik": "0000723612",
        "fillingDate": "1987-07-31",
        "acceptedDate": "1987-07-31 00:00:00",
        "calendarYear": "1987",
        "period": "Q2",
        "revenue": 48100000,
        "costOfRevenue": 0,
        "grossProfit": 48100000,
        "grossProfitRatio": 1,
        "researchAndDevelopmentExpenses": 0,
        "generalAndAdministrativeExpenses": 0,
        "sellingAndMarketingExpenses": 0,
        "sellingGeneralAndAdministrativeExpenses": 0,
        "otherExpenses": 0,
        "operatingExpenses": 0,
        "costAndExpenses": 0,
        "interestIncome": 0,
        "interestExpense": 0,
        "depreciationAndAmortization": 0,
        "ebitda": 48100000,
        "ebitdaratio": 1,
        "operatingIncome": 48100000,
        "operatingIncomeRatio": 1,
        "totalOtherIncomeExpensesNet": -48100000,
        "incomeBeforeTax": 0,
        "incomeBeforeTaxRatio": 0,
        "incomeTaxExpense": 0,
        "netIncome": 4200000,
        "netIncomeRatio": 0.0873180873,
        "eps": 0.3,
        "epsdiluted": 0.3,
        "weightedAverageShsOut": 13692200,
        "weightedAverageShsOutDil": 13692200,
        "link": null,
        "finalLink": null
    },
    {
        "date": "1987-04-30",
        "symbol": "CAR",
        "reportedCurrency": "USD",
        "cik": "0000723612",
        "fillingDate": "1987-04-30",
        "acceptedDate": "1987-04-30 00:00:00",
        "calendarYear": "1987",
        "period": "Q1",
        "revenue": 44600000,
        "costOfRevenue": 0,
        "grossProfit": 44600000,
        "grossProfitRatio": 1,
        "researchAndDevelopmentExpenses": 0,
        "generalAndAdministrativeExpenses": 0,
        "sellingAndMarketingExpenses": 0,
        "sellingGeneralAndAdministrativeExpenses": 0,
        "otherExpenses": 0,
        "operatingExpenses": 0,
        "costAndExpenses": 0,
        "interestIncome": 0,
        "interestExpense": 0,
        "depreciationAndAmortization": 0,
        "ebitda": 44600000,
        "ebitdaratio": 1,
        "operatingIncome": 44600000,
        "operatingIncomeRatio": 1,
        "totalOtherIncomeExpensesNet": -44600000,
        "incomeBeforeTax": 0,
        "incomeBeforeTaxRatio": 0,
        "incomeTaxExpense": 0,
        "netIncome": 3300000,
        "netIncomeRatio": 0.0739910314,
        "eps": 0.2,
        "epsdiluted": 0.2,
        "weightedAverageShsOut": 13692200,
        "weightedAverageShsOutDil": 13692200,
        "link": null,
        "finalLink": null
    },
    {
        "date": "1987-01-31",
        "symbol": "CAR",
        "reportedCurrency": "USD",
        "cik": "0000723612",
        "fillingDate": "1987-01-31",
        "acceptedDate": "1987-01-31 00:00:00",
        "calendarYear": "1986",
        "period": "Q4",
        "revenue": 41100000,
        "costOfRevenue": 0,
        "grossProfit": 41100000,
        "grossProfitRatio": 1,
        "researchAndDevelopmentExpenses": 0,
        "generalAndAdministrativeExpenses": 0,
        "sellingAndMarketingExpenses": 0,
        "sellingGeneralAndAdministrativeExpenses": 0,
        "otherExpenses": -123000000,
        "operatingExpenses": -123000000,
        "costAndExpenses": -123000000,
        "interestIncome": 0,
        "interestExpense": 0,
        "depreciationAndAmortization": 0,
        "ebitda": -81900000,
        "ebitdaratio": -1.9927007299,
        "operatingIncome": -81900000,
        "operatingIncomeRatio": -1.9927007299,
        "totalOtherIncomeExpensesNet": 81900000,
        "incomeBeforeTax": 0,
        "incomeBeforeTaxRatio": 0,
        "incomeTaxExpense": 0,
        "netIncome": 2900000,
        "netIncomeRatio": 0.0705596107,
        "eps": 0.2,
        "epsdiluted": 0.2,
        "weightedAverageShsOut": 12991800,
        "weightedAverageShsOutDil": 12991800,
        "link": null,
        "finalLink": null
    },
    {
        "date": "1986-10-31",
        "symbol": "CAR",
        "reportedCurrency": "USD",
        "cik": "0000723612",
        "fillingDate": "1986-10-31",
        "acceptedDate": "1986-10-31 00:00:00",
        "calendarYear": "1986",
        "period": "Q3",
        "revenue": 37300000,
        "costOfRevenue": 0,
        "grossProfit": 37300000,
        "grossProfitRatio": 1,
        "researchAndDevelopmentExpenses": 0,
        "generalAndAdministrativeExpenses": 0,
        "sellingAndMarketingExpenses": 0,
        "sellingGeneralAndAdministrativeExpenses": 0,
        "otherExpenses": 0,
        "operatingExpenses": 0,
        "costAndExpenses": 0,
        "interestIncome": 0,
        "interestExpense": 0,
        "depreciationAndAmortization": 0,
        "ebitda": 37300000,
        "ebitdaratio": 1,
        "operatingIncome": 37300000,
        "operatingIncomeRatio": 1,
        "totalOtherIncomeExpensesNet": -37300000,
        "incomeBeforeTax": 0,
        "incomeBeforeTaxRatio": 0,
        "incomeTaxExpense": 0,
        "netIncome": 2500000,
        "netIncomeRatio": 0.0670241287,
        "eps": 0.2,
        "epsdiluted": 0.2,
        "weightedAverageShsOut": 12991800,
        "weightedAverageShsOutDil": 12991800,
        "link": null,
        "finalLink": null
    },
    {
        "date": "1986-07-31",
        "symbol": "CAR",
        "reportedCurrency": "USD",
        "cik": "0000723612",
        "fillingDate": "1986-07-31",
        "acceptedDate": "1986-07-31 00:00:00",
        "calendarYear": "1986",
        "period": "Q2",
        "revenue": 34200000,
        "costOfRevenue": 0,
        "grossProfit": 34200000,
        "grossProfitRatio": 1,
        "researchAndDevelopmentExpenses": 0,
        "generalAndAdministrativeExpenses": 0,
        "sellingAndMarketingExpenses": 0,
        "sellingGeneralAndAdministrativeExpenses": 0,
        "otherExpenses": 0,
        "operatingExpenses": 0,
        "costAndExpenses": 0,
        "interestIncome": 0,
        "interestExpense": 0,
        "depreciationAndAmortization": 0,
        "ebitda": 34200000,
        "ebitdaratio": 1,
        "operatingIncome": 34200000,
        "operatingIncomeRatio": 1,
        "totalOtherIncomeExpensesNet": -34200000,
        "incomeBeforeTax": 0,
        "incomeBeforeTaxRatio": 0,
        "incomeTaxExpense": 0,
        "netIncome": 2000000,
        "netIncomeRatio": 0.0584795322,
        "eps": 0.1,
        "epsdiluted": 0.1,
        "weightedAverageShsOut": 12991800,
        "weightedAverageShsOutDil": 12991800,
        "link": null,
        "finalLink": null
    },
    {
        "date": "1986-04-30",
        "symbol": "CAR",
        "reportedCurrency": "USD",
        "cik": "0000723612",
        "fillingDate": "1986-04-30",
        "acceptedDate": "1986-04-30 00:00:00",
        "calendarYear": "1986",
        "period": "Q1",
        "revenue": 25700000,
        "costOfRevenue": 0,
        "grossProfit": 25700000,
        "grossProfitRatio": 1,
        "researchAndDevelopmentExpenses": 0,
        "generalAndAdministrativeExpenses": 0,
        "sellingAndMarketingExpenses": 0,
        "sellingGeneralAndAdministrativeExpenses": 0,
        "otherExpenses": 0,
        "operatingExpenses": 0,
        "costAndExpenses": 0,
        "interestIncome": 0,
        "interestExpense": 0,
        "depreciationAndAmortization": 0,
        "ebitda": 25700000,
        "ebitdaratio": 1,
        "operatingIncome": 25700000,
        "operatingIncomeRatio": 1,
        "totalOtherIncomeExpensesNet": -25700000,
        "incomeBeforeTax": 0,
        "incomeBeforeTaxRatio": 0,
        "incomeTaxExpense": 0,
        "netIncome": 1300000,
        "netIncomeRatio": 0.0505836576,
        "eps": 0.1,
        "epsdiluted": 0.1,
        "weightedAverageShsOut": 12991800,
        "weightedAverageShsOutDil": 12991800,
        "link": null,
        "finalLink": null
    },
    {
        "date": "1986-01-31",
        "symbol": "CAR",
        "reportedCurrency": "USD",
        "cik": "0000723612",
        "fillingDate": "1986-01-31",
        "acceptedDate": "1986-01-31 00:00:00",
        "calendarYear": "1985",
        "period": "Q4",
        "revenue": 23200000,
        "costOfRevenue": 0,
        "grossProfit": 23200000,
        "grossProfitRatio": 1,
        "researchAndDevelopmentExpenses": 0,
        "generalAndAdministrativeExpenses": 0,
        "sellingAndMarketingExpenses": 0,
        "sellingGeneralAndAdministrativeExpenses": 0,
        "otherExpenses": -76300000,
        "operatingExpenses": -76300000,
        "costAndExpenses": -76300000,
        "interestIncome": 0,
        "interestExpense": 0,
        "depreciationAndAmortization": 0,
        "ebitda": -53100000,
        "ebitdaratio": -2.2887931034,
        "operatingIncome": -53100000,
        "operatingIncomeRatio": -2.2887931034,
        "totalOtherIncomeExpensesNet": 53100000,
        "incomeBeforeTax": 0,
        "incomeBeforeTaxRatio": 0,
        "incomeTaxExpense": 0,
        "netIncome": -1000000,
        "netIncomeRatio": -0.0431034483,
        "eps": -0.1,
        "epsdiluted": -0.1,
        "weightedAverageShsOut": 8010900,
        "weightedAverageShsOutDil": 8010900,
        "link": null,
        "finalLink": null
    },
    {
        "date": "1985-10-31",
        "symbol": "CAR",
        "reportedCurrency": "USD",
        "cik": "0000723612",
        "fillingDate": "1985-10-31",
        "acceptedDate": "1985-10-31 00:00:00",
        "calendarYear": "1985",
        "period": "Q3",
        "revenue": 22500000,
        "costOfRevenue": 0,
        "grossProfit": 22500000,
        "grossProfitRatio": 1,
        "researchAndDevelopmentExpenses": 0,
        "generalAndAdministrativeExpenses": 0,
        "sellingAndMarketingExpenses": 0,
        "sellingGeneralAndAdministrativeExpenses": 0,
        "otherExpenses": 0,
        "operatingExpenses": 0,
        "costAndExpenses": 0,
        "interestIncome": 0,
        "interestExpense": 0,
        "depreciationAndAmortization": 0,
        "ebitda": 22500000,
        "ebitdaratio": 1,
        "operatingIncome": 22500000,
        "operatingIncomeRatio": 1,
        "totalOtherIncomeExpensesNet": -22500000,
        "incomeBeforeTax": 0,
        "incomeBeforeTaxRatio": 0,
        "incomeTaxExpense": 0,
        "netIncome": 1500000,
        "netIncomeRatio": 0.0666666667,
        "eps": 0.1,
        "epsdiluted": 0.1,
        "weightedAverageShsOut": 8010900,
        "weightedAverageShsOutDil": 8010900,
        "link": null,
        "finalLink": null
    }
]