[
    {
        "date": "2024-01-31",
        "symbol": "CBH",
        "reportedCurrency": "USD",
        "cik": "0001701809",
        "fillingDate": "2024-01-31",
        "acceptedDate": "2024-01-30 19:00:00",
        "calendarYear": "2023",
        "period": "Q4",
        "revenue": 4721000,
        "costOfRevenue": 1002000,
        "grossProfit": 3719000,
        "grossProfitRatio": 0.7877568312,
        "researchAndDevelopmentExpenses": 0,
        "generalAndAdministrativeExpenses": 0,
        "sellingAndMarketingExpenses": 0,
        "sellingGeneralAndAdministrativeExpenses": 0,
        "otherExpenses": 0,
        "operatingExpenses": 0,
        "costAndExpenses": 4435000,
        "interestIncome": 4435000,
        "interestExpense": 0,
        "depreciationAndAmortization": 2535000,
        "ebitda": 20798596,
        "ebitdaratio": 4.4055488244,
        "operatingIncome": 2535000,
        "operatingIncomeRatio": 0.5369625079,
        "totalOtherIncomeExpensesNet": -2534999.8612,
        "incomeBeforeTax": 0.1388,
        "incomeBeforeTaxRatio": 2.94e-08,
        "incomeTaxExpense": 0.1388,
        "netIncome": 18263597,
        "netIncomeRatio": 3.8685865283,
        "eps": 18263597,
        "epsdiluted": -1900000,
        "weightedAverageShsOut": 0,
        "weightedAverageShsOutDil": 0,
        "link": null,
        "finalLink": null
    },
    {
        "date": "2023-08-31",
        "symbol": "CBH",
        "reportedCurrency": "USD",
        "cik": "0001701809",
        "fillingDate": "2023-08-31",
        "acceptedDate": "2023-08-29 20:00:00",
        "calendarYear": "2023",
        "period": "Q2",
        "revenue": 3750000,
        "costOfRevenue": 943000,
        "grossProfit": 2807000,
        "grossProfitRatio": 0.7485333333,
        "researchAndDevelopmentExpenses": 0,
        "generalAndAdministrativeExpenses": 0,
        "sellingAndMarketingExpenses": 0,
        "sellingGeneralAndAdministrativeExpenses": 0,
        "otherExpenses": 0,
        "operatingExpenses": 0,
        "costAndExpenses": 5918000,
        "interestIncome": 0,
        "interestExpense": 0,
        "depreciationAndAmortization": 4009000,
        "ebitda": 22272595,
        "ebitdaratio": 5.9393586667,
        "operatingIncome": 4009000,
        "operatingIncomeRatio": 1.0690666667,
        "totalOtherIncomeExpensesNet": -4008999.7805,
        "incomeBeforeTax": 0.2195,
        "incomeBeforeTaxRatio": 5.85e-08,
        "incomeTaxExpense": 0.2195,
        "netIncome": 18263597,
        "netIncomeRatio": 4.8702925333,
        "eps": 18263597,
        "epsdiluted": -1908999,
        "weightedAverageShsOut": 0,
        "weightedAverageShsOutDil": 0,
        "link": null,
        "finalLink": null
    },
    {
        "date": "2023-01-31",
        "symbol": "CBH",
        "reportedCurrency": "USD",
        "cik": "0001701809",
        "fillingDate": "2023-01-31",
        "acceptedDate": "2023-01-31 00:00:00",
        "calendarYear": "2022",
        "period": "Q4",
        "revenue": 4506000,
        "costOfRevenue": 1000000,
        "grossProfit": 3506000,
        "grossProfitRatio": 0.7780736795,
        "researchAndDevelopmentExpenses": 0,
        "generalAndAdministrativeExpenses": 0,
        "sellingAndMarketingExpenses": 0,
        "sellingGeneralAndAdministrativeExpenses": 0,
        "otherExpenses": 0,
        "operatingExpenses": 0,
        "costAndExpenses": 9282000,
        "interestIncome": 0,
        "interestExpense": 0,
        "depreciationAndAmortization": 7774000,
        "ebitda": 26037595,
        "ebitdaratio": 5.778427652,
        "operatingIncome": 7774000,
        "operatingIncomeRatio": 1.7252552153,
        "totalOtherIncomeExpensesNet": -7773999.5743,
        "incomeBeforeTax": 0.4257,
        "incomeBeforeTaxRatio": 9.45e-08,
        "incomeTaxExpense": 0.4257,
        "netIncome": 18263597,
        "netIncomeRatio": 4.0531728806,
        "eps": 18263597,
        "epsdiluted": -1508000,
        "weightedAverageShsOut": 0,
        "weightedAverageShsOutDil": 0,
        "link": null,
        "finalLink": null
    },
    {
        "date": "2022-08-31",
        "symbol": "CBH",
        "reportedCurrency": "USD",
        "cik": "0001701809",
        "fillingDate": "2022-08-31",
        "acceptedDate": "2022-08-29 20:00:00",
        "calendarYear": "2022",
        "period": "Q2",
        "revenue": 4258000,
        "costOfRevenue": 991000,
        "grossProfit": 3267000,
        "grossProfitRatio": 0.7672616252,
        "researchAndDevelopmentExpenses": 0,
        "generalAndAdministrativeExpenses": 0,
        "sellingAndMarketingExpenses": 0,
        "sellingGeneralAndAdministrativeExpenses": 0,
        "otherExpenses": 0,
        "operatingExpenses": 0,
        "costAndExpenses": -5205000,
        "interestIncome": 0,
        "interestExpense": 0,
        "depreciationAndAmortization": -5661000,
        "ebitda": 12602597,
        "ebitdaratio": 2.9597456552,
        "operatingIncome": -5661000,
        "operatingIncomeRatio": -1.3294974166,
        "totalOtherIncomeExpensesNet": 5661000,
        "incomeBeforeTax": -0.31,
        "incomeBeforeTaxRatio": -7.28e-08,
        "incomeTaxExpense": -0.31,
        "netIncome": 18263597,
        "netIncomeRatio": 4.2892430719,
        "eps": 18263597,
        "epsdiluted": -456000,
        "weightedAverageShsOut": 18736091,
        "weightedAverageShsOutDil": 18736091,
        "link": null,
        "finalLink": null
    },
    {
        "date": "2020-02-29",
        "symbol": "CBH",
        "reportedCurrency": "USD",
        "cik": "0001701809",
        "fillingDate": "2020-02-29",
        "acceptedDate": "2020-02-29 00:00:00",
        "calendarYear": "2019",
        "period": "Q4",
        "revenue": 8590168,
        "costOfRevenue": 1036051,
        "grossProfit": 7554117,
        "grossProfitRatio": 0.8793910666,
        "researchAndDevelopmentExpenses": 0,
        "generalAndAdministrativeExpenses": 0,
        "sellingAndMarketingExpenses": 0,
        "sellingGeneralAndAdministrativeExpenses": 0,
        "otherExpenses": 0,
        "operatingExpenses": 0,
        "costAndExpenses": 7755980,
        "interestIncome": 7755980,
        "interestExpense": 0,
        "depreciationAndAmortization": 6912691,
        "ebitda": 25169702,
        "ebitdaratio": 2.9300593423,
        "operatingIncome": 6912691,
        "operatingIncomeRatio": 0.8047212814,
        "totalOtherIncomeExpensesNet": -6912690.6214,
        "incomeBeforeTax": 0.3786,
        "incomeBeforeTaxRatio": 4.41e-08,
        "incomeTaxExpense": 0.3786,
        "netIncome": 18257012,
        "netIncomeRatio": 2.1253381773,
        "eps": 18257012,
        "epsdiluted": -843289,
        "weightedAverageShsOut": 18305315,
        "weightedAverageShsOutDil": 18305315,
        "link": null,
        "finalLink": null
    },
    {
        "date": "2019-08-31",
        "symbol": "CBH",
        "reportedCurrency": "USD",
        "cik": "0001701809",
        "fillingDate": "2019-08-31",
        "acceptedDate": "2019-08-31 00:00:00",
        "calendarYear": "2019",
        "period": "Q2",
        "revenue": 7070827,
        "costOfRevenue": 1021841,
        "grossProfit": 6048986,
        "grossProfitRatio": 0.8554849383,
        "researchAndDevelopmentExpenses": 0,
        "generalAndAdministrativeExpenses": 0,
        "sellingAndMarketingExpenses": 0,
        "sellingGeneralAndAdministrativeExpenses": 0,
        "otherExpenses": 0,
        "operatingExpenses": 0,
        "costAndExpenses": 6836940,
        "interestIncome": 6836940,
        "interestExpense": 0,
        "depreciationAndAmortization": 5753381,
        "ebitda": 24010392,
        "ebitdaratio": 3.3956978441,
        "operatingIncome": 5753381,
        "operatingIncomeRatio": 0.8136786546,
        "totalOtherIncomeExpensesNet": -5753380.6849,
        "incomeBeforeTax": 0.3151,
        "incomeBeforeTaxRatio": 4.46e-08,
        "incomeTaxExpense": 0.3151,
        "netIncome": 18257012,
        "netIncomeRatio": 2.582019331,
        "eps": 18257012,
        "epsdiluted": -1083559,
        "weightedAverageShsOut": 18316543,
        "weightedAverageShsOutDil": 18316543,
        "link": null,
        "finalLink": null
    },
    {
        "date": "2019-02-28",
        "symbol": "CBH",
        "reportedCurrency": "USD",
        "cik": "0001701809",
        "fillingDate": "2019-02-28",
        "acceptedDate": "2019-02-28 00:00:00",
        "calendarYear": "2018",
        "period": "Q4",
        "revenue": 6431831,
        "costOfRevenue": 1022372,
        "grossProfit": 5409459,
        "grossProfitRatio": 0.8410449528,
        "researchAndDevelopmentExpenses": 0,
        "generalAndAdministrativeExpenses": 0,
        "sellingAndMarketingExpenses": 0,
        "sellingGeneralAndAdministrativeExpenses": 0,
        "otherExpenses": 0,
        "operatingExpenses": 0,
        "costAndExpenses": 1884590,
        "interestIncome": 1884590,
        "interestExpense": 0,
        "depreciationAndAmortization": 703171,
        "ebitda": 18960182,
        "ebitdaratio": 2.9478669449,
        "operatingIncome": 703171,
        "operatingIncomeRatio": 0.109326722,
        "totalOtherIncomeExpensesNet": -703170.9615,
        "incomeBeforeTax": 0.0385,
        "incomeBeforeTaxRatio": 6e-09,
        "incomeTaxExpense": 0.0385,
        "netIncome": 18257012,
        "netIncomeRatio": 2.8385403783,
        "eps": 18257012,
        "epsdiluted": -1181419,
        "weightedAverageShsOut": 18316543,
        "weightedAverageShsOutDil": 18316543,
        "link": null,
        "finalLink": null
    },
    {
        "date": "2018-08-31",
        "symbol": "CBH",
        "reportedCurrency": "USD",
        "cik": "0001701809",
        "fillingDate": "2018-08-31",
        "acceptedDate": "2018-08-31 00:00:00",
        "calendarYear": "2018",
        "period": "Q2",
        "revenue": 9183787,
        "costOfRevenue": 1015821,
        "grossProfit": 8167966,
        "grossProfitRatio": 0.8893897474,
        "researchAndDevelopmentExpenses": 0,
        "generalAndAdministrativeExpenses": 0,
        "sellingAndMarketingExpenses": 0,
        "sellingGeneralAndAdministrativeExpenses": 0,
        "otherExpenses": 0,
        "operatingExpenses": 0,
        "costAndExpenses": 8961030,
        "interestIncome": 8961030,
        "interestExpense": 0,
        "depreciationAndAmortization": 7933584,
        "ebitda": 26190595,
        "ebitdaratio": 2.8518295339,
        "operatingIncome": 7933584,
        "operatingIncomeRatio": 0.8638684673,
        "totalOtherIncomeExpensesNet": -7933583.5654,
        "incomeBeforeTax": 0.4346,
        "incomeBeforeTaxRatio": 4.73e-08,
        "incomeTaxExpense": 0.4346,
        "netIncome": 18257012,
        "netIncomeRatio": 1.9879611755,
        "eps": 18257012,
        "epsdiluted": -1027446,
        "weightedAverageShsOut": 18316543,
        "weightedAverageShsOutDil": 18316543,
        "link": null,
        "finalLink": null
    },
    {
        "date": "2018-02-28",
        "symbol": "CBH",
        "reportedCurrency": "USD",
        "cik": "0001701809",
        "fillingDate": "2018-02-28",
        "acceptedDate": "2018-02-26 19:00:00",
        "calendarYear": "2017",
        "period": "Q4",
        "revenue": 8101065,
        "costOfRevenue": 981113,
        "grossProfit": 7119952,
        "grossProfitRatio": 0.8788908619,
        "researchAndDevelopmentExpenses": 0,
        "generalAndAdministrativeExpenses": 0,
        "sellingAndMarketingExpenses": 0,
        "sellingGeneralAndAdministrativeExpenses": 0,
        "otherExpenses": 0,
        "operatingExpenses": 0,
        "costAndExpenses": 5361050,
        "interestIncome": 5361050,
        "interestExpense": 0,
        "depreciationAndAmortization": 4500425,
        "ebitda": 22757436,
        "ebitdaratio": 2.8091906435,
        "operatingIncome": 4500425,
        "operatingIncomeRatio": 0.5555349821,
        "totalOtherIncomeExpensesNet": -4500424.7535,
        "incomeBeforeTax": 0.2465,
        "incomeBeforeTaxRatio": 3.04e-08,
        "incomeTaxExpense": 0.2465,
        "netIncome": 18257012,
        "netIncomeRatio": 2.2536557848,
        "eps": 18257012,
        "epsdiluted": -860625,
        "weightedAverageShsOut": 18316543,
        "weightedAverageShsOutDil": 18316543,
        "link": null,
        "finalLink": null
    }
]