[
    {
        "date": "2025-06-30",
        "symbol": "CBL",
        "reportedCurrency": "USD",
        "cik": "0000910612",
        "fillingDate": "2025-08-06",
        "acceptedDate": "2025-08-06 15:02:32",
        "calendarYear": "2025",
        "period": "Q2",
        "revenue": 140905000,
        "costOfRevenue": 48982000,
        "grossProfit": 91923000,
        "grossProfitRatio": 0.6523757141,
        "researchAndDevelopmentExpenses": 0,
        "generalAndAdministrativeExpenses": 15188000,
        "sellingAndMarketingExpenses": 0,
        "sellingGeneralAndAdministrativeExpenses": 15188000,
        "otherExpenses": 0,
        "operatingExpenses": 15188000,
        "costAndExpenses": 64170000,
        "interestIncome": 0,
        "interestExpense": 43959000,
        "depreciationAndAmortization": -39702000,
        "ebitda": -81463000,
        "ebitdaratio": -0.5781413009,
        "operatingIncome": 76735000,
        "operatingIncomeRatio": 0.5445867783,
        "totalOtherIncomeExpensesNet": -74537000,
        "incomeBeforeTax": 2198000,
        "incomeBeforeTaxRatio": 0.0155991626,
        "incomeTaxExpense": -369000,
        "netIncome": 2567000,
        "netIncomeRatio": 0.0182179483,
        "eps": 0.08,
        "epsdiluted": 0.08,
        "weightedAverageShsOut": 30456000,
        "weightedAverageShsOutDil": 30742000,
        "link": "https://www.sec.gov/Archives/edgar/data/910612/000095017025103884/0000950170-25-103884-index.htm",
        "finalLink": "https://www.sec.gov/Archives/edgar/data/910612/000095017025103884/cbl-20250630.htm"
    },
    {
        "date": "2025-03-31",
        "symbol": "CBL",
        "reportedCurrency": "USD",
        "cik": "0000910612",
        "fillingDate": "2025-05-05",
        "acceptedDate": "2025-05-05 16:29:20",
        "calendarYear": "2025",
        "period": "Q1",
        "revenue": 141768000,
        "costOfRevenue": 55075000,
        "grossProfit": 86693000,
        "grossProfitRatio": 0.6115131765,
        "researchAndDevelopmentExpenses": 0,
        "generalAndAdministrativeExpenses": 20707000,
        "sellingAndMarketingExpenses": 0,
        "sellingGeneralAndAdministrativeExpenses": 20707000,
        "otherExpenses": 0,
        "operatingExpenses": 20707000,
        "costAndExpenses": 75782000,
        "interestIncome": 3468000,
        "interestExpense": 44225000,
        "depreciationAndAmortization": 45541000,
        "ebitda": 94473000,
        "ebitdaratio": 0.6663915693,
        "operatingIncome": 20445000,
        "operatingIncomeRatio": 0.1442144913,
        "totalOtherIncomeExpensesNet": -12529000,
        "incomeBeforeTax": 7916000,
        "incomeBeforeTaxRatio": 0.0558377067,
        "incomeTaxExpense": -471000,
        "netIncome": 8789000,
        "netIncomeRatio": 0.0619956549,
        "eps": 0.27,
        "epsdiluted": 0.27,
        "weightedAverageShsOut": 30419000,
        "weightedAverageShsOutDil": 30709000,
        "link": "https://www.sec.gov/Archives/edgar/data/910612/000095017025063585/0000950170-25-063585-index.htm",
        "finalLink": "https://www.sec.gov/Archives/edgar/data/910612/000095017025063585/cbl-20250331.htm"
    },
    {
        "date": "2024-12-31",
        "symbol": "CBL",
        "reportedCurrency": "USD",
        "cik": "0000910612",
        "fillingDate": "2025-03-03",
        "acceptedDate": "2025-03-03 14:37:30",
        "calendarYear": "2024",
        "period": "Q4",
        "revenue": 131690000,
        "costOfRevenue": 43671000,
        "grossProfit": 88019000,
        "grossProfitRatio": 0.668380287,
        "researchAndDevelopmentExpenses": 0,
        "generalAndAdministrativeExpenses": 16607000,
        "sellingAndMarketingExpenses": 0,
        "sellingGeneralAndAdministrativeExpenses": 16607000,
        "otherExpenses": 0,
        "operatingExpenses": 16607000,
        "costAndExpenses": 91927000,
        "interestIncome": 3604000,
        "interestExpense": 36418000,
        "depreciationAndAmortization": 36738000,
        "ebitda": 71324000,
        "ebitdaratio": 0.5416052851,
        "operatingIncome": 39763000,
        "operatingIncomeRatio": 0.3019439593,
        "totalOtherIncomeExpensesNet": -2017000,
        "incomeBeforeTax": 37746000,
        "incomeBeforeTaxRatio": 0.2866276862,
        "incomeTaxExpense": 199000,
        "netIncome": 37978000,
        "netIncomeRatio": 0.2883893993,
        "eps": 1.23,
        "epsdiluted": 1.22,
        "weightedAverageShsOut": 30905000,
        "weightedAverageShsOutDil": 30962000,
        "link": "https://www.sec.gov/Archives/edgar/data/910612/000095017025030677/0000950170-25-030677-index.htm",
        "finalLink": "https://www.sec.gov/Archives/edgar/data/910612/000095017025030677/cbl-20241231.htm"
    },
    {
        "date": "2024-09-30",
        "symbol": "CBL",
        "reportedCurrency": "USD",
        "cik": "0000910612",
        "fillingDate": "2024-11-12",
        "acceptedDate": "2024-11-12 15:59:29",
        "calendarYear": "2024",
        "period": "Q3",
        "revenue": 125089000,
        "costOfRevenue": 77823000,
        "grossProfit": 47266000,
        "grossProfitRatio": 0.3778589644,
        "researchAndDevelopmentExpenses": 0,
        "generalAndAdministrativeExpenses": 15402000,
        "sellingAndMarketingExpenses": 0,
        "sellingGeneralAndAdministrativeExpenses": 15402000,
        "otherExpenses": 0,
        "operatingExpenses": 15402000,
        "costAndExpenses": 93240000,
        "interestIncome": 4023000,
        "interestExpense": 38849000,
        "depreciationAndAmortization": 32326000,
        "ebitda": 64175000,
        "ebitdaratio": 0.5130347193,
        "operatingIncome": 31849000,
        "operatingIncomeRatio": 0.2546107172,
        "totalOtherIncomeExpensesNet": -15732000,
        "incomeBeforeTax": 16117000,
        "incomeBeforeTaxRatio": 0.1288442629,
        "incomeTaxExpense": 364000,
        "netIncome": 16198000,
        "netIncomeRatio": 0.1294918018,
        "eps": 0.52,
        "epsdiluted": 0.52,
        "weightedAverageShsOut": 30756000,
        "weightedAverageShsOutDil": 30756000,
        "link": "https://www.sec.gov/Archives/edgar/data/910612/000095017024125286/0000950170-24-125286-index.htm",
        "finalLink": "https://www.sec.gov/Archives/edgar/data/910612/000095017024125286/cbl-20240930.htm"
    },
    {
        "date": "2024-06-30",
        "symbol": "CBL",
        "reportedCurrency": "USD",
        "cik": "0000910612",
        "fillingDate": "2024-08-09",
        "acceptedDate": "2024-08-09 11:32:03",
        "calendarYear": "2024",
        "period": "Q2",
        "revenue": 129665000,
        "costOfRevenue": 81611000,
        "grossProfit": 48054000,
        "grossProfitRatio": 0.3706011645,
        "researchAndDevelopmentExpenses": 0,
        "generalAndAdministrativeExpenses": 14831000,
        "sellingAndMarketingExpenses": 0,
        "sellingGeneralAndAdministrativeExpenses": 14831000,
        "otherExpenses": 0,
        "operatingExpenses": 14831000,
        "costAndExpenses": 96569000,
        "interestIncome": 4082000,
        "interestExpense": 39407000,
        "depreciationAndAmortization": 41363000,
        "ebitda": 85711000,
        "ebitdaratio": 0.6610187792,
        "operatingIncome": 33096000,
        "operatingIncomeRatio": 0.2552423553,
        "totalOtherIncomeExpensesNet": -28155000,
        "incomeBeforeTax": 4941000,
        "incomeBeforeTaxRatio": 0.0381058883,
        "incomeTaxExpense": 650000,
        "netIncome": 4744000,
        "netIncomeRatio": 0.0365865885,
        "eps": 0.14,
        "epsdiluted": 0.14,
        "weightedAverageShsOut": 31150000,
        "weightedAverageShsOutDil": 31156000,
        "link": "https://www.sec.gov/Archives/edgar/data/910612/000095017024094439/0000950170-24-094439-index.htm",
        "finalLink": "https://www.sec.gov/Archives/edgar/data/910612/000095017024094439/cbl-20240630.htm"
    },
    {
        "date": "2024-03-31",
        "symbol": "CBL",
        "reportedCurrency": "USD",
        "cik": "0000910612",
        "fillingDate": "2024-05-10",
        "acceptedDate": "2024-05-10 10:12:12",
        "calendarYear": "2024",
        "period": "Q1",
        "revenue": 129117000,
        "costOfRevenue": 81074000,
        "grossProfit": 86083000,
        "grossProfitRatio": 0.6667053912,
        "researchAndDevelopmentExpenses": 0,
        "generalAndAdministrativeExpenses": 20414000,
        "sellingAndMarketingExpenses": 0,
        "sellingGeneralAndAdministrativeExpenses": 20414000,
        "otherExpenses": 38040000,
        "operatingExpenses": 58454000,
        "costAndExpenses": 101488000,
        "interestIncome": 4004000,
        "interestExpense": 39812000,
        "depreciationAndAmortization": 38040000,
        "ebitda": 76075000,
        "ebitdaratio": 0.5891942966,
        "operatingIncome": 27629000,
        "operatingIncomeRatio": 0.2139842159,
        "totalOtherIncomeExpensesNet": -32855000,
        "incomeBeforeTax": -5226000,
        "incomeBeforeTaxRatio": -0.0404749181,
        "incomeTaxExpense": -158000,
        "netIncome": 50000,
        "netIncomeRatio": 0.0003872457,
        "eps": -0.01,
        "epsdiluted": -0.01,
        "weightedAverageShsOut": 31546000,
        "weightedAverageShsOutDil": 31546000,
        "link": "https://www.sec.gov/Archives/edgar/data/910612/000095017024057509/0000950170-24-057509-index.htm",
        "finalLink": "https://www.sec.gov/Archives/edgar/data/910612/000095017024057509/cbl-20240331.htm"
    },
    {
        "date": "2023-12-31",
        "symbol": "CBL",
        "reportedCurrency": "USD",
        "cik": "0000910612",
        "fillingDate": "2024-02-29",
        "acceptedDate": "2024-02-29 17:23:37",
        "calendarYear": "2023",
        "period": "Q4",
        "revenue": 139709000,
        "costOfRevenue": 87708000,
        "grossProfit": 94377000,
        "grossProfitRatio": 0.6755255567,
        "researchAndDevelopmentExpenses": 0,
        "generalAndAdministrativeExpenses": 14283000,
        "sellingAndMarketingExpenses": 0,
        "sellingGeneralAndAdministrativeExpenses": 14283000,
        "otherExpenses": 42399000,
        "operatingExpenses": 56682000,
        "costAndExpenses": 102014000,
        "interestIncome": 3939000,
        "interestExpense": 42317000,
        "depreciationAndAmortization": 42376000,
        "ebitda": 102352000,
        "ebitdaratio": 0.7326084934,
        "operatingIncome": 37695000,
        "operatingIncomeRatio": 0.2698108211,
        "totalOtherIncomeExpensesNet": -25704000,
        "incomeBeforeTax": 11991000,
        "incomeBeforeTaxRatio": 0.0858284005,
        "incomeTaxExpense": -487000,
        "netIncome": 11813000,
        "netIncomeRatio": 0.0845543236,
        "eps": 0.37,
        "epsdiluted": 0.37,
        "weightedAverageShsOut": 31291000,
        "weightedAverageShsOutDil": 31291000,
        "link": "https://www.sec.gov/Archives/edgar/data/910612/000095017024023267/0000950170-24-023267-index.htm",
        "finalLink": "https://www.sec.gov/Archives/edgar/data/910612/000095017024023267/cbl-20231231.htm"
    },
    {
        "date": "2023-09-30",
        "symbol": "CBL",
        "reportedCurrency": "USD",
        "cik": "0000910612",
        "fillingDate": "2023-11-09",
        "acceptedDate": "2023-11-09 16:34:40",
        "calendarYear": "2023",
        "period": "Q3",
        "revenue": 129351000,
        "costOfRevenue": 90020000,
        "grossProfit": 39331000,
        "grossProfitRatio": 0.3040641356,
        "researchAndDevelopmentExpenses": 0,
        "generalAndAdministrativeExpenses": 14398000,
        "sellingAndMarketingExpenses": 0,
        "sellingGeneralAndAdministrativeExpenses": 14398000,
        "otherExpenses": 0,
        "operatingExpenses": 14398000,
        "costAndExpenses": 104418000,
        "interestIncome": 3628000,
        "interestExpense": 42891000,
        "depreciationAndAmortization": 45118000,
        "ebitda": 107189000,
        "ebitdaratio": 0.8286677335,
        "operatingIncome": 24933000,
        "operatingIncomeRatio": 0.192754598,
        "totalOtherIncomeExpensesNet": -61771000,
        "incomeBeforeTax": 14138000,
        "incomeBeforeTaxRatio": 0.1092995029,
        "incomeTaxExpense": 1263000,
        "netIncome": 13262000,
        "netIncomeRatio": 0.1025272321,
        "eps": 0.41,
        "epsdiluted": 0.41,
        "weightedAverageShsOut": 31305000,
        "weightedAverageShsOutDil": 31305000,
        "link": "https://www.sec.gov/Archives/edgar/data/910612/000095017023062150/0000950170-23-062150-index.htm",
        "finalLink": "https://www.sec.gov/Archives/edgar/data/910612/000095017023062150/cbl-20230930.htm"
    },
    {
        "date": "2023-06-30",
        "symbol": "CBL",
        "reportedCurrency": "USD",
        "cik": "0000910612",
        "fillingDate": "2023-08-09",
        "acceptedDate": "2023-08-09 16:34:58",
        "calendarYear": "2023",
        "period": "Q2",
        "revenue": 129867000,
        "costOfRevenue": 45979000,
        "grossProfit": 83774000,
        "grossProfitRatio": 0.6450753463,
        "researchAndDevelopmentExpenses": 0,
        "generalAndAdministrativeExpenses": 16156000,
        "sellingAndMarketingExpenses": 0,
        "sellingGeneralAndAdministrativeExpenses": 16156000,
        "otherExpenses": 67732000,
        "operatingExpenses": 83888000,
        "costAndExpenses": 111877000,
        "interestIncome": 2967000,
        "interestExpense": 44268000,
        "depreciationAndAmortization": 55120000,
        "ebitda": 76849000,
        "ebitdaratio": 0.5917515612,
        "operatingIncome": 17990000,
        "operatingIncomeRatio": 0.1385263385,
        "totalOtherIncomeExpensesNet": -40434000,
        "incomeBeforeTax": -22444000,
        "incomeBeforeTaxRatio": -0.172822965,
        "incomeTaxExpense": 219000,
        "netIncome": -20788000,
        "netIncomeRatio": -0.1600714577,
        "eps": -0.67,
        "epsdiluted": -0.67,
        "weightedAverageShsOut": 31313000,
        "weightedAverageShsOutDil": 31313000,
        "link": "https://www.sec.gov/Archives/edgar/data/910612/000095017023040672/0000950170-23-040672-index.htm",
        "finalLink": "https://www.sec.gov/Archives/edgar/data/910612/000095017023040672/cbl-20230630.htm"
    },
    {
        "date": "2023-03-31",
        "symbol": "CBL",
        "reportedCurrency": "USD",
        "cik": "0000910612",
        "fillingDate": "2023-05-10",
        "acceptedDate": "2023-05-10 16:23:39",
        "calendarYear": "2023",
        "period": "Q1",
        "revenue": 136359000,
        "costOfRevenue": 104195000,
        "grossProfit": 85433000,
        "grossProfitRatio": 0.6265299687,
        "researchAndDevelopmentExpenses": 0,
        "generalAndAdministrativeExpenses": 19229000,
        "sellingAndMarketingExpenses": 0,
        "sellingGeneralAndAdministrativeExpenses": 19229000,
        "otherExpenses": 66204000,
        "operatingExpenses": 85433000,
        "costAndExpenses": 123622000,
        "interestIncome": 2665000,
        "interestExpense": 43524000,
        "depreciationAndAmortization": 58606000,
        "ebitda": 103799000,
        "ebitdaratio": 0.7612185481,
        "operatingIncome": 12737000,
        "operatingIncomeRatio": 0.0934078425,
        "totalOtherIncomeExpensesNet": -11068000,
        "incomeBeforeTax": 1669000,
        "incomeBeforeTaxRatio": 0.0122397495,
        "incomeTaxExpense": -101000,
        "netIncome": 2259000,
        "netIncomeRatio": 0.0165665633,
        "eps": 0.0632,
        "epsdiluted": 0.06,
        "weightedAverageShsOut": 31304000,
        "weightedAverageShsOutDil": 31369000,
        "link": "https://www.sec.gov/Archives/edgar/data/910612/000095017023020575/0000950170-23-020575-index.htm",
        "finalLink": "https://www.sec.gov/Archives/edgar/data/910612/000095017023020575/cbl-20230331.htm"
    },
    {
        "date": "2022-12-31",
        "symbol": "CBL",
        "reportedCurrency": "USD",
        "cik": "0000910612",
        "fillingDate": "2023-03-01",
        "acceptedDate": "2023-03-01 15:10:04",
        "calendarYear": "2022",
        "period": "Q4",
        "revenue": 149611000,
        "costOfRevenue": 49047000,
        "grossProfit": 126531000,
        "grossProfitRatio": 0.8457332683,
        "researchAndDevelopmentExpenses": 0,
        "generalAndAdministrativeExpenses": 16066000,
        "sellingAndMarketingExpenses": 0,
        "sellingGeneralAndAdministrativeExpenses": 16066000,
        "otherExpenses": 87808000,
        "operatingExpenses": 100564000,
        "costAndExpenses": 126954000,
        "interestIncome": 3722000,
        "interestExpense": 33914000,
        "depreciationAndAmortization": 61841000,
        "ebitda": 105273000,
        "ebitdaratio": 0.7036447855,
        "operatingIncome": 22657000,
        "operatingIncomeRatio": 0.1514393995,
        "totalOtherIncomeExpensesNet": -17404000,
        "incomeBeforeTax": 5253000,
        "incomeBeforeTaxRatio": 0.0351110547,
        "incomeTaxExpense": 328000,
        "netIncome": 2922000,
        "netIncomeRatio": 0.0195306495,
        "eps": 0.03,
        "epsdiluted": 0.03,
        "weightedAverageShsOut": 30999000,
        "weightedAverageShsOutDil": 30999000,
        "link": "https://www.sec.gov/Archives/edgar/data/910612/000095017023005470/0000950170-23-005470-index.htm",
        "finalLink": "https://www.sec.gov/Archives/edgar/data/910612/000095017023005470/cbl-20221231.htm"
    },
    {
        "date": "2022-09-30",
        "symbol": "CBL",
        "reportedCurrency": "USD",
        "cik": "0000910612",
        "fillingDate": "2022-11-14",
        "acceptedDate": "2022-11-14 17:10:20",
        "calendarYear": "2022",
        "period": "Q3",
        "revenue": 136280000,
        "costOfRevenue": 48542000,
        "grossProfit": 91266000,
        "grossProfitRatio": 0.6696947461,
        "researchAndDevelopmentExpenses": 0,
        "generalAndAdministrativeExpenses": 14625000,
        "sellingAndMarketingExpenses": 0,
        "sellingGeneralAndAdministrativeExpenses": 14625000,
        "otherExpenses": 73113000,
        "operatingExpenses": 87738000,
        "costAndExpenses": 124217000,
        "interestIncome": 152000,
        "interestExpense": 37652000,
        "depreciationAndAmortization": 66505000,
        "ebitda": 89167000,
        "ebitdaratio": 0.6542926328,
        "operatingIncome": 12063000,
        "operatingIncomeRatio": 0.08851629,
        "totalOtherIncomeExpensesNet": -27053000,
        "incomeBeforeTax": -14990000,
        "incomeBeforeTaxRatio": -0.1099941297,
        "incomeTaxExpense": 2422000,
        "netIncome": -14294000,
        "netIncomeRatio": -0.1048869974,
        "eps": -0.47,
        "epsdiluted": -0.47,
        "weightedAverageShsOut": 30973000,
        "weightedAverageShsOutDil": 30973000,
        "link": "https://www.sec.gov/Archives/edgar/data/910612/000095017022025004/0000950170-22-025004-index.htm",
        "finalLink": "https://www.sec.gov/Archives/edgar/data/910612/000095017022025004/cbl-20220930.htm"
    },
    {
        "date": "2022-06-30",
        "symbol": "CBL",
        "reportedCurrency": "USD",
        "cik": "0000910612",
        "fillingDate": "2022-08-15",
        "acceptedDate": "2022-08-15 17:10:36",
        "calendarYear": "2022",
        "period": "Q2",
        "revenue": 137018000,
        "costOfRevenue": 45796000,
        "grossProfit": 91225000,
        "grossProfitRatio": 0.6657884366,
        "researchAndDevelopmentExpenses": 0,
        "generalAndAdministrativeExpenses": 18450000,
        "sellingAndMarketingExpenses": 0,
        "sellingGeneralAndAdministrativeExpenses": 18450000,
        "otherExpenses": 72772000,
        "operatingExpenses": 91222000,
        "costAndExpenses": 129556000,
        "interestIncome": 910000,
        "interestExpense": 55117000,
        "depreciationAndAmortization": 64476000,
        "ebitda": 79642000,
        "ebitdaratio": 0.5812520983,
        "operatingIncome": 7462000,
        "operatingIncomeRatio": 0.054459998,
        "totalOtherIncomeExpensesNet": -72304000,
        "incomeBeforeTax": -44277000,
        "incomeBeforeTaxRatio": -0.3231473237,
        "incomeTaxExpense": -472000,
        "netIncome": -41388000,
        "netIncomeRatio": -0.3020625027,
        "eps": -1.34,
        "epsdiluted": -1.34,
        "weightedAverageShsOut": 30973000,
        "weightedAverageShsOutDil": 30973000,
        "link": "https://www.sec.gov/Archives/edgar/data/910612/000156459022029498/0001564590-22-029498-index.htm",
        "finalLink": "https://www.sec.gov/Archives/edgar/data/910612/000156459022029498/cbl-10q_20220630.htm"
    },
    {
        "date": "2022-03-31",
        "symbol": "CBL",
        "reportedCurrency": "USD",
        "cik": "0000910612",
        "fillingDate": "2022-05-16",
        "acceptedDate": "2022-05-16 16:18:36",
        "calendarYear": "2022",
        "period": "Q1",
        "revenue": 140102000,
        "costOfRevenue": 48345000,
        "grossProfit": 91773000,
        "grossProfitRatio": 0.6550441821,
        "researchAndDevelopmentExpenses": 0,
        "generalAndAdministrativeExpenses": 18074000,
        "sellingAndMarketingExpenses": 0,
        "sellingGeneralAndAdministrativeExpenses": 18074000,
        "otherExpenses": 73683000,
        "operatingExpenses": 91757000,
        "costAndExpenses": 135362000,
        "interestIncome": 155000,
        "interestExpense": 90659000,
        "depreciationAndAmortization": 68943000,
        "ebitda": 88727000,
        "ebitdaratio": 0.6333028793,
        "operatingIncome": 13461000,
        "operatingIncomeRatio": 0.0960799989,
        "totalOtherIncomeExpensesNet": -47162000,
        "incomeBeforeTax": -42422000,
        "incomeBeforeTaxRatio": -0.3027936789,
        "incomeTaxExpense": 801000,
        "netIncome": -40722000,
        "netIncomeRatio": -0.2906596622,
        "eps": -1.45,
        "epsdiluted": -1.45,
        "weightedAverageShsOut": 27998000,
        "weightedAverageShsOutDil": 27998000,
        "link": "https://www.sec.gov/Archives/edgar/data/910612/000156459022020402/0001564590-22-020402-index.htm",
        "finalLink": "https://www.sec.gov/Archives/edgar/data/910612/000156459022020402/cbl-10q_20220331.htm"
    },
    {
        "date": "2021-12-31",
        "symbol": "CBL",
        "reportedCurrency": "USD",
        "cik": "0000910612",
        "fillingDate": "2022-03-31",
        "acceptedDate": "2022-03-31 17:08:59",
        "calendarYear": "2021",
        "period": "Q4",
        "revenue": 156755000,
        "costOfRevenue": 117940000,
        "grossProfit": 108217000,
        "grossProfitRatio": 0.6903575644,
        "researchAndDevelopmentExpenses": 0,
        "generalAndAdministrativeExpenses": 14952000,
        "sellingAndMarketingExpenses": 0,
        "sellingGeneralAndAdministrativeExpenses": 14952000,
        "otherExpenses": -70022000,
        "operatingExpenses": 16042000,
        "costAndExpenses": 133982000,
        "interestIncome": 0,
        "interestExpense": 0,
        "depreciationAndAmortization": 65988000,
        "ebitda": 92513000,
        "ebitdaratio": 0.590175752,
        "operatingIncome": 93265000,
        "operatingIncomeRatio": 0.5949730471,
        "totalOtherIncomeExpensesNet": -656716000,
        "incomeBeforeTax": -563000000,
        "incomeBeforeTaxRatio": -3.5915919747,
        "incomeTaxExpense": -5029000,
        "netIncome": -544807000,
        "netIncomeRatio": -3.475531881,
        "eps": -3,
        "epsdiluted": -3,
        "weightedAverageShsOut": 181783500,
        "weightedAverageShsOutDil": 181783500,
        "link": "https://www.sec.gov/Archives/edgar/data/910612/000156459022013053/0001564590-22-013053-index.htm",
        "finalLink": "https://www.sec.gov/Archives/edgar/data/910612/000156459022013053/cbl-10k_20211231.htm"
    },
    {
        "date": "2021-09-30",
        "symbol": "CBL",
        "reportedCurrency": "USD",
        "cik": "0000910612",
        "fillingDate": "2021-11-15",
        "acceptedDate": "2021-11-15 16:35:57",
        "calendarYear": "2021",
        "period": "Q3",
        "revenue": 150375000,
        "costOfRevenue": 23818000,
        "grossProfit": 126557000,
        "grossProfitRatio": 0.8416093101,
        "researchAndDevelopmentExpenses": 0,
        "generalAndAdministrativeExpenses": 13502000,
        "sellingAndMarketingExpenses": 0,
        "sellingGeneralAndAdministrativeExpenses": 13502000,
        "otherExpenses": 70022000,
        "operatingExpenses": 103118000,
        "costAndExpenses": 107342000,
        "interestIncome": 510000,
        "interestExpense": 19039000,
        "depreciationAndAmortization": 46479000,
        "ebitda": 21591000,
        "ebitdaratio": 0.1435810474,
        "operatingIncome": 43033000,
        "operatingIncomeRatio": 0.2861712386,
        "totalOtherIncomeExpensesNet": -87148000,
        "incomeBeforeTax": -44115000,
        "incomeBeforeTaxRatio": -0.2933665835,
        "incomeTaxExpense": -1234000,
        "netIncome": -41720000,
        "netIncomeRatio": -0.277439734,
        "eps": -0.21,
        "epsdiluted": -0.21,
        "weightedAverageShsOut": 196454000,
        "weightedAverageShsOutDil": 196454000,
        "link": "https://www.sec.gov/Archives/edgar/data/910612/000156459021057035/0001564590-21-057035-index.htm",
        "finalLink": "https://www.sec.gov/Archives/edgar/data/910612/000156459021057035/cbl-10q_20210930.htm"
    },
    {
        "date": "2021-06-30",
        "symbol": "CBL",
        "reportedCurrency": "USD",
        "cik": "0000910612",
        "fillingDate": "2021-08-16",
        "acceptedDate": "2021-08-16 17:09:26",
        "calendarYear": "2021",
        "period": "Q2",
        "revenue": 136561000,
        "costOfRevenue": 43517000,
        "grossProfit": 93151000,
        "grossProfitRatio": 0.6821200782,
        "researchAndDevelopmentExpenses": 0,
        "generalAndAdministrativeExpenses": 11269000,
        "sellingAndMarketingExpenses": 0,
        "sellingGeneralAndAdministrativeExpenses": 11269000,
        "otherExpenses": 71680000,
        "operatingExpenses": 93044000,
        "costAndExpenses": 102572000,
        "interestIncome": 752000,
        "interestExpense": 22299000,
        "depreciationAndAmortization": 47499000,
        "ebitda": 61269000,
        "ebitdaratio": 0.4486566443,
        "operatingIncome": 33989000,
        "operatingIncomeRatio": 0.2488924363,
        "totalOtherIncomeExpensesNet": -42845000,
        "incomeBeforeTax": -8856000,
        "incomeBeforeTaxRatio": -0.0648501402,
        "incomeTaxExpense": 705000,
        "netIncome": -8882000,
        "netIncomeRatio": -0.0650405313,
        "eps": -0.0452,
        "epsdiluted": -0.0452,
        "weightedAverageShsOut": 196454000,
        "weightedAverageShsOutDil": 196454000,
        "link": "https://www.sec.gov/Archives/edgar/data/910612/000156459021044707/0001564590-21-044707-index.htm",
        "finalLink": "https://www.sec.gov/Archives/edgar/data/910612/000156459021044707/cbl-10q_20210630.htm"
    },
    {
        "date": "2021-03-31",
        "symbol": "CBL",
        "reportedCurrency": "USD",
        "cik": "0000910612",
        "fillingDate": "2021-05-17",
        "acceptedDate": "2021-05-17 15:57:15",
        "calendarYear": "2021",
        "period": "Q1",
        "revenue": 133184000,
        "costOfRevenue": 49134000,
        "grossProfit": 111382000,
        "grossProfitRatio": 0.8363016579,
        "researchAndDevelopmentExpenses": 0,
        "generalAndAdministrativeExpenses": 12612000,
        "sellingAndMarketingExpenses": 0,
        "sellingGeneralAndAdministrativeExpenses": 12612000,
        "otherExpenses": 75444000,
        "operatingExpenses": 84050000,
        "costAndExpenses": 109858000,
        "interestIncome": 776000,
        "interestExpense": 24130000,
        "depreciationAndAmortization": 48112000,
        "ebitda": 44771000,
        "ebitdaratio": 0.3361589981,
        "operatingIncome": 23326000,
        "operatingIncomeRatio": 0.1751411581,
        "totalOtherIncomeExpensesNet": -50855000,
        "incomeBeforeTax": -27529000,
        "incomeBeforeTaxRatio": -0.2066990029,
        "incomeTaxExpense": 751000,
        "netIncome": -26763000,
        "netIncomeRatio": -0.2009475613,
        "eps": -0.14,
        "epsdiluted": -0.14,
        "weightedAverageShsOut": 191164000,
        "weightedAverageShsOutDil": 196454000,
        "link": "https://www.sec.gov/Archives/edgar/data/910612/000156459021028363/0001564590-21-028363-index.htm",
        "finalLink": "https://www.sec.gov/Archives/edgar/data/910612/000156459021028363/cbl-10q_20210331.htm"
    },
    {
        "date": "2020-12-31",
        "symbol": "CBL",
        "reportedCurrency": "USD",
        "cik": "0000910612",
        "fillingDate": "2021-04-08",
        "acceptedDate": "2021-04-08 17:20:20",
        "calendarYear": "2020",
        "period": "Q4",
        "revenue": 154179000,
        "costOfRevenue": 45693000,
        "grossProfit": 108486000,
        "grossProfitRatio": 0.703636682,
        "researchAndDevelopmentExpenses": 0,
        "generalAndAdministrativeExpenses": -8635000,
        "sellingAndMarketingExpenses": 0,
        "sellingGeneralAndAdministrativeExpenses": -8635000,
        "otherExpenses": 78184000,
        "operatingExpenses": 108486000,
        "costAndExpenses": 195411000,
        "interestIncome": 1133000,
        "interestExpense": 39903000,
        "depreciationAndAmortization": 53133000,
        "ebitda": 13665000,
        "ebitdaratio": 0.0886307474,
        "operatingIncome": 63580000,
        "operatingIncomeRatio": 0.4123778206,
        "totalOtherIncomeExpensesNet": -179222000,
        "incomeBeforeTax": -79371000,
        "incomeBeforeTaxRatio": -0.5147977351,
        "incomeTaxExpense": -353000,
        "netIncome": -59304000,
        "netIncomeRatio": -0.3846438231,
        "eps": -0.3,
        "epsdiluted": -0.3,
        "weightedAverageShsOut": 195522000,
        "weightedAverageShsOutDil": 196429000,
        "link": "https://www.sec.gov/Archives/edgar/data/910612/000156459021018200/0001564590-21-018200-index.htm",
        "finalLink": "https://www.sec.gov/Archives/edgar/data/910612/000156459021018200/cbl-10k_20201231.htm"
    },
    {
        "date": "2020-09-30",
        "symbol": "CBL",
        "reportedCurrency": "USD",
        "cik": "0000910612",
        "fillingDate": "2020-11-16",
        "acceptedDate": "2020-11-16 17:08:18",
        "calendarYear": "2020",
        "period": "Q3",
        "revenue": 129897000,
        "costOfRevenue": 46036000,
        "grossProfit": 83861000,
        "grossProfitRatio": 0.6455961262,
        "researchAndDevelopmentExpenses": 0,
        "generalAndAdministrativeExpenses": 25497000,
        "sellingAndMarketingExpenses": 0,
        "sellingGeneralAndAdministrativeExpenses": 25497000,
        "otherExpenses": 58364000,
        "operatingExpenses": 83861000,
        "costAndExpenses": 71533000,
        "interestIncome": 1975000,
        "interestExpense": 61137000,
        "depreciationAndAmortization": 53477000,
        "ebitda": 70736000,
        "ebitdaratio": 0.5445545317,
        "operatingIncome": 4887000,
        "operatingIncomeRatio": 0.037622116,
        "totalOtherIncomeExpensesNet": -48765000,
        "incomeBeforeTax": -43878000,
        "incomeBeforeTaxRatio": -0.3377907111,
        "incomeTaxExpense": 546000,
        "netIncome": -42878000,
        "netIncomeRatio": -0.3300923039,
        "eps": -0.22,
        "epsdiluted": -0.22,
        "weightedAverageShsOut": 201690000,
        "weightedAverageShsOutDil": 201690000,
        "link": "https://www.sec.gov/Archives/edgar/data/910612/000156459020054211/0001564590-20-054211-index.htm",
        "finalLink": "https://www.sec.gov/Archives/edgar/data/910612/000156459020054211/cbl-10q_20200930.htm"
    },
    {
        "date": "2020-06-30",
        "symbol": "CBL",
        "reportedCurrency": "USD",
        "cik": "0000910612",
        "fillingDate": "2020-08-17",
        "acceptedDate": "2020-08-17 16:37:45",
        "calendarYear": "2020",
        "period": "Q2",
        "revenue": 124211000,
        "costOfRevenue": 40785000,
        "grossProfit": 83426000,
        "grossProfitRatio": 0.6716474386,
        "researchAndDevelopmentExpenses": 0,
        "generalAndAdministrativeExpenses": 18727000,
        "sellingAndMarketingExpenses": 0,
        "sellingGeneralAndAdministrativeExpenses": 18727000,
        "otherExpenses": 0,
        "operatingExpenses": 18727000,
        "costAndExpenses": 59512000,
        "interestIncome": 0,
        "interestExpense": 0,
        "depreciationAndAmortization": 52597000,
        "ebitda": 64699000,
        "ebitdaratio": 0.5208797933,
        "operatingIncome": 64699000,
        "operatingIncomeRatio": 0.5208797933,
        "totalOtherIncomeExpensesNet": -80816000,
        "incomeBeforeTax": -56676000,
        "incomeBeforeTaxRatio": -0.4562880904,
        "incomeTaxExpense": -16117000,
        "netIncome": -70229000,
        "netIncomeRatio": -0.5654008099,
        "eps": -0.42,
        "epsdiluted": -0.42,
        "weightedAverageShsOut": 191962000,
        "weightedAverageShsOutDil": 191962000,
        "link": "https://www.sec.gov/Archives/edgar/data/910612/000156459020040444/0001564590-20-040444-index.htm",
        "finalLink": "https://www.sec.gov/Archives/edgar/data/910612/000156459020040444/cbl-20200630.htm"
    },
    {
        "date": "2020-03-31",
        "symbol": "CBL",
        "reportedCurrency": "USD",
        "cik": "0000910612",
        "fillingDate": "2020-06-05",
        "acceptedDate": "2020-06-04 20:58:02",
        "calendarYear": "2020",
        "period": "Q1",
        "revenue": 167574000,
        "costOfRevenue": 55365000,
        "grossProfit": 112209000,
        "grossProfitRatio": 0.6696086505,
        "researchAndDevelopmentExpenses": 0,
        "generalAndAdministrativeExpenses": 17836000,
        "sellingAndMarketingExpenses": 0,
        "sellingGeneralAndAdministrativeExpenses": 17836000,
        "otherExpenses": 0,
        "operatingExpenses": 17836000,
        "costAndExpenses": 73201000,
        "interestIncome": 0,
        "interestExpense": 0,
        "depreciationAndAmortization": 55902000,
        "ebitda": 94373000,
        "ebitdaratio": 0.5631720911,
        "operatingIncome": 94373000,
        "operatingIncomeRatio": 0.5631720911,
        "totalOtherIncomeExpensesNet": -94900000,
        "incomeBeforeTax": -139628000,
        "incomeBeforeTaxRatio": -0.8332318856,
        "incomeTaxExpense": -526000,
        "netIncome": -122673000,
        "netIncomeRatio": -0.7320527051,
        "eps": -0.75,
        "epsdiluted": -0.75,
        "weightedAverageShsOut": 178528000,
        "weightedAverageShsOutDil": 179133000,
        "link": "https://www.sec.gov/Archives/edgar/data/910612/000156459020028432/0001564590-20-028432-index.htm",
        "finalLink": "https://www.sec.gov/Archives/edgar/data/910612/000156459020028432/cbl-20200331.htm"
    },
    {
        "date": "2019-12-31",
        "symbol": "CBL",
        "reportedCurrency": "USD",
        "cik": "0000910612",
        "fillingDate": "2020-03-09",
        "acceptedDate": "2020-03-09 17:08:24",
        "calendarYear": "2019",
        "period": "Q4",
        "revenue": 768696000,
        "costOfRevenue": 230652000,
        "grossProfit": 538044000,
        "grossProfitRatio": 0.6999438009,
        "researchAndDevelopmentExpenses": 0,
        "generalAndAdministrativeExpenses": 64181000,
        "sellingAndMarketingExpenses": 0,
        "sellingGeneralAndAdministrativeExpenses": 64181000,
        "otherExpenses": 0,
        "operatingExpenses": 64181000,
        "costAndExpenses": 294833000,
        "interestIncome": 0,
        "interestExpense": 0,
        "depreciationAndAmortization": 59308000,
        "ebitda": 119055000,
        "ebitdaratio": 0.154879172,
        "operatingIncome": 119055000,
        "operatingIncomeRatio": 0.154879172,
        "totalOtherIncomeExpensesNet": -608737000,
        "incomeBeforeTax": -134874000,
        "incomeBeforeTaxRatio": -0.1754581785,
        "incomeTaxExpense": -3153000,
        "netIncome": -131721000,
        "netIncomeRatio": -0.171356427,
        "eps": -0.76,
        "epsdiluted": -0.76,
        "weightedAverageShsOut": 173578000,
        "weightedAverageShsOutDil": 173578000,
        "link": "https://www.sec.gov/Archives/edgar/data/910612/000156459020009393/0001564590-20-009393-index.htm",
        "finalLink": "https://www.sec.gov/Archives/edgar/data/910612/000156459020009393/cbl-20191231.htm"
    },
    {
        "date": "2019-09-30",
        "symbol": "CBL",
        "reportedCurrency": "USD",
        "cik": "0000910612",
        "fillingDate": "2019-11-12",
        "acceptedDate": "2019-11-12 17:18:47",
        "calendarYear": "2019",
        "period": "Q3",
        "revenue": 187251000,
        "costOfRevenue": 56296000,
        "grossProfit": 130955000,
        "grossProfitRatio": 0.6993554107,
        "researchAndDevelopmentExpenses": 0,
        "generalAndAdministrativeExpenses": 12467000,
        "sellingAndMarketingExpenses": 0,
        "sellingGeneralAndAdministrativeExpenses": 12467000,
        "otherExpenses": 0,
        "operatingExpenses": 12467000,
        "costAndExpenses": 68763000,
        "interestIncome": 0,
        "interestExpense": 0,
        "depreciationAndAmortization": 64027000,
        "ebitda": 118488000,
        "ebitdaratio": 0.632776327,
        "operatingIncome": 118488000,
        "operatingIncomeRatio": 0.632776327,
        "totalOtherIncomeExpensesNet": -120159000,
        "incomeBeforeTax": -90364000,
        "incomeBeforeTaxRatio": -0.4825822025,
        "incomeTaxExpense": -1670000,
        "netIncome": -78893000,
        "netIncomeRatio": -0.4213221825,
        "eps": -0.52,
        "epsdiluted": -0.52,
        "weightedAverageShsOut": 173300000,
        "weightedAverageShsOutDil": 173471000,
        "link": "https://www.sec.gov/Archives/edgar/data/910612/000091061219000077/0000910612-19-000077-index.htm",
        "finalLink": "https://www.sec.gov/Archives/edgar/data/910612/000091061219000077/cbl-9302019x10q.htm"
    },
    {
        "date": "2019-06-30",
        "symbol": "CBL",
        "reportedCurrency": "USD",
        "cik": "0000910612",
        "fillingDate": "2019-08-09",
        "acceptedDate": "2019-08-09 15:18:15",
        "calendarYear": "2019",
        "period": "Q2",
        "revenue": 193377000,
        "costOfRevenue": 56978000,
        "grossProfit": 136399000,
        "grossProfitRatio": 0.7053527565,
        "researchAndDevelopmentExpenses": 0,
        "generalAndAdministrativeExpenses": 14427000,
        "sellingAndMarketingExpenses": 0,
        "sellingGeneralAndAdministrativeExpenses": 14427000,
        "otherExpenses": 0,
        "operatingExpenses": 14427000,
        "costAndExpenses": 71405000,
        "interestIncome": 0,
        "interestExpense": 0,
        "depreciationAndAmortization": 63958000,
        "ebitda": 121972000,
        "ebitdaratio": 0.6307471933,
        "operatingIncome": 121972000,
        "operatingIncomeRatio": 0.6307471933,
        "totalOtherIncomeExpensesNet": -122785000,
        "incomeBeforeTax": -30713000,
        "incomeBeforeTaxRatio": -0.1588244724,
        "incomeTaxExpense": -813000,
        "netIncome": -24177000,
        "netIncomeRatio": -0.1250252098,
        "eps": -0.2,
        "epsdiluted": -0.2,
        "weightedAverageShsOut": 173473000,
        "weightedAverageShsOutDil": 173473000,
        "link": "https://www.sec.gov/Archives/edgar/data/910612/000091061219000065/0000910612-19-000065-index.htm",
        "finalLink": "https://www.sec.gov/Archives/edgar/data/910612/000091061219000065/cbl-6302019x10q.htm"
    },
    {
        "date": "2019-03-31",
        "symbol": "CBL",
        "reportedCurrency": "USD",
        "cik": "0000910612",
        "fillingDate": "2019-05-10",
        "acceptedDate": "2019-05-10 16:30:44",
        "calendarYear": "2019",
        "period": "Q1",
        "revenue": 198030000,
        "costOfRevenue": 61675000,
        "grossProfit": 136355000,
        "grossProfitRatio": 0.6885572893,
        "researchAndDevelopmentExpenses": 0,
        "generalAndAdministrativeExpenses": 22007000,
        "sellingAndMarketingExpenses": 0,
        "sellingGeneralAndAdministrativeExpenses": 22007000,
        "otherExpenses": 0,
        "operatingExpenses": 22007000,
        "costAndExpenses": 83682000,
        "interestIncome": 0,
        "interestExpense": 0,
        "depreciationAndAmortization": 69241000,
        "ebitda": 114348000,
        "ebitdaratio": 0.5774276625,
        "operatingIncome": 114348000,
        "operatingIncomeRatio": 0.5774276625,
        "totalOtherIncomeExpensesNet": -161018000,
        "incomeBeforeTax": -49978000,
        "incomeBeforeTaxRatio": -0.2523759026,
        "incomeTaxExpense": -139000,
        "netIncome": -38976000,
        "netIncomeRatio": -0.1968186638,
        "eps": -0.23,
        "epsdiluted": -0.22,
        "weightedAverageShsOut": 173100000,
        "weightedAverageShsOutDil": 173252000,
        "link": "https://www.sec.gov/Archives/edgar/data/910612/000091061219000049/0000910612-19-000049-index.htm",
        "finalLink": "https://www.sec.gov/Archives/edgar/data/910612/000091061219000049/cbl-3312019x10q.htm"
    },
    {
        "date": "2018-12-31",
        "symbol": "CBL",
        "reportedCurrency": "USD",
        "cik": "0000910612",
        "fillingDate": "2019-03-01",
        "acceptedDate": "2019-03-01 15:52:08",
        "calendarYear": "2018",
        "period": "Q4",
        "revenue": 858557000,
        "costOfRevenue": 252612000,
        "grossProfit": 605945000,
        "grossProfitRatio": 0.7057714281,
        "researchAndDevelopmentExpenses": 0,
        "generalAndAdministrativeExpenses": 61506000,
        "sellingAndMarketingExpenses": 0,
        "sellingGeneralAndAdministrativeExpenses": 61506000,
        "otherExpenses": 0,
        "operatingExpenses": 61506000,
        "costAndExpenses": 314118000,
        "interestIncome": 0,
        "interestExpense": 0,
        "depreciationAndAmortization": -502860000,
        "ebitda": -502861000,
        "ebitdaratio": -0.5857048513,
        "operatingIncome": -720,
        "operatingIncomeRatio": -8.386e-07,
        "totalOtherIncomeExpensesNet": -99228000,
        "incomeBeforeTax": -99229000,
        "incomeBeforeTaxRatio": -0.1155764847,
        "incomeTaxExpense": -570610000,
        "netIncome": -54307000,
        "netIncomeRatio": -0.0632538084,
        "eps": -0.57,
        "epsdiluted": -0.57,
        "weightedAverageShsOut": 172573000,
        "weightedAverageShsOutDil": 172665000,
        "link": "https://www.sec.gov/Archives/edgar/data/910612/000091061219000023/0000910612-19-000023-index.htm",
        "finalLink": "https://www.sec.gov/Archives/edgar/data/910612/000091061219000023/cbl-12312018x10k.htm"
    },
    {
        "date": "2018-09-30",
        "symbol": "CBL",
        "reportedCurrency": "USD",
        "cik": "0000910612",
        "fillingDate": "2018-11-09",
        "acceptedDate": "2018-11-09 13:13:56",
        "calendarYear": "2018",
        "period": "Q3",
        "revenue": 206878000,
        "costOfRevenue": 60912000,
        "grossProfit": 145966000,
        "grossProfitRatio": 0.705565599,
        "researchAndDevelopmentExpenses": 0,
        "generalAndAdministrativeExpenses": 16051000,
        "sellingAndMarketingExpenses": 0,
        "sellingGeneralAndAdministrativeExpenses": 16051000,
        "otherExpenses": 86583000,
        "operatingExpenses": 102634000,
        "costAndExpenses": 163546000,
        "interestIncome": 0,
        "interestExpense": 0,
        "depreciationAndAmortization": 71945000,
        "ebitda": 129915000,
        "ebitdaratio": 0.6279788088,
        "operatingIncome": 43332000,
        "operatingIncomeRatio": 0.2094567813,
        "totalOtherIncomeExpensesNet": -46993000,
        "incomeBeforeTax": -1034000,
        "incomeBeforeTaxRatio": -0.0049981148,
        "incomeTaxExpense": -1034000,
        "netIncome": -1367000,
        "netIncomeRatio": -0.0066077592,
        "eps": -0.0729,
        "epsdiluted": -0.0729,
        "weightedAverageShsOut": 172665000,
        "weightedAverageShsOutDil": 172665000,
        "link": "https://www.sec.gov/Archives/edgar/data/910612/000091061218000090/0000910612-18-000090-index.htm",
        "finalLink": "https://www.sec.gov/Archives/edgar/data/910612/000091061218000090/cbl-9302018x10q.htm"
    },
    {
        "date": "2018-06-30",
        "symbol": "CBL",
        "reportedCurrency": "USD",
        "cik": "0000910612",
        "fillingDate": "2018-08-09",
        "acceptedDate": "2018-08-09 15:03:12",
        "calendarYear": "2018",
        "period": "Q2",
        "revenue": 214598000,
        "costOfRevenue": 62042000,
        "grossProfit": 152556000,
        "grossProfitRatio": 0.7108919934,
        "researchAndDevelopmentExpenses": 0,
        "generalAndAdministrativeExpenses": 13490000,
        "sellingAndMarketingExpenses": 0,
        "sellingGeneralAndAdministrativeExpenses": 13490000,
        "otherExpenses": 125794000,
        "operatingExpenses": 139284000,
        "costAndExpenses": 201326000,
        "interestIncome": 0,
        "interestExpense": 0,
        "depreciationAndAmortization": 72605000,
        "ebitda": 86838000,
        "ebitdaratio": 0.4046542838,
        "operatingIncome": 13272000,
        "operatingIncomeRatio": 0.06184587,
        "totalOtherIncomeExpensesNet": -13272000,
        "incomeBeforeTax": -32211000,
        "incomeBeforeTaxRatio": -0.1500992554,
        "incomeTaxExpense": 961000,
        "netIncome": -23797000,
        "netIncomeRatio": -0.1108910614,
        "eps": -0.2,
        "epsdiluted": -0.2,
        "weightedAverageShsOut": 172662000,
        "weightedAverageShsOutDil": 172662000,
        "link": "https://www.sec.gov/Archives/edgar/data/910612/000091061218000066/0000910612-18-000066-index.htm",
        "finalLink": "https://www.sec.gov/Archives/edgar/data/910612/000091061218000066/cbl-6302018x10q.htm"
    },
    {
        "date": "2018-03-31",
        "symbol": "CBL",
        "reportedCurrency": "USD",
        "cik": "0000910612",
        "fillingDate": "2018-05-10",
        "acceptedDate": "2018-05-10 14:57:41",
        "calendarYear": "2018",
        "period": "Q1",
        "revenue": 220200000,
        "costOfRevenue": 67853000,
        "grossProfit": 152347000,
        "grossProfitRatio": 0.6918574024,
        "researchAndDevelopmentExpenses": 0,
        "generalAndAdministrativeExpenses": 18304000,
        "sellingAndMarketingExpenses": 0,
        "sellingGeneralAndAdministrativeExpenses": 18304000,
        "otherExpenses": 89905000,
        "operatingExpenses": 108209000,
        "costAndExpenses": 176062000,
        "interestIncome": 0,
        "interestExpense": 0,
        "depreciationAndAmortization": 71275000,
        "ebitda": 115888000,
        "ebitdaratio": 0.5262851953,
        "operatingIncome": 44138000,
        "operatingIncomeRatio": 0.20044505,
        "totalOtherIncomeExpensesNet": -44138000,
        "incomeBeforeTax": 0,
        "incomeBeforeTaxRatio": 0,
        "incomeTaxExpense": 475000,
        "netIncome": -10320000,
        "netIncomeRatio": -0.046866485,
        "eps": -0.06,
        "epsdiluted": -0.06,
        "weightedAverageShsOut": 171943000,
        "weightedAverageShsOutDil": 171943000,
        "link": "https://www.sec.gov/Archives/edgar/data/910612/000091061218000039/0000910612-18-000039-index.htm",
        "finalLink": "https://www.sec.gov/Archives/edgar/data/910612/000091061218000039/cbl-3312018x10q.htm"
    },
    {
        "date": "2017-12-31",
        "symbol": "CBL",
        "reportedCurrency": "USD",
        "cik": "0000910612",
        "fillingDate": "2018-03-01",
        "acceptedDate": "2018-03-01 16:32:14",
        "calendarYear": "2017",
        "period": "Q4",
        "revenue": 235356000,
        "costOfRevenue": 65638000,
        "grossProfit": 666699000,
        "grossProfitRatio": 2.8327257431,
        "researchAndDevelopmentExpenses": 0,
        "generalAndAdministrativeExpenses": 13030000,
        "sellingAndMarketingExpenses": 0,
        "sellingGeneralAndAdministrativeExpenses": 13030000,
        "otherExpenses": 636224000,
        "operatingExpenses": 694690000,
        "costAndExpenses": -152331000,
        "interestIncome": 0,
        "interestExpense": 0,
        "depreciationAndAmortization": 73076000,
        "ebitda": 17099000,
        "ebitdaratio": 0.0726516426,
        "operatingIncome": 232562000,
        "operatingIncomeRatio": 0.9881286222,
        "totalOtherIncomeExpensesNet": -71647000,
        "incomeBeforeTax": 36883000,
        "incomeBeforeTaxRatio": 0.1567115349,
        "incomeTaxExpense": 1933000,
        "netIncome": 158982000,
        "netIncomeRatio": 0.6754958446,
        "eps": 0.93,
        "epsdiluted": 0.93,
        "weightedAverageShsOut": 171098000,
        "weightedAverageShsOutDil": 171098000,
        "link": "https://www.sec.gov/Archives/edgar/data/910612/000091061218000012/0000910612-18-000012-index.htm",
        "finalLink": "https://www.sec.gov/Archives/edgar/data/910612/000091061218000012/cbl-12312017x10k.htm"
    },
    {
        "date": "2017-09-30",
        "symbol": "CBL",
        "reportedCurrency": "USD",
        "cik": "0000910612",
        "fillingDate": "2017-11-08",
        "acceptedDate": "2017-11-08 14:48:06",
        "calendarYear": "2017",
        "period": "Q3",
        "revenue": 224650000,
        "costOfRevenue": 64122000,
        "grossProfit": 160528000,
        "grossProfitRatio": 0.7145693301,
        "researchAndDevelopmentExpenses": 0,
        "generalAndAdministrativeExpenses": 13568000,
        "sellingAndMarketingExpenses": 0,
        "sellingGeneralAndAdministrativeExpenses": 13568000,
        "otherExpenses": 96799000,
        "operatingExpenses": 110367000,
        "costAndExpenses": 174489000,
        "interestIncome": 0,
        "interestExpense": 0,
        "depreciationAndAmortization": 71380000,
        "ebitda": 121893000,
        "ebitdaratio": 0.5425906966,
        "operatingIncome": 50161000,
        "operatingIncomeRatio": 0.2232851102,
        "totalOtherIncomeExpensesNet": -50161000,
        "incomeBeforeTax": 3661000,
        "incomeBeforeTaxRatio": 0.0162964612,
        "incomeTaxExpense": 352000,
        "netIncome": 0,
        "netIncomeRatio": 0,
        "eps": -0.0132,
        "epsdiluted": -0.0132,
        "weightedAverageShsOut": 171096000,
        "weightedAverageShsOutDil": 171096000,
        "link": "https://www.sec.gov/Archives/edgar/data/910612/000091061217000078/0000910612-17-000078-index.htm",
        "finalLink": "https://www.sec.gov/Archives/edgar/data/910612/000091061217000078/cbl-9302017x10q.htm"
    },
    {
        "date": "2017-06-30",
        "symbol": "CBL",
        "reportedCurrency": "USD",
        "cik": "0000910612",
        "fillingDate": "2017-08-09",
        "acceptedDate": "2017-08-09 15:50:33",
        "calendarYear": "2017",
        "period": "Q2",
        "revenue": 229233000,
        "costOfRevenue": 60444000,
        "grossProfit": 168789000,
        "grossProfitRatio": 0.7363206868,
        "researchAndDevelopmentExpenses": 0,
        "generalAndAdministrativeExpenses": 15752000,
        "sellingAndMarketingExpenses": 0,
        "sellingGeneralAndAdministrativeExpenses": 15752000,
        "otherExpenses": 130731000,
        "operatingExpenses": 146483000,
        "costAndExpenses": 206927000,
        "interestIncome": 0,
        "interestExpense": 0,
        "depreciationAndAmortization": 82374000,
        "ebitda": 27444000,
        "ebitdaratio": 0.1197209826,
        "operatingIncome": 22306000,
        "operatingIncomeRatio": 0.0973071067,
        "totalOtherIncomeExpensesNet": -22306000,
        "incomeBeforeTax": 180,
        "incomeBeforeTaxRatio": 7.852e-07,
        "incomeTaxExpense": 135000,
        "netIncome": 41396000,
        "netIncomeRatio": 0.1805848198,
        "eps": 0.18,
        "epsdiluted": 0.18,
        "weightedAverageShsOut": 171095000,
        "weightedAverageShsOutDil": 171095000,
        "link": "https://www.sec.gov/Archives/edgar/data/910612/000091061217000054/0000910612-17-000054-index.htm",
        "finalLink": "https://www.sec.gov/Archives/edgar/data/910612/000091061217000054/cbl-6302017x10q.htm"
    },
    {
        "date": "2017-03-31",
        "symbol": "CBL",
        "reportedCurrency": "USD",
        "cik": "0000910612",
        "fillingDate": "2017-05-10",
        "acceptedDate": "2017-05-10 16:30:14",
        "calendarYear": "2017",
        "period": "Q1",
        "revenue": 238013000,
        "costOfRevenue": 70349000,
        "grossProfit": 167664000,
        "grossProfitRatio": 0.7044321109,
        "researchAndDevelopmentExpenses": 0,
        "generalAndAdministrativeExpenses": 16082000,
        "sellingAndMarketingExpenses": 0,
        "sellingGeneralAndAdministrativeExpenses": 16082000,
        "otherExpenses": 74483000,
        "operatingExpenses": 90565000,
        "costAndExpenses": 160914000,
        "interestIncome": 0,
        "interestExpense": 0,
        "depreciationAndAmortization": 71220000,
        "ebitda": 148319000,
        "ebitdaratio": 0.6231550378,
        "operatingIncome": 77099000,
        "operatingIncomeRatio": 0.3239276846,
        "totalOtherIncomeExpensesNet": -77099000,
        "incomeBeforeTax": 32345000,
        "incomeBeforeTaxRatio": 0.1358959385,
        "incomeTaxExpense": 748000,
        "netIncome": 22892000,
        "netIncomeRatio": 0.0961796204,
        "eps": 0.13,
        "epsdiluted": 0.13,
        "weightedAverageShsOut": 170989000,
        "weightedAverageShsOutDil": 170989000,
        "link": "https://www.sec.gov/Archives/edgar/data/910612/000091061217000034/0000910612-17-000034-index.htm",
        "finalLink": "https://www.sec.gov/Archives/edgar/data/910612/000091061217000034/cbl-3312017x10q.htm"
    },
    {
        "date": "2016-12-31",
        "symbol": "CBL",
        "reportedCurrency": "USD",
        "cik": "0000910612",
        "fillingDate": "2017-03-01",
        "acceptedDate": "2017-03-01 14:49:36",
        "calendarYear": "2016",
        "period": "Q4",
        "revenue": 258493000,
        "costOfRevenue": 68724000,
        "grossProfit": 189769000,
        "grossProfitRatio": 0.734135934,
        "researchAndDevelopmentExpenses": 0,
        "generalAndAdministrativeExpenses": 63332000,
        "sellingAndMarketingExpenses": 0,
        "sellingGeneralAndAdministrativeExpenses": 63332000,
        "otherExpenses": 74804000,
        "operatingExpenses": 88754000,
        "costAndExpenses": 157478000,
        "interestIncome": 0,
        "interestExpense": 53608000,
        "depreciationAndAmortization": 72505000,
        "ebitda": 176123000,
        "ebitdaratio": 0.6813453362,
        "operatingIncome": 101015000,
        "operatingIncomeRatio": 0.3907842766,
        "totalOtherIncomeExpensesNet": -20232000,
        "incomeBeforeTax": 70467000,
        "incomeBeforeTaxRatio": 0.2726069952,
        "incomeTaxExpense": 911000,
        "netIncome": 57607000,
        "netIncomeRatio": 0.2228570986,
        "eps": 0.34,
        "epsdiluted": 0.34,
        "weightedAverageShsOut": 170795000,
        "weightedAverageShsOutDil": 171091000,
        "link": "https://www.sec.gov/Archives/edgar/data/910612/000091061217000011/0000910612-17-000011-index.htm",
        "finalLink": "https://www.sec.gov/Archives/edgar/data/910612/000091061217000011/cbl-12312016x10k.htm"
    },
    {
        "date": "2016-09-30",
        "symbol": "CBL",
        "reportedCurrency": "USD",
        "cik": "0000910612",
        "fillingDate": "2016-11-08",
        "acceptedDate": "2016-11-08 16:54:39",
        "calendarYear": "2016",
        "period": "Q3",
        "revenue": 251721000,
        "costOfRevenue": 70844000,
        "grossProfit": 180877000,
        "grossProfitRatio": 0.7185614232,
        "researchAndDevelopmentExpenses": 0,
        "generalAndAdministrativeExpenses": 13222000,
        "sellingAndMarketingExpenses": 0,
        "sellingGeneralAndAdministrativeExpenses": 13222000,
        "otherExpenses": 130928000,
        "operatingExpenses": 144150000,
        "costAndExpenses": 214994000,
        "interestIncome": 0,
        "interestExpense": 0,
        "depreciationAndAmortization": 71878000,
        "ebitda": 19888000,
        "ebitdaratio": 0.0790081082,
        "operatingIncome": 36727000,
        "operatingIncomeRatio": 0.1459035996,
        "totalOtherIncomeExpensesNet": -34341000,
        "incomeBeforeTax": -1716000,
        "incomeBeforeTaxRatio": -0.0068170713,
        "incomeTaxExpense": 2386000,
        "netIncome": -10164000,
        "netIncomeRatio": -0.0403780376,
        "eps": -0.06,
        "epsdiluted": -0.0595,
        "weightedAverageShsOut": 169400000,
        "weightedAverageShsOutDil": 170792000,
        "link": "https://www.sec.gov/Archives/edgar/data/910612/000091061216000154/0000910612-16-000154-index.htm",
        "finalLink": "https://www.sec.gov/Archives/edgar/data/910612/000091061216000154/cbl-9302016x10q.htm"
    },
    {
        "date": "2016-06-30",
        "symbol": "CBL",
        "reportedCurrency": "USD",
        "cik": "0000910612",
        "fillingDate": "2016-08-09",
        "acceptedDate": "2016-08-09 17:02:29",
        "calendarYear": "2016",
        "period": "Q2",
        "revenue": 254965000,
        "costOfRevenue": 65684000,
        "grossProfit": 189281000,
        "grossProfitRatio": 0.7423803267,
        "researchAndDevelopmentExpenses": 0,
        "generalAndAdministrativeExpenses": 16475000,
        "sellingAndMarketingExpenses": 0,
        "sellingGeneralAndAdministrativeExpenses": 16475000,
        "otherExpenses": 120750000,
        "operatingExpenses": 137225000,
        "costAndExpenses": 202909000,
        "interestIncome": 0,
        "interestExpense": 0,
        "depreciationAndAmortization": 72539000,
        "ebitda": 19069000,
        "ebitdaratio": 0.0747906575,
        "operatingIncome": 52056000,
        "operatingIncomeRatio": 0.2041691997,
        "totalOtherIncomeExpensesNet": -52005000,
        "incomeBeforeTax": 51300,
        "incomeBeforeTaxRatio": 0.0002012041,
        "incomeTaxExpense": 51000,
        "netIncome": 51696000,
        "netIncomeRatio": 0.2027572412,
        "eps": 0.3,
        "epsdiluted": 0.3,
        "weightedAverageShsOut": 170792000,
        "weightedAverageShsOutDil": 170792000,
        "link": "https://www.sec.gov/Archives/edgar/data/910612/000091061216000135/0000910612-16-000135-index.htm",
        "finalLink": "https://www.sec.gov/Archives/edgar/data/910612/000091061216000135/cbl-6302016x10q.htm"
    },
    {
        "date": "2016-03-31",
        "symbol": "CBL",
        "reportedCurrency": "USD",
        "cik": "0000910612",
        "fillingDate": "2016-05-10",
        "acceptedDate": "2016-05-10 16:47:10",
        "calendarYear": "2016",
        "period": "Q1",
        "revenue": 263078000,
        "costOfRevenue": 76204000,
        "grossProfit": 186874000,
        "grossProfitRatio": 0.7103368583,
        "researchAndDevelopmentExpenses": 0,
        "generalAndAdministrativeExpenses": 17168000,
        "sellingAndMarketingExpenses": 0,
        "sellingGeneralAndAdministrativeExpenses": 17168000,
        "otherExpenses": 105876000,
        "operatingExpenses": 123044000,
        "costAndExpenses": 199248000,
        "interestIncome": 0,
        "interestExpense": 0,
        "depreciationAndAmortization": 75884000,
        "ebitda": 161106000,
        "ebitdaratio": 0.6123887212,
        "operatingIncome": 63830000,
        "operatingIncomeRatio": 0.2426276618,
        "totalOtherIncomeExpensesNet": -63830000,
        "incomeBeforeTax": 41355000,
        "incomeBeforeTaxRatio": 0.1571967249,
        "incomeTaxExpense": 622000,
        "netIncome": 28851000,
        "netIncomeRatio": 0.1096670949,
        "eps": 0.17,
        "epsdiluted": 0.17,
        "weightedAverageShsOut": 170669000,
        "weightedAverageShsOutDil": 170669000,
        "link": "https://www.sec.gov/Archives/edgar/data/910612/000091061216000118/0000910612-16-000118-index.htm",
        "finalLink": "https://www.sec.gov/Archives/edgar/data/910612/000091061216000118/cbl-3312016x10q.htm"
    },
    {
        "date": "2015-12-31",
        "symbol": "CBL",
        "reportedCurrency": "USD",
        "cik": "0000910612",
        "fillingDate": "2016-02-29",
        "acceptedDate": "2016-02-29 16:54:51",
        "calendarYear": "2015",
        "period": "Q4",
        "revenue": 1055018000,
        "costOfRevenue": 283345000,
        "grossProfit": 771673000,
        "grossProfitRatio": 0.7314311225,
        "researchAndDevelopmentExpenses": 0,
        "generalAndAdministrativeExpenses": 62118000,
        "sellingAndMarketingExpenses": 0,
        "sellingGeneralAndAdministrativeExpenses": 62118000,
        "otherExpenses": 715316000,
        "operatingExpenses": 777434000,
        "costAndExpenses": 1060779000,
        "interestIncome": 0,
        "interestExpense": 0,
        "depreciationAndAmortization": 78132000,
        "ebitda": -35137000,
        "ebitdaratio": -0.033304645,
        "operatingIncome": 277584000,
        "operatingIncomeRatio": 0.2631083072,
        "totalOtherIncomeExpensesNet": -161510000,
        "incomeBeforeTax": -26016000,
        "incomeBeforeTaxRatio": -0.0246592949,
        "incomeTaxExpense": -2941000,
        "netIncome": 119015000,
        "netIncomeRatio": 0.1128085018,
        "eps": 0.71,
        "epsdiluted": 0.7,
        "weightedAverageShsOut": 167394000,
        "weightedAverageShsOutDil": 170495000,
        "link": "https://www.sec.gov/Archives/edgar/data/910612/000091061216000097/0000910612-16-000097-index.htm",
        "finalLink": "https://www.sec.gov/Archives/edgar/data/910612/000091061216000097/cbl-12312015x10k.htm"
    },
    {
        "date": "2015-06-30",
        "symbol": "CBL",
        "reportedCurrency": "USD",
        "cik": "0000910612",
        "fillingDate": "2015-08-10",
        "acceptedDate": "2015-08-10 14:52:20",
        "calendarYear": "2015",
        "period": "Q2",
        "revenue": 253843000,
        "costOfRevenue": 67822000,
        "grossProfit": 186021000,
        "grossProfitRatio": 0.7328191047,
        "researchAndDevelopmentExpenses": 0,
        "generalAndAdministrativeExpenses": 16215000,
        "sellingAndMarketingExpenses": 0,
        "sellingGeneralAndAdministrativeExpenses": 16215000,
        "otherExpenses": 79948000,
        "operatingExpenses": 96163000,
        "costAndExpenses": 163985000,
        "interestIncome": 0,
        "interestExpense": 0,
        "depreciationAndAmortization": 71447000,
        "ebitda": 45631000,
        "ebitdaratio": 0.1797607182,
        "operatingIncome": 89858000,
        "operatingIncomeRatio": 0.3539904587,
        "totalOtherIncomeExpensesNet": -56712000,
        "incomeBeforeTax": 33146000,
        "incomeBeforeTaxRatio": 0.1305767738,
        "incomeTaxExpense": -2472000,
        "netIncome": 35618000,
        "netIncomeRatio": 0.1403150766,
        "eps": 0.21,
        "epsdiluted": 0.21,
        "weightedAverageShsOut": 170494000,
        "weightedAverageShsOutDil": 170494000,
        "link": "https://www.sec.gov/Archives/edgar/data/910612/000091061215000056/0000910612-15-000056-index.htm",
        "finalLink": "https://www.sec.gov/Archives/edgar/data/910612/000091061215000056/cbl-6302015x10q.htm"
    },
    {
        "date": "2015-03-31",
        "symbol": "CBL",
        "reportedCurrency": "USD",
        "cik": "0000910612",
        "fillingDate": "2015-05-11",
        "acceptedDate": "2015-05-11 15:28:01",
        "calendarYear": "2015",
        "period": "Q1",
        "revenue": 260909000,
        "costOfRevenue": 75905000,
        "grossProfit": 185004000,
        "grossProfitRatio": 0.7090748115,
        "researchAndDevelopmentExpenses": 0,
        "generalAndAdministrativeExpenses": 17230000,
        "sellingAndMarketingExpenses": 0,
        "sellingGeneralAndAdministrativeExpenses": 17230000,
        "otherExpenses": 82742000,
        "operatingExpenses": 99972000,
        "costAndExpenses": 175877000,
        "interestIncome": 0,
        "interestExpense": 0,
        "depreciationAndAmortization": 76091000,
        "ebitda": 59138000,
        "ebitdaratio": 0.226661403,
        "operatingIncome": 85032000,
        "operatingIncomeRatio": 0.3259067338,
        "totalOtherIncomeExpensesNet": -43003000,
        "incomeBeforeTax": 42029000,
        "incomeBeforeTaxRatio": 0.1610868157,
        "incomeTaxExpense": 916000,
        "netIncome": 41113000,
        "netIncomeRatio": 0.1575760131,
        "eps": 0.24,
        "epsdiluted": 0.24,
        "weightedAverageShsOut": 170420000,
        "weightedAverageShsOutDil": 170510000,
        "link": "https://www.sec.gov/Archives/edgar/data/910612/000091061215000040/0000910612-15-000040-index.htm",
        "finalLink": "https://www.sec.gov/Archives/edgar/data/910612/000091061215000040/cbl-3312015x10q.htm"
    },
    {
        "date": "2014-12-31",
        "symbol": "CBL",
        "reportedCurrency": "USD",
        "cik": "0000910612",
        "fillingDate": "2015-03-02",
        "acceptedDate": "2015-03-02 16:16:11",
        "calendarYear": "2014",
        "period": "Q4",
        "revenue": 1060739000,
        "costOfRevenue": 293897000,
        "grossProfit": 766842000,
        "grossProfitRatio": 0.7229318428,
        "researchAndDevelopmentExpenses": 0,
        "generalAndAdministrativeExpenses": 50271000,
        "sellingAndMarketingExpenses": 0,
        "sellingGeneralAndAdministrativeExpenses": 50271000,
        "otherExpenses": 635325000,
        "operatingExpenses": 685596000,
        "costAndExpenses": 979493000,
        "interestIncome": 0,
        "interestExpense": 0,
        "depreciationAndAmortization": 78926000,
        "ebitda": 87268000,
        "ebitdaratio": 0.0822709451,
        "operatingIncome": 375143000,
        "operatingIncomeRatio": 0.3536619281,
        "totalOtherIncomeExpensesNet": -126609000,
        "incomeBeforeTax": 87639000,
        "incomeBeforeTaxRatio": 0.0826207012,
        "incomeTaxExpense": -4499000,
        "netIncome": 253033000,
        "netIncomeRatio": 0.2385440716,
        "eps": 1.49,
        "epsdiluted": 1.49,
        "weightedAverageShsOut": 170261000,
        "weightedAverageShsOutDil": 170261000,
        "link": "https://www.sec.gov/Archives/edgar/data/910612/000091061215000015/0000910612-15-000015-index.htm",
        "finalLink": "https://www.sec.gov/Archives/edgar/data/910612/000091061215000015/cbl-12312014x10k.htm"
    },
    {
        "date": "2014-06-30",
        "symbol": "CBL",
        "reportedCurrency": "USD",
        "cik": "0000910612",
        "fillingDate": "2014-08-11",
        "acceptedDate": "2014-08-11 15:06:30",
        "calendarYear": "2014",
        "period": "Q2",
        "revenue": 256933000,
        "costOfRevenue": 70239000,
        "grossProfit": 186694000,
        "grossProfitRatio": 0.7266252291,
        "researchAndDevelopmentExpenses": 0,
        "generalAndAdministrativeExpenses": 11336000,
        "sellingAndMarketingExpenses": 0,
        "sellingGeneralAndAdministrativeExpenses": 11336000,
        "otherExpenses": 78105000,
        "operatingExpenses": 89441000,
        "costAndExpenses": 159680000,
        "interestIncome": 0,
        "interestExpense": 0,
        "depreciationAndAmortization": 70747000,
        "ebitda": 41901000,
        "ebitdaratio": 0.1630814259,
        "operatingIncome": 97253000,
        "operatingIncomeRatio": 0.3785150214,
        "totalOtherIncomeExpensesNet": -66684000,
        "incomeBeforeTax": 44863000,
        "incomeBeforeTaxRatio": 0.1746097232,
        "incomeTaxExpense": -786000,
        "netIncome": 31355000,
        "netIncomeRatio": 0.1220357058,
        "eps": 0.18,
        "epsdiluted": 0.18,
        "weightedAverageShsOut": 170267000,
        "weightedAverageShsOutDil": 170267000,
        "link": "https://www.sec.gov/Archives/edgar/data/910612/000091061214000042/0000910612-14-000042-index.htm",
        "finalLink": "https://www.sec.gov/Archives/edgar/data/910612/000091061214000042/cbl-6302014x10q.htm"
    },
    {
        "date": "2014-03-31",
        "symbol": "CBL",
        "reportedCurrency": "USD",
        "cik": "0000910612",
        "fillingDate": "2014-05-12",
        "acceptedDate": "2014-05-12 13:26:05",
        "calendarYear": "2014",
        "period": "Q1",
        "revenue": 261243000,
        "costOfRevenue": 77523000,
        "grossProfit": 183720000,
        "grossProfitRatio": 0.7032532929,
        "researchAndDevelopmentExpenses": 0,
        "generalAndAdministrativeExpenses": 14773000,
        "sellingAndMarketingExpenses": 0,
        "sellingGeneralAndAdministrativeExpenses": 14773000,
        "otherExpenses": 92778000,
        "operatingExpenses": 107551000,
        "costAndExpenses": 185074000,
        "interestIncome": 0,
        "interestExpense": 0,
        "depreciationAndAmortization": 69212000,
        "ebitda": 59902000,
        "ebitdaratio": 0.229296096,
        "operatingIncome": 76169000,
        "operatingIncomeRatio": 0.2915637931,
        "totalOtherIncomeExpensesNet": -24844000,
        "incomeBeforeTax": 64689000,
        "incomeBeforeTaxRatio": 0.2476200319,
        "incomeTaxExpense": -397000,
        "netIncome": 51722000,
        "netIncomeRatio": 0.1979842522,
        "eps": 0.3,
        "epsdiluted": 0.3,
        "weightedAverageShsOut": 170196000,
        "weightedAverageShsOutDil": 170196000,
        "link": "https://www.sec.gov/Archives/edgar/data/910612/000091061214000032/0000910612-14-000032-index.htm",
        "finalLink": "https://www.sec.gov/Archives/edgar/data/910612/000091061214000032/cbl-3312014x10q.htm"
    },
    {
        "date": "2013-12-31",
        "symbol": "CBL",
        "reportedCurrency": "USD",
        "cik": "0000910612",
        "fillingDate": "2014-03-03",
        "acceptedDate": "2014-03-03 16:36:48",
        "calendarYear": "2013",
        "period": "Q4",
        "revenue": 1053625000,
        "costOfRevenue": 296207000,
        "grossProfit": 757418000,
        "grossProfitRatio": 0.7188686677,
        "researchAndDevelopmentExpenses": 0,
        "generalAndAdministrativeExpenses": 48867000,
        "sellingAndMarketingExpenses": 0,
        "sellingGeneralAndAdministrativeExpenses": 48867000,
        "otherExpenses": 673993000,
        "operatingExpenses": 722860000,
        "costAndExpenses": 1019067000,
        "interestIncome": 0,
        "interestExpense": 0,
        "depreciationAndAmortization": 66270000,
        "ebitda": -56521000,
        "ebitdaratio": -0.0536443232,
        "operatingIncome": 330765000,
        "operatingIncomeRatio": 0.3139304781,
        "totalOtherIncomeExpensesNet": -221700000,
        "incomeBeforeTax": 109065000,
        "incomeBeforeTaxRatio": 0.1035140586,
        "incomeTaxExpense": -1305000,
        "netIncome": 110370000,
        "netIncomeRatio": 0.1047526397,
        "eps": 0.65,
        "epsdiluted": 0.65,
        "weightedAverageShsOut": 169930000,
        "weightedAverageShsOutDil": 169930000,
        "link": "https://www.sec.gov/Archives/edgar/data/910612/000091061214000012/0000910612-14-000012-index.htm",
        "finalLink": "https://www.sec.gov/Archives/edgar/data/910612/000091061214000012/cbl-12312013x10k.htm"
    },
    {
        "date": "2013-09-30",
        "symbol": "CBL",
        "reportedCurrency": "USD",
        "cik": "0000910612",
        "fillingDate": "2013-11-12",
        "acceptedDate": "2013-11-12 16:29:30",
        "calendarYear": "2013",
        "period": "Q3",
        "revenue": 257549000,
        "costOfRevenue": 74369000,
        "grossProfit": 183180000,
        "grossProfitRatio": 0.7112432974,
        "researchAndDevelopmentExpenses": 0,
        "generalAndAdministrativeExpenses": 10160000,
        "sellingAndMarketingExpenses": 0,
        "sellingGeneralAndAdministrativeExpenses": 10160000,
        "otherExpenses": 75312000,
        "operatingExpenses": 85472000,
        "costAndExpenses": 159841000,
        "interestIncome": 0,
        "interestExpense": 0,
        "depreciationAndAmortization": 68941000,
        "ebitda": 39505000,
        "ebitdaratio": 0.1533882873,
        "operatingIncome": 97708000,
        "operatingIncomeRatio": 0.3793763517,
        "totalOtherIncomeExpensesNet": -70803000,
        "incomeBeforeTax": 52504000,
        "incomeBeforeTaxRatio": 0.2038602363,
        "incomeTaxExpense": -271000,
        "netIncome": 27176000,
        "netIncomeRatio": 0.105517785,
        "eps": 0.16,
        "epsdiluted": 0.16,
        "weightedAverageShsOut": 169906000,
        "weightedAverageShsOutDil": 169906000,
        "link": "https://www.sec.gov/Archives/edgar/data/910612/000091061213000070/0000910612-13-000070-index.htm",
        "finalLink": "https://www.sec.gov/Archives/edgar/data/910612/000091061213000070/cbl-9302013x10q.htm"
    },
    {
        "date": "2013-06-30",
        "symbol": "CBL",
        "reportedCurrency": "USD",
        "cik": "0000910612",
        "fillingDate": "2013-08-08",
        "acceptedDate": "2013-08-08 11:19:15",
        "calendarYear": "2013",
        "period": "Q2",
        "revenue": 262437000,
        "costOfRevenue": 70883000,
        "grossProfit": 191554000,
        "grossProfitRatio": 0.7299047009,
        "researchAndDevelopmentExpenses": 0,
        "generalAndAdministrativeExpenses": 12875000,
        "sellingAndMarketingExpenses": 0,
        "sellingGeneralAndAdministrativeExpenses": 12875000,
        "otherExpenses": 99743000,
        "operatingExpenses": 112618000,
        "costAndExpenses": 183501000,
        "interestIncome": 0,
        "interestExpense": 0,
        "depreciationAndAmortization": 70649000,
        "ebitda": 13054000,
        "ebitdaratio": 0.0497414618,
        "operatingIncome": 78936000,
        "operatingIncomeRatio": 0.3007807588,
        "totalOtherIncomeExpensesNet": -79192000,
        "incomeBeforeTax": 17012000,
        "incomeBeforeTaxRatio": 0.0648231766,
        "incomeTaxExpense": -757000,
        "netIncome": 11724000,
        "netIncomeRatio": 0.0446735788,
        "eps": 0.0704,
        "epsdiluted": 0.0704,
        "weightedAverageShsOut": 166607000,
        "weightedAverageShsOutDil": 166607000,
        "link": "https://www.sec.gov/Archives/edgar/data/910612/000091061213000040/0000910612-13-000040-index.htm",
        "finalLink": "https://www.sec.gov/Archives/edgar/data/910612/000091061213000040/cbl-6302013x10q.htm"
    },
    {
        "date": "2013-03-31",
        "symbol": "CBL",
        "reportedCurrency": "USD",
        "cik": "0000910612",
        "fillingDate": "2013-05-10",
        "acceptedDate": "2013-05-10 12:07:26",
        "calendarYear": "2013",
        "period": "Q1",
        "revenue": 265977000,
        "costOfRevenue": 78811000,
        "grossProfit": 187166000,
        "grossProfitRatio": 0.7036924245,
        "researchAndDevelopmentExpenses": 0,
        "generalAndAdministrativeExpenses": 13424000,
        "sellingAndMarketingExpenses": 0,
        "sellingGeneralAndAdministrativeExpenses": 13424000,
        "otherExpenses": 78211000,
        "operatingExpenses": 91635000,
        "costAndExpenses": 170446000,
        "interestIncome": 0,
        "interestExpense": 0,
        "depreciationAndAmortization": 71348000,
        "ebitda": 42040000,
        "ebitdaratio": 0.1580587795,
        "operatingIncome": 95531000,
        "operatingIncomeRatio": 0.3591701538,
        "totalOtherIncomeExpensesNet": -65218000,
        "incomeBeforeTax": 30313000,
        "incomeBeforeTaxRatio": 0.113968501,
        "incomeTaxExpense": 207000,
        "netIncome": 30313000,
        "netIncomeRatio": 0.113968501,
        "eps": 0.19,
        "epsdiluted": 0.19,
        "weightedAverageShsOut": 161540000,
        "weightedAverageShsOutDil": 161540000,
        "link": "https://www.sec.gov/Archives/edgar/data/910612/000091061213000027/0000910612-13-000027-index.htm",
        "finalLink": "https://www.sec.gov/Archives/edgar/data/910612/000091061213000027/cbl-3312013x10q.htm"
    },
    {
        "date": "2012-12-31",
        "symbol": "CBL",
        "reportedCurrency": "USD",
        "cik": "0000910612",
        "fillingDate": "2013-03-01",
        "acceptedDate": "2013-03-01 15:09:46",
        "calendarYear": "2012",
        "period": "Q4",
        "revenue": 1034640000,
        "costOfRevenue": 313286000,
        "grossProfit": 721354000,
        "grossProfitRatio": 0.6972028918,
        "researchAndDevelopmentExpenses": 0,
        "generalAndAdministrativeExpenses": 15287000,
        "sellingAndMarketingExpenses": 35964000,
        "sellingGeneralAndAdministrativeExpenses": 51251000,
        "otherExpenses": 604220000,
        "operatingExpenses": 655471000,
        "costAndExpenses": 968757000,
        "interestIncome": 0,
        "interestExpense": 0,
        "depreciationAndAmortization": 69222000,
        "ebitda": -3610000,
        "ebitdaratio": -0.0034891363,
        "operatingIncome": 118201000,
        "operatingIncomeRatio": 0.1142436016,
        "totalOtherIncomeExpensesNet": -35590000,
        "incomeBeforeTax": 173115000,
        "incomeBeforeTaxRatio": 0.1673190675,
        "incomeTaxExpense": -1404000,
        "netIncome": 174519000,
        "netIncomeRatio": 0.1686760612,
        "eps": 1.09,
        "epsdiluted": 1.08,
        "weightedAverageShsOut": 160841000,
        "weightedAverageShsOutDil": 160881000,
        "link": "https://www.sec.gov/Archives/edgar/data/910612/000091061213000013/0000910612-13-000013-index.htm",
        "finalLink": "https://www.sec.gov/Archives/edgar/data/910612/000091061213000013/cbl-12312012x10k.htm"
    },
    {
        "date": "2012-09-30",
        "symbol": "CBL",
        "reportedCurrency": "USD",
        "cik": "0000910612",
        "fillingDate": "2012-11-09",
        "acceptedDate": "2012-11-09 15:21:44",
        "calendarYear": "2012",
        "period": "Q3",
        "revenue": 259613000,
        "costOfRevenue": 96122000,
        "grossProfit": 163491000,
        "grossProfitRatio": 0.6297488955,
        "researchAndDevelopmentExpenses": 0,
        "generalAndAdministrativeExpenses": 10171000,
        "sellingAndMarketingExpenses": 0,
        "sellingGeneralAndAdministrativeExpenses": 10171000,
        "otherExpenses": 73057000,
        "operatingExpenses": 83228000,
        "costAndExpenses": 179350000,
        "interestIncome": 0,
        "interestExpense": 0,
        "depreciationAndAmortization": 58789000,
        "ebitda": 1038000,
        "ebitdaratio": 0.0039982589,
        "operatingIncome": 80263000,
        "operatingIncomeRatio": 0.3091640249,
        "totalOtherIncomeExpensesNet": -83978000,
        "incomeBeforeTax": -3715000,
        "incomeBeforeTaxRatio": -0.0143097611,
        "incomeTaxExpense": -1195000,
        "netIncome": 8074000,
        "netIncomeRatio": 0.0311001375,
        "eps": 0.0509,
        "epsdiluted": 0.0509,
        "weightedAverageShsOut": 158689000,
        "weightedAverageShsOutDil": 158731000,
        "link": "https://www.sec.gov/Archives/edgar/data/910612/000091061212000069/0000910612-12-000069-index.htm",
        "finalLink": "https://www.sec.gov/Archives/edgar/data/910612/000091061212000069/cbl-9302012x10q.htm"
    },
    {
        "date": "2012-06-30",
        "symbol": "CBL",
        "reportedCurrency": "USD",
        "cik": "0000910612",
        "fillingDate": "2012-08-09",
        "acceptedDate": "2012-08-09 14:51:23",
        "calendarYear": "2012",
        "period": "Q2",
        "revenue": 255598000,
        "costOfRevenue": 73737000,
        "grossProfit": 181861000,
        "grossProfitRatio": 0.7115118272,
        "researchAndDevelopmentExpenses": 0,
        "generalAndAdministrativeExpenses": 11993000,
        "sellingAndMarketingExpenses": 0,
        "sellingGeneralAndAdministrativeExpenses": 11993000,
        "otherExpenses": 74685000,
        "operatingExpenses": 86678000,
        "costAndExpenses": 160415000,
        "interestIncome": 0,
        "interestExpense": 0,
        "depreciationAndAmortization": 67707000,
        "ebitda": 25256000,
        "ebitdaratio": 0.0988114148,
        "operatingIncome": 95183000,
        "operatingIncomeRatio": 0.3723933677,
        "totalOtherIncomeExpensesNet": -76653000,
        "incomeBeforeTax": 29124000,
        "incomeBeforeTaxRatio": 0.1139445536,
        "incomeTaxExpense": -267000,
        "netIncome": 29391000,
        "netIncomeRatio": 0.1149891627,
        "eps": 0.19,
        "epsdiluted": 0.19,
        "weightedAverageShsOut": 150913000,
        "weightedAverageShsOutDil": 150954000,
        "link": "https://www.sec.gov/Archives/edgar/data/910612/000091061212000043/0000910612-12-000043-index.htm",
        "finalLink": "https://www.sec.gov/Archives/edgar/data/910612/000091061212000043/cbl-6302012x10q.htm"
    },
    {
        "date": "2012-03-31",
        "symbol": "CBL",
        "reportedCurrency": "USD",
        "cik": "0000910612",
        "fillingDate": "2012-05-10",
        "acceptedDate": "2012-05-10 15:09:48",
        "calendarYear": "2012",
        "period": "Q1",
        "revenue": 250672000,
        "costOfRevenue": 74363000,
        "grossProfit": 176309000,
        "grossProfitRatio": 0.7033454075,
        "researchAndDevelopmentExpenses": 0,
        "generalAndAdministrativeExpenses": 13800000,
        "sellingAndMarketingExpenses": 0,
        "sellingGeneralAndAdministrativeExpenses": 13800000,
        "otherExpenses": 69915000,
        "operatingExpenses": 83715000,
        "costAndExpenses": 158078000,
        "interestIncome": 0,
        "interestExpense": 0,
        "depreciationAndAmortization": 63545000,
        "ebitda": 0,
        "ebitdaratio": 0,
        "operatingIncome": 92594000,
        "operatingIncomeRatio": 0.3693830982,
        "totalOtherIncomeExpensesNet": -66545000,
        "incomeBeforeTax": 26049000,
        "incomeBeforeTaxRatio": 0.103916672,
        "incomeTaxExpense": 0,
        "netIncome": 26049000,
        "netIncomeRatio": 0.103916672,
        "eps": 0.18,
        "epsdiluted": 0.18,
        "weightedAverageShsOut": 148495000,
        "weightedAverageShsOutDil": 148538000,
        "link": "https://www.sec.gov/Archives/edgar/data/910612/000091061212000022/0000910612-12-000022-index.htm",
        "finalLink": "https://www.sec.gov/Archives/edgar/data/910612/000091061212000022/cbl-3312012x10q.htm"
    },
    {
        "date": "2011-12-31",
        "symbol": "CBL",
        "reportedCurrency": "USD",
        "cik": "0000910612",
        "fillingDate": "2012-02-29",
        "acceptedDate": "2012-02-29 16:55:06",
        "calendarYear": "2011",
        "period": "Q4",
        "revenue": 266093000,
        "costOfRevenue": 38318000,
        "grossProfit": 227775000,
        "grossProfitRatio": 0.8559977151,
        "researchAndDevelopmentExpenses": 0,
        "generalAndAdministrativeExpenses": 44751000,
        "sellingAndMarketingExpenses": 61345000,
        "sellingGeneralAndAdministrativeExpenses": 86064000,
        "otherExpenses": 664922000,
        "operatingExpenses": 709673000,
        "costAndExpenses": 124382000,
        "interestIncome": 0,
        "interestExpense": 61563000,
        "depreciationAndAmortization": 65061000,
        "ebitda": 422525000,
        "ebitdaratio": 1.5878846869,
        "operatingIncome": 146031000,
        "operatingIncomeRatio": 0.5487968492,
        "totalOtherIncomeExpensesNet": -172673000,
        "incomeBeforeTax": 110207000,
        "incomeBeforeTaxRatio": 0.4141672272,
        "incomeTaxExpense": 1501000,
        "netIncome": 108706000,
        "netIncomeRatio": 0.4085263423,
        "eps": 0.73,
        "epsdiluted": 0.73,
        "weightedAverageShsOut": 148364000,
        "weightedAverageShsOutDil": 148406000,
        "link": "https://www.sec.gov/Archives/edgar/data/910612/000091061212000008/0000910612-12-000008-index.htm",
        "finalLink": "https://www.sec.gov/Archives/edgar/data/910612/000091061212000008/cbl-12312011x10k.htm"
    },
    {
        "date": "2011-09-30",
        "symbol": "CBL",
        "reportedCurrency": "USD",
        "cik": "0000910612",
        "fillingDate": "2011-11-09",
        "acceptedDate": "2011-11-09 15:28:59",
        "calendarYear": "2011",
        "period": "Q3",
        "revenue": 270011000,
        "costOfRevenue": 128482000,
        "grossProfit": 141529000,
        "grossProfitRatio": 0.5241601268,
        "researchAndDevelopmentExpenses": 0,
        "generalAndAdministrativeExpenses": 10092000,
        "sellingAndMarketingExpenses": 0,
        "sellingGeneralAndAdministrativeExpenses": 10092000,
        "otherExpenses": 78850000,
        "operatingExpenses": 88942000,
        "costAndExpenses": 217424000,
        "interestIncome": 0,
        "interestExpense": 0,
        "depreciationAndAmortization": 70752000,
        "ebitda": -31864000,
        "ebitdaratio": -0.118010007,
        "operatingIncome": 52587000,
        "operatingIncomeRatio": 0.1947587321,
        "totalOtherIncomeExpensesNet": -73966000,
        "incomeBeforeTax": -21379000,
        "incomeBeforeTaxRatio": -0.0791782557,
        "incomeTaxExpense": -4653000,
        "netIncome": -16726000,
        "netIncomeRatio": -0.0619456244,
        "eps": -0.11,
        "epsdiluted": -0.11,
        "weightedAverageShsOut": 148363000,
        "weightedAverageShsOutDil": 148405000,
        "link": "https://www.sec.gov/Archives/edgar/data/910612/000091061211000059/0000910612-11-000059-index.htm",
        "finalLink": "https://www.sec.gov/Archives/edgar/data/910612/000091061211000059/cbl-9302011x10q.htm"
    },
    {
        "date": "2011-06-30",
        "symbol": "CBL",
        "reportedCurrency": "USD",
        "cik": "0000910612",
        "fillingDate": "2011-08-09",
        "acceptedDate": "2011-08-09 17:17:19",
        "calendarYear": "2011",
        "period": "Q2",
        "revenue": 263086000,
        "costOfRevenue": 79979000,
        "grossProfit": 183107000,
        "grossProfitRatio": 0.6959967463,
        "researchAndDevelopmentExpenses": 0,
        "generalAndAdministrativeExpenses": 11241000,
        "sellingAndMarketingExpenses": 0,
        "sellingGeneralAndAdministrativeExpenses": 11241000,
        "otherExpenses": 79157000,
        "operatingExpenses": 90398000,
        "costAndExpenses": 170377000,
        "interestIncome": 0,
        "interestExpense": 0,
        "depreciationAndAmortization": 71837000,
        "ebitda": 21572000,
        "ebitdaratio": 0.0819960013,
        "operatingIncome": 92709000,
        "operatingIncomeRatio": 0.3523904731,
        "totalOtherIncomeExpensesNet": -72333000,
        "incomeBeforeTax": 20376000,
        "incomeBeforeTaxRatio": 0.0774499593,
        "incomeTaxExpense": 0,
        "netIncome": 20376000,
        "netIncomeRatio": 0.0774499593,
        "eps": 0.14,
        "epsdiluted": 0.14,
        "weightedAverageShsOut": 148356000,
        "weightedAverageShsOutDil": 148398000,
        "link": "https://www.sec.gov/Archives/edgar/data/910612/000091061211000040/0000910612-11-000040-index.htm",
        "finalLink": "https://www.sec.gov/Archives/edgar/data/910612/000091061211000040/form10q.htm"
    },
    {
        "date": "2011-03-31",
        "symbol": "CBL",
        "reportedCurrency": "USD",
        "cik": "0000910612",
        "fillingDate": "2011-05-10",
        "acceptedDate": "2011-05-10 16:49:06",
        "calendarYear": "2011",
        "period": "Q1",
        "revenue": 268150000,
        "costOfRevenue": 81317000,
        "grossProfit": 186833000,
        "grossProfitRatio": 0.6967480888,
        "researchAndDevelopmentExpenses": 0,
        "generalAndAdministrativeExpenses": 11800000,
        "sellingAndMarketingExpenses": 0,
        "sellingGeneralAndAdministrativeExpenses": 11800000,
        "otherExpenses": 0,
        "operatingExpenses": 11800000,
        "costAndExpenses": 93117000,
        "interestIncome": 0,
        "interestExpense": 0,
        "depreciationAndAmortization": 67814000,
        "ebitda": 0,
        "ebitdaratio": 0,
        "operatingIncome": 99558000,
        "operatingIncomeRatio": 0.3712772702,
        "totalOtherIncomeExpensesNet": -52239000,
        "incomeBeforeTax": 47319000,
        "incomeBeforeTaxRatio": 0.1764646653,
        "incomeTaxExpense": 167000,
        "netIncome": 47319000,
        "netIncomeRatio": 0.1764646653,
        "eps": 0.32,
        "epsdiluted": 0.32,
        "weightedAverageShsOut": 148069000,
        "weightedAverageShsOutDil": 148123000,
        "link": "https://www.sec.gov/Archives/edgar/data/910612/000091061211000033/0000910612-11-000033-index.htm",
        "finalLink": "https://www.sec.gov/Archives/edgar/data/910612/000091061211000033/form10q.htm"
    },
    {
        "date": "2010-12-31",
        "symbol": "CBL",
        "reportedCurrency": "USD",
        "cik": "0000910612",
        "fillingDate": "2011-03-01",
        "acceptedDate": "2011-03-01 17:12:56",
        "calendarYear": "2010",
        "period": "Q4",
        "revenue": 1071804000,
        "costOfRevenue": 345931000,
        "grossProfit": 725873000,
        "grossProfitRatio": 0.6772441603,
        "researchAndDevelopmentExpenses": 0,
        "generalAndAdministrativeExpenses": 43383000,
        "sellingAndMarketingExpenses": 0,
        "sellingGeneralAndAdministrativeExpenses": 43383000,
        "otherExpenses": 657919000,
        "operatingExpenses": 701302000,
        "costAndExpenses": 1047233000,
        "interestIncome": 0,
        "interestExpense": 0,
        "depreciationAndAmortization": 286465000,
        "ebitda": 104473000,
        "ebitdaratio": 0.0974739785,
        "operatingIncome": 370502000,
        "operatingIncomeRatio": 0.3456807401,
        "totalOtherIncomeExpensesNet": -265915000,
        "incomeBeforeTax": 104587000,
        "incomeBeforeTaxRatio": 0.0975803412,
        "incomeTaxExpense": 6417000,
        "netIncome": 98170000,
        "netIncomeRatio": 0.0915932391,
        "eps": 0.7,
        "epsdiluted": 0.7,
        "weightedAverageShsOut": 139389000,
        "weightedAverageShsOutDil": 139427000,
        "link": "https://www.sec.gov/Archives/edgar/data/910612/000091061211000009/0000910612-11-000009-index.htm",
        "finalLink": "https://www.sec.gov/Archives/edgar/data/910612/000091061211000009/form10k.htm"
    },
    {
        "date": "2010-09-30",
        "symbol": "CBL",
        "reportedCurrency": "USD",
        "cik": "0000910612",
        "fillingDate": "2010-11-09",
        "acceptedDate": "2010-11-09 16:42:51",
        "calendarYear": "2010",
        "period": "Q3",
        "revenue": 265831000,
        "costOfRevenue": 77711000,
        "grossProfit": 188120000,
        "grossProfitRatio": 0.7076676535,
        "researchAndDevelopmentExpenses": 0,
        "generalAndAdministrativeExpenses": 10495000,
        "sellingAndMarketingExpenses": 0,
        "sellingGeneralAndAdministrativeExpenses": 10495000,
        "otherExpenses": 0,
        "operatingExpenses": 10495000,
        "costAndExpenses": 88206000,
        "interestIncome": 0,
        "interestExpense": 0,
        "depreciationAndAmortization": 73333000,
        "ebitda": 19219000,
        "ebitdaratio": 0.0722978133,
        "operatingIncome": 98532000,
        "operatingIncomeRatio": 0.3706565449,
        "totalOtherIncomeExpensesNet": -88952000,
        "incomeBeforeTax": 17939000,
        "incomeBeforeTaxRatio": 0.067482724,
        "incomeTaxExpense": 0,
        "netIncome": 17939000,
        "netIncomeRatio": 0.067482724,
        "eps": 0.13,
        "epsdiluted": 0.13,
        "weightedAverageShsOut": 138075000,
        "weightedAverageShsOutDil": 138121000,
        "link": "https://www.sec.gov/Archives/edgar/data/910612/000091061210000030/0000910612-10-000030-index.htm",
        "finalLink": "https://www.sec.gov/Archives/edgar/data/910612/000091061210000030/form10q.htm"
    },
    {
        "date": "2010-06-30",
        "symbol": "CBL",
        "reportedCurrency": "USD",
        "cik": "0000910612",
        "fillingDate": "2010-08-09",
        "acceptedDate": "2010-08-09 17:15:54",
        "calendarYear": "2010",
        "period": "Q2",
        "revenue": 0,
        "costOfRevenue": 0,
        "grossProfit": 0,
        "grossProfitRatio": 0,
        "researchAndDevelopmentExpenses": 0,
        "generalAndAdministrativeExpenses": 0,
        "sellingAndMarketingExpenses": 0,
        "sellingGeneralAndAdministrativeExpenses": 0,
        "otherExpenses": 0,
        "operatingExpenses": 0,
        "costAndExpenses": 0,
        "interestIncome": 0,
        "interestExpense": 0,
        "depreciationAndAmortization": 0,
        "ebitda": 0,
        "ebitdaratio": 0,
        "operatingIncome": 0,
        "operatingIncomeRatio": 0,
        "totalOtherIncomeExpensesNet": 0,
        "incomeBeforeTax": 0,
        "incomeBeforeTaxRatio": 0,
        "incomeTaxExpense": 0,
        "netIncome": 0,
        "netIncomeRatio": 0,
        "eps": -0.05,
        "epsdiluted": -0.05,
        "weightedAverageShsOut": 138068000,
        "weightedAverageShsOutDil": 138112000,
        "link": "https://www.sec.gov/Archives/edgar/data/910612/000091061210000016/0000910612-10-000016-index.htm",
        "finalLink": "https://www.sec.gov/Archives/edgar/data/910612/000091061210000016/form10q.htm"
    },
    {
        "date": "2010-03-31",
        "symbol": "CBL",
        "reportedCurrency": "USD",
        "cik": "0000910612",
        "fillingDate": "2010-03-31",
        "acceptedDate": "2010-03-31 00:00:00",
        "calendarYear": "2010",
        "period": "Q1",
        "revenue": 0,
        "costOfRevenue": 0,
        "grossProfit": 0,
        "grossProfitRatio": 0,
        "researchAndDevelopmentExpenses": 0,
        "generalAndAdministrativeExpenses": 0,
        "sellingAndMarketingExpenses": 0,
        "sellingGeneralAndAdministrativeExpenses": 0,
        "otherExpenses": 0,
        "operatingExpenses": 0,
        "costAndExpenses": 0,
        "interestIncome": 0,
        "interestExpense": 0,
        "depreciationAndAmortization": 0,
        "ebitda": 0,
        "ebitdaratio": 0,
        "operatingIncome": 0,
        "operatingIncomeRatio": 0,
        "totalOtherIncomeExpensesNet": 0,
        "incomeBeforeTax": 0,
        "incomeBeforeTaxRatio": 0,
        "incomeTaxExpense": 0,
        "netIncome": 0,
        "netIncomeRatio": 0,
        "eps": 0.08,
        "epsdiluted": 0.08,
        "weightedAverageShsOut": 137967000,
        "weightedAverageShsOutDil": 138006000,
        "link": null,
        "finalLink": null
    },
    {
        "date": "2009-12-31",
        "symbol": "CBL",
        "reportedCurrency": "USD",
        "cik": "0000910612",
        "fillingDate": "2010-02-22",
        "acceptedDate": "2010-02-22 17:28:33",
        "calendarYear": "2009",
        "period": "Q4",
        "revenue": 289137000,
        "costOfRevenue": 39068000,
        "grossProfit": 250069000,
        "grossProfitRatio": 0.8648806621,
        "researchAndDevelopmentExpenses": 0,
        "generalAndAdministrativeExpenses": 41010000,
        "sellingAndMarketingExpenses": 0,
        "sellingGeneralAndAdministrativeExpenses": 41010000,
        "otherExpenses": 0,
        "operatingExpenses": 138434000,
        "costAndExpenses": 177502000,
        "interestIncome": 0,
        "interestExpense": 78204000,
        "depreciationAndAmortization": 80708000,
        "ebitda": -222618000,
        "ebitdaratio": -0.7699395096,
        "operatingIncome": 25249000,
        "operatingIncomeRatio": 0.0873253855,
        "totalOtherIncomeExpensesNet": -286843000,
        "incomeBeforeTax": -75447000,
        "incomeBeforeTaxRatio": -0.2609385862,
        "incomeTaxExpense": -619000,
        "netIncome": -74828000,
        "netIncomeRatio": -0.2587977326,
        "eps": -0.54,
        "epsdiluted": -0.54,
        "weightedAverageShsOut": 138226000,
        "weightedAverageShsOutDil": 138226000,
        "link": "https://www.sec.gov/Archives/edgar/data/910612/000091061210000005/0000910612-10-000005-index.htm",
        "finalLink": "https://www.sec.gov/Archives/edgar/data/910612/000091061210000005/form10-k.htm"
    },
    {
        "date": "2009-09-30",
        "symbol": "CBL",
        "reportedCurrency": "USD",
        "cik": "0000910612",
        "fillingDate": "2009-11-09",
        "acceptedDate": "2009-11-09 17:23:54",
        "calendarYear": "2009",
        "period": "Q3",
        "revenue": 262768000,
        "costOfRevenue": 80945000,
        "grossProfit": 181823000,
        "grossProfitRatio": 0.691952597,
        "researchAndDevelopmentExpenses": 0,
        "generalAndAdministrativeExpenses": 8808000,
        "sellingAndMarketingExpenses": 0,
        "sellingGeneralAndAdministrativeExpenses": 8808000,
        "otherExpenses": 0,
        "operatingExpenses": 8808000,
        "costAndExpenses": 89753000,
        "interestIncome": 0,
        "interestExpense": 0,
        "depreciationAndAmortization": 73871000,
        "ebitda": 18088000,
        "ebitdaratio": 0.068836388,
        "operatingIncome": 95575000,
        "operatingIncomeRatio": 0.3637238933,
        "totalOtherIncomeExpensesNet": -155068000,
        "incomeBeforeTax": 17947000,
        "incomeBeforeTaxRatio": 0.068299793,
        "incomeTaxExpense": 1358000,
        "netIncome": 16589000,
        "netIncomeRatio": 0.063131736,
        "eps": 0.12,
        "epsdiluted": 0.12,
        "weightedAverageShsOut": 137860000,
        "weightedAverageShsOutDil": 137899000,
        "link": "https://www.sec.gov/Archives/edgar/data/910612/000091061209000043/0000910612-09-000043-index.htm",
        "finalLink": "https://www.sec.gov/Archives/edgar/data/910612/000091061209000043/form10q.htm"
    },
    {
        "date": "2009-06-30",
        "symbol": "CBL",
        "reportedCurrency": "USD",
        "cik": "0000910612",
        "fillingDate": "2009-08-10",
        "acceptedDate": "2009-08-10 17:17:32",
        "calendarYear": "2009",
        "period": "Q2",
        "revenue": 266524000,
        "costOfRevenue": 77292000,
        "grossProfit": 189232000,
        "grossProfitRatio": 0.7099998499,
        "researchAndDevelopmentExpenses": 0,
        "generalAndAdministrativeExpenses": 10893000,
        "sellingAndMarketingExpenses": 0,
        "sellingGeneralAndAdministrativeExpenses": 10893000,
        "otherExpenses": 0,
        "operatingExpenses": 10893000,
        "costAndExpenses": 88185000,
        "interestIncome": 0,
        "interestExpense": 0,
        "depreciationAndAmortization": 77894000,
        "ebitda": 16390000,
        "ebitdaratio": 0.0614954,
        "operatingIncome": 96704000,
        "operatingIncomeRatio": 0.3628341163,
        "totalOtherIncomeExpensesNet": -164900000,
        "incomeBeforeTax": 13439000,
        "incomeBeforeTaxRatio": 0.0504232264,
        "incomeTaxExpense": -152000,
        "netIncome": 13591000,
        "netIncomeRatio": 0.0509935315,
        "eps": 0.17,
        "epsdiluted": 0.17,
        "weightedAverageShsOut": 82187000,
        "weightedAverageShsOutDil": 82226000,
        "link": "https://www.sec.gov/Archives/edgar/data/910612/000091061209000031/0000910612-09-000031-index.htm",
        "finalLink": "https://www.sec.gov/Archives/edgar/data/910612/000091061209000031/form10q.htm"
    },
    {
        "date": "2009-03-31",
        "symbol": "CBL",
        "reportedCurrency": "USD",
        "cik": "0000910612",
        "fillingDate": "2009-05-11",
        "acceptedDate": "2009-05-11 17:19:24",
        "calendarYear": "2009",
        "period": "Q1",
        "revenue": 271060000,
        "costOfRevenue": 84026000,
        "grossProfit": 187034000,
        "grossProfitRatio": 0.690009592,
        "researchAndDevelopmentExpenses": 0,
        "generalAndAdministrativeExpenses": 11479000,
        "sellingAndMarketingExpenses": 0,
        "sellingGeneralAndAdministrativeExpenses": 11479000,
        "otherExpenses": 0,
        "operatingExpenses": 11479000,
        "costAndExpenses": 95505000,
        "interestIncome": 0,
        "interestExpense": 0,
        "depreciationAndAmortization": 80641000,
        "ebitda": 12990000,
        "ebitdaratio": 0.0479229691,
        "operatingIncome": 91948000,
        "operatingIncomeRatio": 0.3392164097,
        "totalOtherIncomeExpensesNet": -168991000,
        "incomeBeforeTax": 6564000,
        "incomeBeforeTaxRatio": 0.0242160407,
        "incomeTaxExpense": -603000,
        "netIncome": 7167000,
        "netIncomeRatio": 0.0264406404,
        "eps": 0.11,
        "epsdiluted": 0.11,
        "weightedAverageShsOut": 66407000,
        "weightedAverageShsOutDil": 66439000,
        "link": "https://www.sec.gov/Archives/edgar/data/910612/000091061209000017/0000910612-09-000017-index.htm",
        "finalLink": "https://www.sec.gov/Archives/edgar/data/910612/000091061209000017/form10q.htm"
    },
    {
        "date": "2008-12-31",
        "symbol": "CBL",
        "reportedCurrency": "USD",
        "cik": "0000910612",
        "fillingDate": "2009-03-02",
        "acceptedDate": "2009-03-02 17:21:31",
        "calendarYear": "2008",
        "period": "Q4",
        "revenue": 308114000,
        "costOfRevenue": 50232000,
        "grossProfit": 257882000,
        "grossProfitRatio": 0.8369694334,
        "researchAndDevelopmentExpenses": 0,
        "generalAndAdministrativeExpenses": 11973000,
        "sellingAndMarketingExpenses": 160791000,
        "sellingGeneralAndAdministrativeExpenses": 172764000,
        "otherExpenses": 0,
        "operatingExpenses": 172764000,
        "costAndExpenses": 222996000,
        "interestIncome": 0,
        "interestExpense": 79473000,
        "depreciationAndAmortization": 94072000,
        "ebitda": 184113000,
        "ebitdaratio": 0.59754831,
        "operatingIncome": 75611000,
        "operatingIncomeRatio": 0.2453994301,
        "totalOtherIncomeExpensesNet": -84442000,
        "incomeBeforeTax": 676000,
        "incomeBeforeTaxRatio": 0.0021939931,
        "incomeTaxExpense": 738000,
        "netIncome": -62000,
        "netIncomeRatio": -0.0002012242,
        "eps": -0.0012,
        "epsdiluted": -0.0012,
        "weightedAverageShsOut": 52120000,
        "weightedAverageShsOutDil": 52120000,
        "link": "https://www.sec.gov/Archives/edgar/data/910612/000091061209000006/0000910612-09-000006-index.htm",
        "finalLink": "https://www.sec.gov/Archives/edgar/data/910612/000091061209000006/form10k.htm"
    },
    {
        "date": "2008-09-30",
        "symbol": "CBL",
        "reportedCurrency": "USD",
        "cik": "0000910612",
        "fillingDate": "2008-11-10",
        "acceptedDate": "2008-11-10 17:16:00",
        "calendarYear": "2008",
        "period": "Q3",
        "revenue": 282480000,
        "costOfRevenue": 91479000,
        "grossProfit": 191001000,
        "grossProfitRatio": 0.6761576041,
        "researchAndDevelopmentExpenses": 0,
        "generalAndAdministrativeExpenses": 9623000,
        "sellingAndMarketingExpenses": 0,
        "sellingGeneralAndAdministrativeExpenses": 9623000,
        "otherExpenses": 0,
        "operatingExpenses": 9623000,
        "costAndExpenses": 101102000,
        "interestIncome": 0,
        "interestExpense": 0,
        "depreciationAndAmortization": 84570000,
        "ebitda": 5782000,
        "ebitdaratio": 0.0204687057,
        "operatingIncome": 99040000,
        "operatingIncomeRatio": 0.3506088927,
        "totalOtherIncomeExpensesNet": -98162000,
        "incomeBeforeTax": 878000,
        "incomeBeforeTaxRatio": 0.0031081847,
        "incomeTaxExpense": -8562000,
        "netIncome": 9440000,
        "netIncomeRatio": 0.0334182951,
        "eps": 0.14,
        "epsdiluted": 0.14,
        "weightedAverageShsOut": 66047000,
        "weightedAverageShsOutDil": 66209000,
        "link": "https://www.sec.gov/Archives/edgar/data/910612/000091061208000119/0000910612-08-000119-index.htm",
        "finalLink": "https://www.sec.gov/Archives/edgar/data/910612/000091061208000119/form10-q.htm"
    },
    {
        "date": "2008-06-30",
        "symbol": "CBL",
        "reportedCurrency": "USD",
        "cik": "0000910612",
        "fillingDate": "2008-08-11",
        "acceptedDate": "2008-08-08 17:56:20",
        "calendarYear": "2008",
        "period": "Q2",
        "revenue": 269527000,
        "costOfRevenue": 86596000,
        "grossProfit": 182931000,
        "grossProfitRatio": 0.6787112237,
        "researchAndDevelopmentExpenses": 0,
        "generalAndAdministrativeExpenses": 11114000,
        "sellingAndMarketingExpenses": 0,
        "sellingGeneralAndAdministrativeExpenses": 11114000,
        "otherExpenses": 0,
        "operatingExpenses": 11114000,
        "costAndExpenses": 97710000,
        "interestIncome": 0,
        "interestExpense": 0,
        "depreciationAndAmortization": 75472000,
        "ebitda": 7892000,
        "ebitdaratio": 0.0292809255,
        "operatingIncome": 96485000,
        "operatingIncomeRatio": 0.357978978,
        "totalOtherIncomeExpensesNet": -160534000,
        "incomeBeforeTax": 11283000,
        "incomeBeforeTaxRatio": 0.0418622253,
        "incomeTaxExpense": -3838000,
        "netIncome": 15121000,
        "netIncomeRatio": 0.0561019861,
        "eps": 0.21,
        "epsdiluted": 0.21,
        "weightedAverageShsOut": 71062000,
        "weightedAverageShsOutDil": 71250000,
        "link": "https://www.sec.gov/Archives/edgar/data/910612/000091061208000114/0000910612-08-000114-index.htm",
        "finalLink": "https://www.sec.gov/Archives/edgar/data/910612/000091061208000114/form_10qjun08.htm"
    },
    {
        "date": "2008-03-31",
        "symbol": "CBL",
        "reportedCurrency": "USD",
        "cik": "0000910612",
        "fillingDate": "2008-05-09",
        "acceptedDate": "2008-05-08 19:59:09",
        "calendarYear": "2008",
        "period": "Q1",
        "revenue": 278279000,
        "costOfRevenue": 92673000,
        "grossProfit": 185606000,
        "grossProfitRatio": 0.6669781047,
        "researchAndDevelopmentExpenses": 0,
        "generalAndAdministrativeExpenses": 12531000,
        "sellingAndMarketingExpenses": 0,
        "sellingGeneralAndAdministrativeExpenses": 12531000,
        "otherExpenses": 0,
        "operatingExpenses": 12531000,
        "costAndExpenses": 105204000,
        "interestIncome": 0,
        "interestExpense": 0,
        "depreciationAndAmortization": 77976000,
        "ebitda": 4661000,
        "ebitdaratio": 0.0167493774,
        "operatingIncome": 95536000,
        "operatingIncomeRatio": 0.3433101312,
        "totalOtherIncomeExpensesNet": -161806000,
        "incomeBeforeTax": 11269000,
        "incomeBeforeTaxRatio": 0.0404953302,
        "incomeTaxExpense": -357000,
        "netIncome": 11626000,
        "netIncomeRatio": 0.0417782154,
        "eps": 0.16,
        "epsdiluted": 0.16,
        "weightedAverageShsOut": 65897000,
        "weightedAverageShsOutDil": 66109000,
        "link": "https://www.sec.gov/Archives/edgar/data/910612/000091061208000077/0000910612-08-000077-index.htm",
        "finalLink": "https://www.sec.gov/Archives/edgar/data/910612/000091061208000077/form10qfinalct.htm"
    },
    {
        "date": "2007-12-31",
        "symbol": "CBL",
        "reportedCurrency": "USD",
        "cik": "0000910612",
        "fillingDate": "2008-02-29",
        "acceptedDate": "2008-02-29 17:10:50",
        "calendarYear": "2007",
        "period": "Q4",
        "revenue": 293740000,
        "costOfRevenue": 331013000,
        "grossProfit": -37273000,
        "grossProfitRatio": -0.1268911282,
        "researchAndDevelopmentExpenses": 0,
        "generalAndAdministrativeExpenses": 8780000,
        "sellingAndMarketingExpenses": 140255000,
        "sellingGeneralAndAdministrativeExpenses": 149035000,
        "otherExpenses": 0,
        "operatingExpenses": 149035000,
        "costAndExpenses": 149035000,
        "interestIncome": 0,
        "interestExpense": 0,
        "depreciationAndAmortization": 61399000,
        "ebitda": -145728000,
        "ebitdaratio": -0.4961122081,
        "operatingIncome": 22903000,
        "operatingIncomeRatio": 0.0779703139,
        "totalOtherIncomeExpensesNet": 13780000,
        "incomeBeforeTax": 36683000,
        "incomeBeforeTaxRatio": 0.1248825492,
        "incomeTaxExpense": 4030000,
        "netIncome": 32653000,
        "netIncomeRatio": 0.1111629332,
        "eps": 0.5,
        "epsdiluted": 0.5,
        "weightedAverageShsOut": 65593000,
        "weightedAverageShsOutDil": 65952000,
        "link": "https://www.sec.gov/Archives/edgar/data/910612/000091061208000052/0000910612-08-000052-index.htm",
        "finalLink": "https://www.sec.gov/Archives/edgar/data/910612/000091061208000052/form10kfinal.htm"
    },
    {
        "date": "2007-09-30",
        "symbol": "CBL",
        "reportedCurrency": "USD",
        "cik": "0000910612",
        "fillingDate": "2007-11-09",
        "acceptedDate": "2007-11-09 16:46:38",
        "calendarYear": "2007",
        "period": "Q3",
        "revenue": 251222000,
        "costOfRevenue": 83488000,
        "grossProfit": 167734000,
        "grossProfitRatio": 0.6676724172,
        "researchAndDevelopmentExpenses": 0,
        "generalAndAdministrativeExpenses": 8305000,
        "sellingAndMarketingExpenses": 0,
        "sellingGeneralAndAdministrativeExpenses": 8305000,
        "otherExpenses": 0,
        "operatingExpenses": 8305000,
        "costAndExpenses": 91793000,
        "interestIncome": 0,
        "interestExpense": 0,
        "depreciationAndAmortization": 60514000,
        "ebitda": 6038000,
        "ebitdaratio": 0.0240345193,
        "operatingIncome": 101226000,
        "operatingIncomeRatio": 0.4029344564,
        "totalOtherIncomeExpensesNet": -139495000,
        "incomeBeforeTax": 19934000,
        "incomeBeforeTaxRatio": 0.0793481463,
        "incomeTaxExpense": -2609000,
        "netIncome": 22543000,
        "netIncomeRatio": 0.0897333832,
        "eps": 0.34,
        "epsdiluted": 0.34,
        "weightedAverageShsOut": 65343000,
        "weightedAverageShsOutDil": 65876000,
        "link": "https://www.sec.gov/Archives/edgar/data/910612/000091061207000185/0000910612-07-000185-index.htm",
        "finalLink": "https://www.sec.gov/Archives/edgar/data/910612/000091061207000185/form10q.htm"
    },
    {
        "date": "2007-06-30",
        "symbol": "CBL",
        "reportedCurrency": "USD",
        "cik": "0000910612",
        "fillingDate": "2007-08-09",
        "acceptedDate": "2007-08-09 17:18:24",
        "calendarYear": "2007",
        "period": "Q2",
        "revenue": 246480000,
        "costOfRevenue": 75423000,
        "grossProfit": 171057000,
        "grossProfitRatio": 0.6939995131,
        "researchAndDevelopmentExpenses": 0,
        "generalAndAdministrativeExpenses": 10570000,
        "sellingAndMarketingExpenses": 0,
        "sellingGeneralAndAdministrativeExpenses": 10570000,
        "otherExpenses": 0,
        "operatingExpenses": 10570000,
        "costAndExpenses": 85993000,
        "interestIncome": 0,
        "interestExpense": 0,
        "depreciationAndAmortization": 63227000,
        "ebitda": 13456000,
        "ebitdaratio": 0.0545926647,
        "operatingIncome": 97853000,
        "operatingIncomeRatio": 0.3970017851,
        "totalOtherIncomeExpensesNet": -138747000,
        "incomeBeforeTax": 21740000,
        "incomeBeforeTaxRatio": 0.0882018825,
        "incomeTaxExpense": -948000,
        "netIncome": 22688000,
        "netIncomeRatio": 0.0920480364,
        "eps": 0.35,
        "epsdiluted": 0.34,
        "weightedAverageShsOut": 65246000,
        "weightedAverageShsOutDil": 65992000,
        "link": "https://www.sec.gov/Archives/edgar/data/910612/000091061207000139/0000910612-07-000139-index.htm",
        "finalLink": "https://www.sec.gov/Archives/edgar/data/910612/000091061207000139/form10qfinal.htm"
    },
    {
        "date": "2007-03-31",
        "symbol": "CBL",
        "reportedCurrency": "USD",
        "cik": "0000910612",
        "fillingDate": "2007-05-10",
        "acceptedDate": "2007-05-10 17:25:25",
        "calendarYear": "2007",
        "period": "Q1",
        "revenue": 250541000,
        "costOfRevenue": 83225000,
        "grossProfit": 167316000,
        "grossProfitRatio": 0.66781884,
        "researchAndDevelopmentExpenses": 0,
        "generalAndAdministrativeExpenses": 10197000,
        "sellingAndMarketingExpenses": 0,
        "sellingGeneralAndAdministrativeExpenses": 10197000,
        "otherExpenses": 0,
        "operatingExpenses": 10197000,
        "costAndExpenses": 93422000,
        "interestIncome": 0,
        "interestExpense": 0,
        "depreciationAndAmortization": 58650000,
        "ebitda": 15181000,
        "ebitdaratio": 0.060592877,
        "operatingIncome": 99942000,
        "operatingIncomeRatio": 0.3989047701,
        "totalOtherIncomeExpensesNet": -132879000,
        "incomeBeforeTax": 24240000,
        "incomeBeforeTaxRatio": 0.0967506316,
        "incomeTaxExpense": -803000,
        "netIncome": 25043000,
        "netIncomeRatio": 0.0999556959,
        "eps": 0.38,
        "epsdiluted": 0.38,
        "weightedAverageShsOut": 65109000,
        "weightedAverageShsOutDil": 65886000,
        "link": "https://www.sec.gov/Archives/edgar/data/910612/000091061207000086/0000910612-07-000086-index.htm",
        "finalLink": "https://www.sec.gov/Archives/edgar/data/910612/000091061207000086/form10q.htm"
    },
    {
        "date": "2006-12-31",
        "symbol": "CBL",
        "reportedCurrency": "USD",
        "cik": "0000910612",
        "fillingDate": "2007-03-01",
        "acceptedDate": "2007-03-01 17:07:57",
        "calendarYear": "2006",
        "period": "Q4",
        "revenue": 273292000,
        "costOfRevenue": 312075000,
        "grossProfit": -38783000,
        "grossProfitRatio": -0.141910484,
        "researchAndDevelopmentExpenses": 0,
        "generalAndAdministrativeExpenses": 11471000,
        "sellingAndMarketingExpenses": 141096000,
        "sellingGeneralAndAdministrativeExpenses": 152567000,
        "otherExpenses": 0,
        "operatingExpenses": 152567000,
        "costAndExpenses": 152567000,
        "interestIncome": 0,
        "interestExpense": 0,
        "depreciationAndAmortization": 60039000,
        "ebitda": -92967000,
        "ebitdaratio": -0.3401746118,
        "operatingIncome": 38697000,
        "operatingIncomeRatio": 0.1415958023,
        "totalOtherIncomeExpensesNet": -304504000,
        "incomeBeforeTax": 53839000,
        "incomeBeforeTaxRatio": 0.1970017417,
        "incomeTaxExpense": -5902000,
        "netIncome": 38697000,
        "netIncomeRatio": 0.1415958023,
        "eps": 0.6,
        "epsdiluted": 0.59,
        "weightedAverageShsOut": 64692000,
        "weightedAverageShsOutDil": 65818000,
        "link": "https://www.sec.gov/Archives/edgar/data/910612/000091061207000045/0000910612-07-000045-index.htm",
        "finalLink": "https://www.sec.gov/Archives/edgar/data/910612/000091061207000045/form10k.htm"
    },
    {
        "date": "2006-09-30",
        "symbol": "CBL",
        "reportedCurrency": "USD",
        "cik": "0000910612",
        "fillingDate": "2006-11-09",
        "acceptedDate": "2006-11-09 15:47:12",
        "calendarYear": "2006",
        "period": "Q3",
        "revenue": 246549000,
        "costOfRevenue": 65925000,
        "grossProfit": 180624000,
        "grossProfitRatio": 0.7326089337,
        "researchAndDevelopmentExpenses": 0,
        "generalAndAdministrativeExpenses": 9402000,
        "sellingAndMarketingExpenses": 0,
        "sellingGeneralAndAdministrativeExpenses": 9402000,
        "otherExpenses": 0,
        "operatingExpenses": 9402000,
        "costAndExpenses": 75327000,
        "interestIncome": 0,
        "interestExpense": 0,
        "depreciationAndAmortization": 64255000,
        "ebitda": 0,
        "ebitdaratio": 0,
        "operatingIncome": 93915000,
        "operatingIncomeRatio": 0.3809181948,
        "totalOtherIncomeExpensesNet": -71936000,
        "incomeBeforeTax": 21979000,
        "incomeBeforeTaxRatio": 0.0891465794,
        "incomeTaxExpense": 0,
        "netIncome": 21979000,
        "netIncomeRatio": 0.0891465794,
        "eps": 0.34,
        "epsdiluted": 0.34,
        "weightedAverageShsOut": 64174000,
        "weightedAverageShsOutDil": 65496000,
        "link": "https://www.sec.gov/Archives/edgar/data/910612/000091061206000197/0000910612-06-000197-index.htm",
        "finalLink": "https://www.sec.gov/Archives/edgar/data/910612/000091061206000197/form10qfinal.htm"
    },
    {
        "date": "2006-06-30",
        "symbol": "CBL",
        "reportedCurrency": "USD",
        "cik": "0000910612",
        "fillingDate": "2006-08-09",
        "acceptedDate": "2006-08-09 17:20:20",
        "calendarYear": "2006",
        "period": "Q2",
        "revenue": 236981000,
        "costOfRevenue": 54993000,
        "grossProfit": 181988000,
        "grossProfitRatio": 0.7679434216,
        "researchAndDevelopmentExpenses": 0,
        "generalAndAdministrativeExpenses": 9062000,
        "sellingAndMarketingExpenses": 0,
        "sellingGeneralAndAdministrativeExpenses": 9062000,
        "otherExpenses": 0,
        "operatingExpenses": 9062000,
        "costAndExpenses": 64055000,
        "interestIncome": 0,
        "interestExpense": 0,
        "depreciationAndAmortization": 56509000,
        "ebitda": 21418000,
        "ebitdaratio": 0.0903785536,
        "operatingIncome": 97567000,
        "operatingIncomeRatio": 0.4117081116,
        "totalOtherIncomeExpensesNet": -68997000,
        "incomeBeforeTax": 28570000,
        "incomeBeforeTaxRatio": 0.1205581882,
        "incomeTaxExpense": 0,
        "netIncome": 28570000,
        "netIncomeRatio": 0.1205581882,
        "eps": 0.45,
        "epsdiluted": 0.44,
        "weightedAverageShsOut": 64003000,
        "weightedAverageShsOutDil": 65385000,
        "link": "https://www.sec.gov/Archives/edgar/data/910612/000091061206000151/0000910612-06-000151-index.htm",
        "finalLink": "https://www.sec.gov/Archives/edgar/data/910612/000091061206000151/form10qfinal.htm"
    },
    {
        "date": "2006-03-31",
        "symbol": "CBL",
        "reportedCurrency": "USD",
        "cik": "0000910612",
        "fillingDate": "2006-05-10",
        "acceptedDate": "2006-05-10 16:36:57",
        "calendarYear": "2006",
        "period": "Q1",
        "revenue": 0,
        "costOfRevenue": 0,
        "grossProfit": 0,
        "grossProfitRatio": 0,
        "researchAndDevelopmentExpenses": 0,
        "generalAndAdministrativeExpenses": 0,
        "sellingAndMarketingExpenses": 0,
        "sellingGeneralAndAdministrativeExpenses": 0,
        "otherExpenses": 0,
        "operatingExpenses": 0,
        "costAndExpenses": 0,
        "interestIncome": 0,
        "interestExpense": 0,
        "depreciationAndAmortization": 57058000,
        "ebitda": 0,
        "ebitdaratio": 0,
        "operatingIncome": 0,
        "operatingIncomeRatio": 0,
        "totalOtherIncomeExpensesNet": 0,
        "incomeBeforeTax": 0,
        "incomeBeforeTaxRatio": 0,
        "incomeTaxExpense": 0,
        "netIncome": 0,
        "netIncomeRatio": 0,
        "eps": 0.33,
        "epsdiluted": 0.32,
        "weightedAverageShsOut": 62655000,
        "weightedAverageShsOutDil": 64323000,
        "link": "https://www.sec.gov/Archives/edgar/data/910612/000091061206000082/0000910612-06-000082-index.htm",
        "finalLink": "https://www.sec.gov/Archives/edgar/data/910612/000091061206000082/form10q.txt"
    },
    {
        "date": "2005-12-31",
        "symbol": "CBL",
        "reportedCurrency": "USD",
        "cik": "0000910612",
        "fillingDate": "2006-03-15",
        "acceptedDate": "2006-03-15 16:36:07",
        "calendarYear": "2005",
        "period": "Q4",
        "revenue": 274642000,
        "costOfRevenue": 0,
        "grossProfit": 274642000,
        "grossProfitRatio": 1,
        "researchAndDevelopmentExpenses": 0,
        "generalAndAdministrativeExpenses": 10556000,
        "sellingAndMarketingExpenses": 145365000,
        "sellingGeneralAndAdministrativeExpenses": 155921000,
        "otherExpenses": 0,
        "operatingExpenses": 155921000,
        "costAndExpenses": 155921000,
        "interestIncome": 0,
        "interestExpense": 0,
        "depreciationAndAmortization": 53410000,
        "ebitda": 86712000,
        "ebitdaratio": 0.3157273833,
        "operatingIncome": 33302000,
        "operatingIncomeRatio": 0.1212560351,
        "totalOtherIncomeExpensesNet": 0,
        "incomeBeforeTax": 0,
        "incomeBeforeTaxRatio": 0,
        "incomeTaxExpense": 0,
        "netIncome": 33302000,
        "netIncomeRatio": 0.1212560351,
        "eps": 0.53,
        "epsdiluted": 0.52,
        "weightedAverageShsOut": 62805000,
        "weightedAverageShsOutDil": 64601000,
        "link": "https://www.sec.gov/Archives/edgar/data/910612/000091061206000058/0000910612-06-000058-index.htm",
        "finalLink": "https://www.sec.gov/Archives/edgar/data/910612/000091061206000058/form10k.txt"
    },
    {
        "date": "2005-09-30",
        "symbol": "CBL",
        "reportedCurrency": "USD",
        "cik": "0000910612",
        "fillingDate": "2005-11-09",
        "acceptedDate": "2005-11-09 16:57:09",
        "calendarYear": "2005",
        "period": "Q3",
        "revenue": 0,
        "costOfRevenue": 0,
        "grossProfit": 0,
        "grossProfitRatio": 0,
        "researchAndDevelopmentExpenses": 0,
        "generalAndAdministrativeExpenses": 0,
        "sellingAndMarketingExpenses": 0,
        "sellingGeneralAndAdministrativeExpenses": 0,
        "otherExpenses": 0,
        "operatingExpenses": 0,
        "costAndExpenses": 0,
        "interestIncome": 0,
        "interestExpense": 0,
        "depreciationAndAmortization": 48938000,
        "ebitda": 0,
        "ebitdaratio": 0,
        "operatingIncome": 0,
        "operatingIncomeRatio": 0,
        "totalOtherIncomeExpensesNet": 0,
        "incomeBeforeTax": 0,
        "incomeBeforeTaxRatio": 0,
        "incomeTaxExpense": 0,
        "netIncome": 0,
        "netIncomeRatio": 0,
        "eps": 0.95,
        "epsdiluted": 0.92,
        "weightedAverageShsOut": 62940000,
        "weightedAverageShsOutDil": 65253000,
        "link": "https://www.sec.gov/Archives/edgar/data/910612/000091061205000165/0000910612-05-000165-index.htm",
        "finalLink": "https://www.sec.gov/Archives/edgar/data/910612/000091061205000165/form10q.txt"
    },
    {
        "date": "2005-06-30",
        "symbol": "CBL",
        "reportedCurrency": "USD",
        "cik": "0000910612",
        "fillingDate": "2005-08-09",
        "acceptedDate": "2005-08-09 17:19:52",
        "calendarYear": "2005",
        "period": "Q2",
        "revenue": 0,
        "costOfRevenue": 0,
        "grossProfit": 0,
        "grossProfitRatio": 0,
        "researchAndDevelopmentExpenses": 0,
        "generalAndAdministrativeExpenses": 0,
        "sellingAndMarketingExpenses": 0,
        "sellingGeneralAndAdministrativeExpenses": 0,
        "otherExpenses": 0,
        "operatingExpenses": 0,
        "costAndExpenses": 0,
        "interestIncome": 0,
        "interestExpense": 0,
        "depreciationAndAmortization": 45386000,
        "ebitda": 0,
        "ebitdaratio": 0,
        "operatingIncome": 0,
        "operatingIncomeRatio": 0,
        "totalOtherIncomeExpensesNet": 0,
        "incomeBeforeTax": 0,
        "incomeBeforeTaxRatio": 0,
        "incomeTaxExpense": 0,
        "netIncome": 0,
        "netIncomeRatio": 0,
        "eps": 0.33,
        "epsdiluted": 0.32,
        "weightedAverageShsOut": 62685000,
        "weightedAverageShsOutDil": 65004000,
        "link": "https://www.sec.gov/Archives/edgar/data/910612/000091061205000113/0000910612-05-000113-index.htm",
        "finalLink": "https://www.sec.gov/Archives/edgar/data/910612/000091061205000113/form10q.txt"
    },
    {
        "date": "2005-03-31",
        "symbol": "CBL",
        "reportedCurrency": "USD",
        "cik": "0000910612",
        "fillingDate": "2005-05-10",
        "acceptedDate": "2005-05-10 16:56:09",
        "calendarYear": "2005",
        "period": "Q1",
        "revenue": 0,
        "costOfRevenue": 0,
        "grossProfit": 0,
        "grossProfitRatio": 0,
        "researchAndDevelopmentExpenses": 0,
        "generalAndAdministrativeExpenses": 0,
        "sellingAndMarketingExpenses": 0,
        "sellingGeneralAndAdministrativeExpenses": 0,
        "otherExpenses": 0,
        "operatingExpenses": 0,
        "costAndExpenses": 0,
        "interestIncome": 0,
        "interestExpense": 0,
        "depreciationAndAmortization": 43307000,
        "ebitda": 0,
        "ebitdaratio": 0,
        "operatingIncome": 0,
        "operatingIncomeRatio": 0,
        "totalOtherIncomeExpensesNet": 0,
        "incomeBeforeTax": 0,
        "incomeBeforeTaxRatio": 0,
        "incomeTaxExpense": 0,
        "netIncome": 0,
        "netIncomeRatio": 0,
        "eps": 0.41,
        "epsdiluted": 0.39,
        "weightedAverageShsOut": 62448000,
        "weightedAverageShsOutDil": 64794000,
        "link": "https://www.sec.gov/Archives/edgar/data/910612/000091061205000051/0000910612-05-000051-index.htm",
        "finalLink": "https://www.sec.gov/Archives/edgar/data/910612/000091061205000051/form10q.txt"
    },
    {
        "date": "2004-12-31",
        "symbol": "CBL",
        "reportedCurrency": "USD",
        "cik": "0000910612",
        "fillingDate": "2005-03-16",
        "acceptedDate": "2005-03-16 17:27:24",
        "calendarYear": "2004",
        "period": "Q4",
        "revenue": 216037000,
        "costOfRevenue": 0,
        "grossProfit": 216037000,
        "grossProfitRatio": 1,
        "researchAndDevelopmentExpenses": 0,
        "generalAndAdministrativeExpenses": 10833000,
        "sellingAndMarketingExpenses": 101519000,
        "sellingGeneralAndAdministrativeExpenses": 112352000,
        "otherExpenses": 0,
        "operatingExpenses": 112352000,
        "costAndExpenses": 112352000,
        "interestIncome": 0,
        "interestExpense": 0,
        "depreciationAndAmortization": 40952000,
        "ebitda": 77154000,
        "ebitdaratio": 0.3571332688,
        "operatingIncome": 36202000,
        "operatingIncomeRatio": 0.1675731472,
        "totalOtherIncomeExpensesNet": 3355000,
        "incomeBeforeTax": 39557000,
        "incomeBeforeTaxRatio": 0.1831028944,
        "incomeTaxExpense": 3355000,
        "netIncome": 36202000,
        "netIncomeRatio": 0.1675731472,
        "eps": 0.57,
        "epsdiluted": 0.55,
        "weightedAverageShsOut": 63018000,
        "weightedAverageShsOutDil": 65354000,
        "link": "https://www.sec.gov/Archives/edgar/data/910612/000091061205000034/0000910612-05-000034-index.htm",
        "finalLink": "https://www.sec.gov/Archives/edgar/data/910612/000091061205000034/form10kv4.txt"
    },
    {
        "date": "2004-09-30",
        "symbol": "CBL",
        "reportedCurrency": "USD",
        "cik": "0000910612",
        "fillingDate": "2004-11-09",
        "acceptedDate": "2004-11-09 17:18:13",
        "calendarYear": "2004",
        "period": "Q3",
        "revenue": 0,
        "costOfRevenue": 0,
        "grossProfit": 0,
        "grossProfitRatio": 0,
        "researchAndDevelopmentExpenses": 0,
        "generalAndAdministrativeExpenses": 0,
        "sellingAndMarketingExpenses": 0,
        "sellingGeneralAndAdministrativeExpenses": 0,
        "otherExpenses": 0,
        "operatingExpenses": 0,
        "costAndExpenses": 0,
        "interestIncome": 0,
        "interestExpense": 0,
        "depreciationAndAmortization": 40098000,
        "ebitda": 0,
        "ebitdaratio": 0,
        "operatingIncome": 0,
        "operatingIncomeRatio": 0,
        "totalOtherIncomeExpensesNet": 0,
        "incomeBeforeTax": 0,
        "incomeBeforeTaxRatio": 0,
        "incomeTaxExpense": 0,
        "netIncome": 0,
        "netIncomeRatio": 0,
        "eps": 0.32,
        "epsdiluted": 0.31,
        "weightedAverageShsOut": 61540000,
        "weightedAverageShsOutDil": 63966000,
        "link": "https://www.sec.gov/Archives/edgar/data/910612/000091061204000141/0000910612-04-000141-index.htm",
        "finalLink": "https://www.sec.gov/Archives/edgar/data/910612/000091061204000141/form10q.txt"
    },
    {
        "date": "2004-06-30",
        "symbol": "CBL",
        "reportedCurrency": "USD",
        "cik": "0000910612",
        "fillingDate": "2004-08-09",
        "acceptedDate": "2004-08-09 17:06:07",
        "calendarYear": "2004",
        "period": "Q2",
        "revenue": 0,
        "costOfRevenue": 0,
        "grossProfit": 0,
        "grossProfitRatio": 0,
        "researchAndDevelopmentExpenses": 0,
        "generalAndAdministrativeExpenses": 0,
        "sellingAndMarketingExpenses": 0,
        "sellingGeneralAndAdministrativeExpenses": 0,
        "otherExpenses": 0,
        "operatingExpenses": 0,
        "costAndExpenses": 0,
        "interestIncome": 0,
        "interestExpense": 0,
        "depreciationAndAmortization": 35774000,
        "ebitda": 0,
        "ebitdaratio": 0,
        "operatingIncome": 0,
        "operatingIncomeRatio": 0,
        "totalOtherIncomeExpensesNet": 0,
        "incomeBeforeTax": 0,
        "incomeBeforeTaxRatio": 0,
        "incomeTaxExpense": 0,
        "netIncome": 0,
        "netIncomeRatio": 0,
        "eps": 0.35,
        "epsdiluted": 0.34,
        "weightedAverageShsOut": 61200000,
        "weightedAverageShsOutDil": 63510000,
        "link": "https://www.sec.gov/Archives/edgar/data/910612/000091061204000106/0000910612-04-000106-index.htm",
        "finalLink": "https://www.sec.gov/Archives/edgar/data/910612/000091061204000106/form10qjun04.txt"
    },
    {
        "date": "2004-03-31",
        "symbol": "CBL",
        "reportedCurrency": "USD",
        "cik": "0000910612",
        "fillingDate": "2004-05-10",
        "acceptedDate": "2004-05-10 10:52:23",
        "calendarYear": "2004",
        "period": "Q1",
        "revenue": 0,
        "costOfRevenue": 0,
        "grossProfit": 0,
        "grossProfitRatio": 0,
        "researchAndDevelopmentExpenses": 0,
        "generalAndAdministrativeExpenses": 0,
        "sellingAndMarketingExpenses": 0,
        "sellingGeneralAndAdministrativeExpenses": 0,
        "otherExpenses": 0,
        "operatingExpenses": 0,
        "costAndExpenses": 0,
        "interestIncome": 0,
        "interestExpense": 0,
        "depreciationAndAmortization": 33660000,
        "ebitda": 0,
        "ebitdaratio": 0,
        "operatingIncome": 0,
        "operatingIncomeRatio": 0,
        "totalOtherIncomeExpensesNet": 0,
        "incomeBeforeTax": 0,
        "incomeBeforeTaxRatio": 0,
        "incomeTaxExpense": 0,
        "netIncome": 0,
        "netIncomeRatio": 0,
        "eps": 1,
        "epsdiluted": 0.96,
        "weightedAverageShsOut": 30324000,
        "weightedAverageShsOutDil": 31567000,
        "link": "https://www.sec.gov/Archives/edgar/data/910612/000091061204000072/0000910612-04-000072-index.htm",
        "finalLink": "https://www.sec.gov/Archives/edgar/data/910612/000091061204000072/form10q.txt"
    },
    {
        "date": "2003-12-31",
        "symbol": "CBL",
        "reportedCurrency": "USD",
        "cik": "0000910612",
        "fillingDate": "2004-03-15",
        "acceptedDate": "2004-03-15 17:26:27",
        "calendarYear": "2003",
        "period": "Q4",
        "revenue": 171216000,
        "costOfRevenue": 0,
        "grossProfit": 171216000,
        "grossProfitRatio": 1,
        "researchAndDevelopmentExpenses": 0,
        "generalAndAdministrativeExpenses": 10170000,
        "sellingAndMarketingExpenses": 77711000,
        "sellingGeneralAndAdministrativeExpenses": 87881000,
        "otherExpenses": 0,
        "operatingExpenses": 87881000,
        "costAndExpenses": 87881000,
        "interestIncome": 0,
        "interestExpense": 0,
        "depreciationAndAmortization": 34095000,
        "ebitda": 0,
        "ebitdaratio": 0,
        "operatingIncome": 68049000,
        "operatingIncomeRatio": 0.3974453322,
        "totalOtherIncomeExpensesNet": 165000,
        "incomeBeforeTax": 68214000,
        "incomeBeforeTaxRatio": 0.3984090272,
        "incomeTaxExpense": 165000,
        "netIncome": 68049000,
        "netIncomeRatio": 0.3974453322,
        "eps": 2.24,
        "epsdiluted": 2.24,
        "weightedAverageShsOut": 30323000,
        "weightedAverageShsOutDil": 30323000,
        "link": "https://www.sec.gov/Archives/edgar/data/910612/000091061204000043/0000910612-04-000043-index.htm",
        "finalLink": "https://www.sec.gov/Archives/edgar/data/910612/000091061204000043/form10k2003.txt"
    },
    {
        "date": "2003-09-30",
        "symbol": "CBL",
        "reportedCurrency": "USD",
        "cik": "0000910612",
        "fillingDate": "2003-11-14",
        "acceptedDate": "2003-11-14 17:30:59",
        "calendarYear": "2003",
        "period": "Q3",
        "revenue": 0,
        "costOfRevenue": 0,
        "grossProfit": 0,
        "grossProfitRatio": 0,
        "researchAndDevelopmentExpenses": 0,
        "generalAndAdministrativeExpenses": 0,
        "sellingAndMarketingExpenses": 0,
        "sellingGeneralAndAdministrativeExpenses": 0,
        "otherExpenses": 0,
        "operatingExpenses": 0,
        "costAndExpenses": 0,
        "interestIncome": 0,
        "interestExpense": 0,
        "depreciationAndAmortization": 29610000,
        "ebitda": 0,
        "ebitdaratio": 0,
        "operatingIncome": 0,
        "operatingIncomeRatio": 0,
        "totalOtherIncomeExpensesNet": 0,
        "incomeBeforeTax": 0,
        "incomeBeforeTaxRatio": 0,
        "incomeTaxExpense": 0,
        "netIncome": 0,
        "netIncomeRatio": 0,
        "eps": 0.67,
        "epsdiluted": 0.65,
        "weightedAverageShsOut": 30022000,
        "weightedAverageShsOutDil": 31301000,
        "link": "https://www.sec.gov/Archives/edgar/data/910612/000091061203000118/0000910612-03-000118-index.htm",
        "finalLink": "https://www.sec.gov/Archives/edgar/data/910612/000091061203000118/form10qsept2003.txt"
    },
    {
        "date": "2003-06-30",
        "symbol": "CBL",
        "reportedCurrency": "USD",
        "cik": "0000910612",
        "fillingDate": "2003-08-14",
        "acceptedDate": "2003-08-14 16:52:51",
        "calendarYear": "2003",
        "period": "Q2",
        "revenue": 0,
        "costOfRevenue": 0,
        "grossProfit": 0,
        "grossProfitRatio": 0,
        "researchAndDevelopmentExpenses": 0,
        "generalAndAdministrativeExpenses": 0,
        "sellingAndMarketingExpenses": 0,
        "sellingGeneralAndAdministrativeExpenses": 0,
        "otherExpenses": 0,
        "operatingExpenses": 0,
        "costAndExpenses": 0,
        "interestIncome": 0,
        "interestExpense": 0,
        "depreciationAndAmortization": 29050000,
        "ebitda": 0,
        "ebitdaratio": 0,
        "operatingIncome": 0,
        "operatingIncomeRatio": 0,
        "totalOtherIncomeExpensesNet": 0,
        "incomeBeforeTax": 0,
        "incomeBeforeTaxRatio": 0,
        "incomeTaxExpense": 0,
        "netIncome": 0,
        "netIncomeRatio": 0,
        "eps": 0.7,
        "epsdiluted": 0.68,
        "weightedAverageShsOut": 29886000,
        "weightedAverageShsOutDil": 31066000,
        "link": "https://www.sec.gov/Archives/edgar/data/910612/000091061203000086/0000910612-03-000086-index.htm",
        "finalLink": "https://www.sec.gov/Archives/edgar/data/910612/000091061203000086/form10qjun2003.txt"
    },
    {
        "date": "2003-03-31",
        "symbol": "CBL",
        "reportedCurrency": "USD",
        "cik": "0000910612",
        "fillingDate": "2003-05-15",
        "acceptedDate": "2003-05-15 17:06:53",
        "calendarYear": "2003",
        "period": "Q1",
        "revenue": 0,
        "costOfRevenue": 0,
        "grossProfit": 0,
        "grossProfitRatio": 0,
        "researchAndDevelopmentExpenses": 0,
        "generalAndAdministrativeExpenses": 0,
        "sellingAndMarketingExpenses": 0,
        "sellingGeneralAndAdministrativeExpenses": 0,
        "otherExpenses": 0,
        "operatingExpenses": 0,
        "costAndExpenses": 0,
        "interestIncome": 0,
        "interestExpense": 0,
        "depreciationAndAmortization": 27378000,
        "ebitda": 0,
        "ebitdaratio": 0,
        "operatingIncome": 0,
        "operatingIncomeRatio": 0,
        "totalOtherIncomeExpensesNet": 0,
        "incomeBeforeTax": 0,
        "incomeBeforeTaxRatio": 0,
        "incomeTaxExpense": 0,
        "netIncome": 0,
        "netIncomeRatio": 0,
        "eps": 0.77,
        "epsdiluted": 0.74,
        "weightedAverageShsOut": 29726000,
        "weightedAverageShsOutDil": 30803000,
        "link": "https://www.sec.gov/Archives/edgar/data/910612/000091061203000053/0000910612-03-000053-index.htm",
        "finalLink": "https://www.sec.gov/Archives/edgar/data/910612/000091061203000053/q1mar2003form10q.txt"
    },
    {
        "date": "2002-12-31",
        "symbol": "CBL",
        "reportedCurrency": "USD",
        "cik": "0000910612",
        "fillingDate": "2003-03-21",
        "acceptedDate": "2003-03-21 14:04:18",
        "calendarYear": "2002",
        "period": "Q4",
        "revenue": 165342000,
        "costOfRevenue": 0,
        "grossProfit": 165342000,
        "grossProfitRatio": 1,
        "researchAndDevelopmentExpenses": 0,
        "generalAndAdministrativeExpenses": 6626000,
        "sellingAndMarketingExpenses": 117681000,
        "sellingGeneralAndAdministrativeExpenses": 124307000,
        "otherExpenses": 0,
        "operatingExpenses": 124307000,
        "costAndExpenses": 124307000,
        "interestIncome": 0,
        "interestExpense": 0,
        "depreciationAndAmortization": 27464000,
        "ebitda": 51291000,
        "ebitdaratio": 0.3102115615,
        "operatingIncome": 23827000,
        "operatingIncomeRatio": 0.1441073653,
        "totalOtherIncomeExpensesNet": 5513000,
        "incomeBeforeTax": 29340000,
        "incomeBeforeTaxRatio": 0.1774503756,
        "incomeTaxExpense": 5513000,
        "netIncome": 23827000,
        "netIncomeRatio": 0.1441073653,
        "eps": 0.8,
        "epsdiluted": 0.8,
        "weightedAverageShsOut": 29870000,
        "weightedAverageShsOutDil": 29870000,
        "link": "https://www.sec.gov/Archives/edgar/data/910612/000091061203000010/0000910612-03-000010-index.htm",
        "finalLink": "https://www.sec.gov/Archives/edgar/data/910612/000091061203000010/form10k2002.txt"
    },
    {
        "date": "2002-09-30",
        "symbol": "CBL",
        "reportedCurrency": "USD",
        "cik": "0000910612",
        "fillingDate": "2002-11-14",
        "acceptedDate": "2002-11-14 16:52:06",
        "calendarYear": "2002",
        "period": "Q3",
        "revenue": 0,
        "costOfRevenue": 0,
        "grossProfit": 0,
        "grossProfitRatio": 0,
        "researchAndDevelopmentExpenses": 0,
        "generalAndAdministrativeExpenses": 0,
        "sellingAndMarketingExpenses": 0,
        "sellingGeneralAndAdministrativeExpenses": 0,
        "otherExpenses": 0,
        "operatingExpenses": 0,
        "costAndExpenses": 0,
        "interestIncome": 0,
        "interestExpense": 0,
        "depreciationAndAmortization": 24941000,
        "ebitda": 0,
        "ebitdaratio": 0,
        "operatingIncome": 0,
        "operatingIncomeRatio": 0,
        "totalOtherIncomeExpensesNet": 0,
        "incomeBeforeTax": 0,
        "incomeBeforeTaxRatio": 0,
        "incomeTaxExpense": 0,
        "netIncome": 0,
        "netIncomeRatio": 0,
        "eps": 0.59,
        "epsdiluted": 0.57,
        "weightedAverageShsOut": 29616000,
        "weightedAverageShsOutDil": 30476000,
        "link": "https://www.sec.gov/Archives/edgar/data/910612/000091061202000012/0000910612-02-000012-index.htm",
        "finalLink": "https://www.sec.gov/Archives/edgar/data/910612/000091061202000012/sept200210q.txt"
    },
    {
        "date": "2002-06-30",
        "symbol": "CBL",
        "reportedCurrency": "USD",
        "cik": "0000910612",
        "fillingDate": "2002-08-14",
        "acceptedDate": "2002-08-14 15:37:22",
        "calendarYear": "2002",
        "period": "Q2",
        "revenue": 0,
        "costOfRevenue": 0,
        "grossProfit": 0,
        "grossProfitRatio": 0,
        "researchAndDevelopmentExpenses": 0,
        "generalAndAdministrativeExpenses": 0,
        "sellingAndMarketingExpenses": 0,
        "sellingGeneralAndAdministrativeExpenses": 0,
        "otherExpenses": 0,
        "operatingExpenses": 0,
        "costAndExpenses": 0,
        "interestIncome": 0,
        "interestExpense": 0,
        "depreciationAndAmortization": 24009000,
        "ebitda": 0,
        "ebitdaratio": 0,
        "operatingIncome": 0,
        "operatingIncomeRatio": 0,
        "totalOtherIncomeExpensesNet": 0,
        "incomeBeforeTax": 0,
        "incomeBeforeTaxRatio": 0,
        "incomeTaxExpense": 0,
        "netIncome": 0,
        "netIncomeRatio": 0,
        "eps": 0.31,
        "epsdiluted": 0.3,
        "weightedAverageShsOut": 58168000,
        "weightedAverageShsOutDil": 59886000,
        "link": "https://www.sec.gov/Archives/edgar/data/910612/000091061202000009/0000910612-02-000009-index.htm",
        "finalLink": "https://www.sec.gov/Archives/edgar/data/910612/000091061202000009/june200210q.txt"
    },
    {
        "date": "2002-03-31",
        "symbol": "CBL",
        "reportedCurrency": "USD",
        "cik": "0000910612",
        "fillingDate": "2002-05-14",
        "acceptedDate": "2002-05-14 16:22:43",
        "calendarYear": "2002",
        "period": "Q1",
        "revenue": 0,
        "costOfRevenue": 0,
        "grossProfit": 0,
        "grossProfitRatio": 0,
        "researchAndDevelopmentExpenses": 0,
        "generalAndAdministrativeExpenses": 0,
        "sellingAndMarketingExpenses": 0,
        "sellingGeneralAndAdministrativeExpenses": 0,
        "otherExpenses": 0,
        "operatingExpenses": 0,
        "costAndExpenses": 0,
        "interestIncome": 0,
        "interestExpense": 0,
        "depreciationAndAmortization": 23329000,
        "ebitda": 0,
        "ebitdaratio": 0,
        "operatingIncome": 0,
        "operatingIncomeRatio": 0,
        "totalOtherIncomeExpensesNet": 0,
        "incomeBeforeTax": 0,
        "incomeBeforeTaxRatio": 0,
        "incomeTaxExpense": 0,
        "netIncome": 0,
        "netIncomeRatio": 0,
        "eps": 0.66,
        "epsdiluted": 0.64,
        "weightedAverageShsOut": 26356000,
        "weightedAverageShsOutDil": 27121000,
        "link": "https://www.sec.gov/Archives/edgar/data/910612/000091061202000006/0000910612-02-000006-index.htm",
        "finalLink": "https://www.sec.gov/Archives/edgar/data/910612/000091061202000006/march0210q.txt"
    },
    {
        "date": "2001-12-31",
        "symbol": "CBL",
        "reportedCurrency": "USD",
        "cik": "0000910612",
        "fillingDate": "2002-03-11",
        "acceptedDate": "2002-03-11 00:00:00",
        "calendarYear": "2001",
        "period": "Q4",
        "revenue": 149884000,
        "costOfRevenue": 0,
        "grossProfit": 149884000,
        "grossProfitRatio": 1,
        "researchAndDevelopmentExpenses": 0,
        "generalAndAdministrativeExpenses": 4656000,
        "sellingAndMarketingExpenses": 131265000,
        "sellingGeneralAndAdministrativeExpenses": 135921000,
        "otherExpenses": 0,
        "operatingExpenses": 135921000,
        "costAndExpenses": 135921000,
        "interestIncome": 0,
        "interestExpense": 0,
        "depreciationAndAmortization": 23755000,
        "ebitda": 44265000,
        "ebitdaratio": 0.2953283873,
        "operatingIncome": 20510000,
        "operatingIncomeRatio": 0.1368391556,
        "totalOtherIncomeExpensesNet": 12047000,
        "incomeBeforeTax": 32557000,
        "incomeBeforeTaxRatio": 0.217214646,
        "incomeTaxExpense": 12047000,
        "netIncome": 20510000,
        "netIncomeRatio": 0.1368391556,
        "eps": 0.41,
        "epsdiluted": 0.4,
        "weightedAverageShsOut": 50035000,
        "weightedAverageShsOutDil": 50768000,
        "link": "https://www.sec.gov/Archives/edgar/data/910612/000091061202000002/0000910612-02-000002-index.htm",
        "finalLink": "https://www.sec.gov/Archives/edgar/data/910612/000091061202000002/cbl200110k.txt"
    },
    {
        "date": "2001-09-30",
        "symbol": "CBL",
        "reportedCurrency": "USD",
        "cik": "0000910612",
        "fillingDate": "2001-11-14",
        "acceptedDate": "2001-11-14 00:00:00",
        "calendarYear": "2001",
        "period": "Q3",
        "revenue": 0,
        "costOfRevenue": 0,
        "grossProfit": 0,
        "grossProfitRatio": 0,
        "researchAndDevelopmentExpenses": 0,
        "generalAndAdministrativeExpenses": 0,
        "sellingAndMarketingExpenses": 0,
        "sellingGeneralAndAdministrativeExpenses": 0,
        "otherExpenses": 0,
        "operatingExpenses": 0,
        "costAndExpenses": 0,
        "interestIncome": 0,
        "interestExpense": 0,
        "depreciationAndAmortization": -51656000,
        "ebitda": 0,
        "ebitdaratio": 0,
        "operatingIncome": 0,
        "operatingIncomeRatio": 0,
        "totalOtherIncomeExpensesNet": 0,
        "incomeBeforeTax": 0,
        "incomeBeforeTaxRatio": 0,
        "incomeTaxExpense": 0,
        "netIncome": 0,
        "netIncomeRatio": 0,
        "eps": 0.32,
        "epsdiluted": 0.32,
        "weightedAverageShsOut": 50035000,
        "weightedAverageShsOutDil": 50768000,
        "link": "https://www.sec.gov/Archives/edgar/data/910612/000091061201500010/0000910612-01-500010-index.htm",
        "finalLink": "https://www.sec.gov/Archives/edgar/data/910612/000091061201500010/cbl10q3rdq.txt"
    },
    {
        "date": "2001-06-30",
        "symbol": "CBL",
        "reportedCurrency": "USD",
        "cik": "0000910612",
        "fillingDate": "2001-08-14",
        "acceptedDate": "2001-08-14 00:00:00",
        "calendarYear": "2001",
        "period": "Q2",
        "revenue": 0,
        "costOfRevenue": 0,
        "grossProfit": 0,
        "grossProfitRatio": 0,
        "researchAndDevelopmentExpenses": 0,
        "generalAndAdministrativeExpenses": 0,
        "sellingAndMarketingExpenses": 0,
        "sellingGeneralAndAdministrativeExpenses": 0,
        "otherExpenses": 0,
        "operatingExpenses": 0,
        "costAndExpenses": 0,
        "interestIncome": 0,
        "interestExpense": 0,
        "depreciationAndAmortization": 97037000,
        "ebitda": 0,
        "ebitdaratio": 0,
        "operatingIncome": 0,
        "operatingIncomeRatio": 0,
        "totalOtherIncomeExpensesNet": 0,
        "incomeBeforeTax": 0,
        "incomeBeforeTaxRatio": 0,
        "incomeTaxExpense": 0,
        "netIncome": 0,
        "netIncomeRatio": 0,
        "eps": 0.48,
        "epsdiluted": 0.47,
        "weightedAverageShsOut": 50035000,
        "weightedAverageShsOutDil": 50768000,
        "link": "https://www.sec.gov/Archives/edgar/data/910612/000091061201500008/0000910612-01-500008-index.htm",
        "finalLink": "https://www.sec.gov/Archives/edgar/data/910612/000091061201500008/june200110q.txt"
    },
    {
        "date": "2001-03-31",
        "symbol": "CBL",
        "reportedCurrency": "USD",
        "cik": "0000910612",
        "fillingDate": "2001-05-15",
        "acceptedDate": "2001-05-15 00:00:00",
        "calendarYear": "2001",
        "period": "Q1",
        "revenue": 0,
        "costOfRevenue": 0,
        "grossProfit": 0,
        "grossProfitRatio": 0,
        "researchAndDevelopmentExpenses": 0,
        "generalAndAdministrativeExpenses": 0,
        "sellingAndMarketingExpenses": 0,
        "sellingGeneralAndAdministrativeExpenses": 0,
        "otherExpenses": 0,
        "operatingExpenses": 0,
        "costAndExpenses": 0,
        "interestIncome": 0,
        "interestExpense": 0,
        "depreciationAndAmortization": 20308000,
        "ebitda": 0,
        "ebitdaratio": 0,
        "operatingIncome": 0,
        "operatingIncomeRatio": 0,
        "totalOtherIncomeExpensesNet": 0,
        "incomeBeforeTax": 0,
        "incomeBeforeTaxRatio": 0,
        "incomeTaxExpense": 0,
        "netIncome": 0,
        "netIncomeRatio": 0,
        "eps": 0.6,
        "epsdiluted": 0.6,
        "weightedAverageShsOut": 50035000,
        "weightedAverageShsOutDil": 50768000,
        "link": "https://www.sec.gov/Archives/edgar/data/910612/000091061201500006/0000910612-01-500006-index.htm",
        "finalLink": "https://www.sec.gov/Archives/edgar/data/910612/000091061201500006/q110q-cbl3.txt"
    },
    {
        "date": "2000-12-31",
        "symbol": "CBL",
        "reportedCurrency": "USD",
        "cik": "0000910612",
        "fillingDate": "2001-04-02",
        "acceptedDate": "2001-04-02 00:00:00",
        "calendarYear": "2000",
        "period": "Q4",
        "revenue": 93001000,
        "costOfRevenue": 0,
        "grossProfit": 93001000,
        "grossProfitRatio": 1,
        "researchAndDevelopmentExpenses": 0,
        "generalAndAdministrativeExpenses": 4646000,
        "sellingAndMarketingExpenses": 87406000,
        "sellingGeneralAndAdministrativeExpenses": 92052000,
        "otherExpenses": 0,
        "operatingExpenses": 92052000,
        "costAndExpenses": 92052000,
        "interestIncome": 0,
        "interestExpense": 0,
        "depreciationAndAmortization": 15963000,
        "ebitda": 32575000,
        "ebitdaratio": 0.3502650509,
        "operatingIncome": 16612000,
        "operatingIncomeRatio": 0.1786217353,
        "totalOtherIncomeExpensesNet": 0,
        "incomeBeforeTax": 0,
        "incomeBeforeTaxRatio": 0,
        "incomeTaxExpense": 0,
        "netIncome": 16612000,
        "netIncomeRatio": 0.1786217353,
        "eps": 0.33,
        "epsdiluted": 0.33,
        "weightedAverageShsOut": 50035000,
        "weightedAverageShsOutDil": 50768000,
        "link": "https://www.sec.gov/Archives/edgar/data/910612/000091061201500004/0000910612-01-500004-index.htm",
        "finalLink": "https://www.sec.gov/Archives/edgar/data/910612/000091061201500004/cbl10kvrs3.txt"
    },
    {
        "date": "2000-09-30",
        "symbol": "CBL",
        "reportedCurrency": "USD",
        "cik": "0000910612",
        "fillingDate": "2000-11-13",
        "acceptedDate": "2000-11-13 00:00:00",
        "calendarYear": "2000",
        "period": "Q3",
        "revenue": 0,
        "costOfRevenue": 0,
        "grossProfit": 0,
        "grossProfitRatio": 0,
        "researchAndDevelopmentExpenses": 0,
        "generalAndAdministrativeExpenses": 0,
        "sellingAndMarketingExpenses": 0,
        "sellingGeneralAndAdministrativeExpenses": 0,
        "otherExpenses": 0,
        "operatingExpenses": 0,
        "costAndExpenses": 0,
        "interestIncome": 0,
        "interestExpense": 0,
        "depreciationAndAmortization": 15594000,
        "ebitda": 0,
        "ebitdaratio": 0,
        "operatingIncome": 0,
        "operatingIncomeRatio": 0,
        "totalOtherIncomeExpensesNet": 0,
        "incomeBeforeTax": 0,
        "incomeBeforeTaxRatio": 0,
        "incomeTaxExpense": 0,
        "netIncome": 0,
        "netIncomeRatio": 0,
        "eps": 0.58,
        "epsdiluted": 0.58,
        "weightedAverageShsOut": 50035000,
        "weightedAverageShsOutDil": 50768000,
        "link": "https://www.sec.gov/Archives/edgar/data/910612/000091061200000012/0000910612-00-000012-index.htm",
        "finalLink": "https://www.sec.gov/Archives/edgar/data/910612/000091061200000012/0000910612-00-000012-0001.txt"
    },
    {
        "date": "2000-06-30",
        "symbol": "CBL",
        "reportedCurrency": "USD",
        "cik": "0000910612",
        "fillingDate": "2000-08-14",
        "acceptedDate": "2000-08-14 00:00:00",
        "calendarYear": "2000",
        "period": "Q2",
        "revenue": 0,
        "costOfRevenue": 0,
        "grossProfit": 0,
        "grossProfitRatio": 0,
        "researchAndDevelopmentExpenses": 0,
        "generalAndAdministrativeExpenses": 0,
        "sellingAndMarketingExpenses": 0,
        "sellingGeneralAndAdministrativeExpenses": 0,
        "otherExpenses": 0,
        "operatingExpenses": 0,
        "costAndExpenses": 0,
        "interestIncome": 0,
        "interestExpense": 0,
        "depreciationAndAmortization": 15440000,
        "ebitda": 0,
        "ebitdaratio": 0,
        "operatingIncome": 0,
        "operatingIncomeRatio": 0,
        "totalOtherIncomeExpensesNet": 0,
        "incomeBeforeTax": 0,
        "incomeBeforeTaxRatio": 0,
        "incomeTaxExpense": 0,
        "netIncome": 0,
        "netIncomeRatio": 0,
        "eps": 0.62,
        "epsdiluted": 0.61,
        "weightedAverageShsOut": 50035000,
        "weightedAverageShsOutDil": 50768000,
        "link": "https://www.sec.gov/Archives/edgar/data/910612/000091061200000009/0000910612-00-000009-index.htm",
        "finalLink": "https://www.sec.gov/Archives/edgar/data/910612/000091061200000009/0000910612-00-000009-0001.txt"
    },
    {
        "date": "2000-03-31",
        "symbol": "CBL",
        "reportedCurrency": "USD",
        "cik": "0000910612",
        "fillingDate": "2000-05-15",
        "acceptedDate": "2000-05-15 00:00:00",
        "calendarYear": "2000",
        "period": "Q1",
        "revenue": 0,
        "costOfRevenue": 0,
        "grossProfit": 0,
        "grossProfitRatio": 0,
        "researchAndDevelopmentExpenses": 0,
        "generalAndAdministrativeExpenses": 0,
        "sellingAndMarketingExpenses": 0,
        "sellingGeneralAndAdministrativeExpenses": 0,
        "otherExpenses": 0,
        "operatingExpenses": 0,
        "costAndExpenses": 0,
        "interestIncome": 0,
        "interestExpense": 0,
        "depreciationAndAmortization": 14913000,
        "ebitda": 0,
        "ebitdaratio": 0,
        "operatingIncome": 0,
        "operatingIncomeRatio": 0,
        "totalOtherIncomeExpensesNet": 0,
        "incomeBeforeTax": 0,
        "incomeBeforeTaxRatio": 0,
        "incomeTaxExpense": 0,
        "netIncome": 0,
        "netIncomeRatio": 0,
        "eps": 0.58,
        "epsdiluted": 0.58,
        "weightedAverageShsOut": 50035000,
        "weightedAverageShsOutDil": 50768000,
        "link": "https://www.sec.gov/Archives/edgar/data/910612/000091061200000007/0000910612-00-000007-index.htm",
        "finalLink": "https://www.sec.gov/Archives/edgar/data/910612/000091061200000007/"
    },
    {
        "date": "1999-12-31",
        "symbol": "CBL",
        "reportedCurrency": "USD",
        "cik": "0000910612",
        "fillingDate": "2000-03-29",
        "acceptedDate": "2000-03-29 00:00:00",
        "calendarYear": "1999",
        "period": "Q4",
        "revenue": 75303000,
        "costOfRevenue": 0,
        "grossProfit": 75303000,
        "grossProfitRatio": 1,
        "researchAndDevelopmentExpenses": 0,
        "generalAndAdministrativeExpenses": 4914000,
        "sellingAndMarketingExpenses": 366325000,
        "sellingGeneralAndAdministrativeExpenses": 371239000,
        "otherExpenses": 0,
        "operatingExpenses": 371239000,
        "costAndExpenses": 371239000,
        "interestIncome": 0,
        "interestExpense": 0,
        "depreciationAndAmortization": 15440000,
        "ebitda": 27535000,
        "ebitdaratio": 0.3656560828,
        "operatingIncome": 12095000,
        "operatingIncomeRatio": 0.1606177709,
        "totalOtherIncomeExpensesNet": 2200000,
        "incomeBeforeTax": 14295000,
        "incomeBeforeTaxRatio": 0.1898330744,
        "incomeTaxExpense": 2200000,
        "netIncome": 12095000,
        "netIncomeRatio": 0.1606177709,
        "eps": 0.24,
        "epsdiluted": 0.24,
        "weightedAverageShsOut": 50035000,
        "weightedAverageShsOutDil": 50768000,
        "link": "https://www.sec.gov/Archives/edgar/data/910612/000091061200000005/0000910612-00-000005-index.html",
        "finalLink": "https://www.sec.gov/Archives/edgar/data/910612/000091061200000005/"
    },
    {
        "date": "1999-09-30",
        "symbol": "CBL",
        "reportedCurrency": "USD",
        "cik": "0000910612",
        "fillingDate": "1999-11-15",
        "acceptedDate": "1999-11-15 00:00:00",
        "calendarYear": "1999",
        "period": "Q3",
        "revenue": 0,
        "costOfRevenue": 0,
        "grossProfit": 0,
        "grossProfitRatio": 0,
        "researchAndDevelopmentExpenses": 0,
        "generalAndAdministrativeExpenses": 0,
        "sellingAndMarketingExpenses": 0,
        "sellingGeneralAndAdministrativeExpenses": 0,
        "otherExpenses": 0,
        "operatingExpenses": 0,
        "costAndExpenses": 0,
        "interestIncome": 0,
        "interestExpense": 0,
        "depreciationAndAmortization": 13600000,
        "ebitda": 0,
        "ebitdaratio": 0,
        "operatingIncome": 0,
        "operatingIncomeRatio": 0,
        "totalOtherIncomeExpensesNet": 0,
        "incomeBeforeTax": 0,
        "incomeBeforeTaxRatio": 0,
        "incomeTaxExpense": 0,
        "netIncome": 0,
        "netIncomeRatio": 0,
        "eps": 0.25,
        "epsdiluted": 0.25,
        "weightedAverageShsOut": 49354000,
        "weightedAverageShsOutDil": 49870000,
        "link": "https://www.sec.gov/Archives/edgar/data/910612/000091061299000011/0000910612-99-000011-index.html",
        "finalLink": "https://www.sec.gov/Archives/edgar/data/910612/000091061299000011/"
    },
    {
        "date": "1999-06-30",
        "symbol": "CBL",
        "reportedCurrency": "USD",
        "cik": "0000910612",
        "fillingDate": "1999-08-13",
        "acceptedDate": "1999-08-13 00:00:00",
        "calendarYear": "1999",
        "period": "Q2",
        "revenue": 0,
        "costOfRevenue": 0,
        "grossProfit": 0,
        "grossProfitRatio": 0,
        "researchAndDevelopmentExpenses": 0,
        "generalAndAdministrativeExpenses": 0,
        "sellingAndMarketingExpenses": 0,
        "sellingGeneralAndAdministrativeExpenses": 0,
        "otherExpenses": 0,
        "operatingExpenses": 0,
        "costAndExpenses": 0,
        "interestIncome": 0,
        "interestExpense": 0,
        "depreciationAndAmortization": 13100000,
        "ebitda": 0,
        "ebitdaratio": 0,
        "operatingIncome": 0,
        "operatingIncomeRatio": 0,
        "totalOtherIncomeExpensesNet": 0,
        "incomeBeforeTax": 0,
        "incomeBeforeTaxRatio": 0,
        "incomeTaxExpense": 0,
        "netIncome": 0,
        "netIncomeRatio": 0,
        "eps": 0.27,
        "epsdiluted": 0.26,
        "weightedAverageShsOut": 49258000,
        "weightedAverageShsOutDil": 49742000,
        "link": "https://www.sec.gov/Archives/edgar/data/910612/000091061299000008/0000910612-99-000008-index.html",
        "finalLink": "https://www.sec.gov/Archives/edgar/data/910612/000091061299000008/"
    },
    {
        "date": "1999-03-31",
        "symbol": "CBL",
        "reportedCurrency": "USD",
        "cik": "0000910612",
        "fillingDate": "1999-05-14",
        "acceptedDate": "1999-05-14 00:00:00",
        "calendarYear": "1999",
        "period": "Q1",
        "revenue": 0,
        "costOfRevenue": 0,
        "grossProfit": 0,
        "grossProfitRatio": 0,
        "researchAndDevelopmentExpenses": 0,
        "generalAndAdministrativeExpenses": 0,
        "sellingAndMarketingExpenses": 0,
        "sellingGeneralAndAdministrativeExpenses": 0,
        "otherExpenses": 0,
        "operatingExpenses": 0,
        "costAndExpenses": 0,
        "interestIncome": 0,
        "interestExpense": 0,
        "depreciationAndAmortization": 13100000,
        "ebitda": 0,
        "ebitdaratio": 0,
        "operatingIncome": 0,
        "operatingIncomeRatio": 0,
        "totalOtherIncomeExpensesNet": 0,
        "incomeBeforeTax": 0,
        "incomeBeforeTaxRatio": 0,
        "incomeTaxExpense": 0,
        "netIncome": 0,
        "netIncomeRatio": 0,
        "eps": 0.25,
        "epsdiluted": 0.25,
        "weightedAverageShsOut": 45477500,
        "weightedAverageShsOutDil": 45846500,
        "link": "https://www.sec.gov/Archives/edgar/data/910612/000091061299000006/0000910612-99-000006-index.html",
        "finalLink": "https://www.sec.gov/Archives/edgar/data/910612/"
    },
    {
        "date": "1998-12-31",
        "symbol": "CBL",
        "reportedCurrency": "USD",
        "cik": "0000910612",
        "fillingDate": "1999-03-30",
        "acceptedDate": "1999-03-30 00:00:00",
        "calendarYear": "1998",
        "period": "Q4",
        "revenue": 69840000,
        "costOfRevenue": 0,
        "grossProfit": 69840000,
        "grossProfitRatio": 1,
        "researchAndDevelopmentExpenses": 0,
        "generalAndAdministrativeExpenses": 3341000,
        "sellingAndMarketingExpenses": 286660000,
        "sellingGeneralAndAdministrativeExpenses": 290001000,
        "otherExpenses": 0,
        "operatingExpenses": 290001000,
        "costAndExpenses": 290001000,
        "interestIncome": 0,
        "interestExpense": 0,
        "depreciationAndAmortization": 13557000,
        "ebitda": 25056000,
        "ebitdaratio": 0.3587628866,
        "operatingIncome": 11499000,
        "operatingIncomeRatio": 0.1646477663,
        "totalOtherIncomeExpensesNet": 0,
        "incomeBeforeTax": 0,
        "incomeBeforeTaxRatio": 0,
        "incomeTaxExpense": 0,
        "netIncome": 11499000,
        "netIncomeRatio": 0.1646477663,
        "eps": 0.25,
        "epsdiluted": 0.25,
        "weightedAverageShsOut": 45477500,
        "weightedAverageShsOutDil": 45846500,
        "link": "https://www.sec.gov/Archives/edgar/data/910612/000091061299000004/0000910612-99-000004-index.html",
        "finalLink": "https://www.sec.gov/Archives/edgar/data/910612/"
    },
    {
        "date": "1998-09-30",
        "symbol": "CBL",
        "reportedCurrency": "USD",
        "cik": "0000910612",
        "fillingDate": "1998-11-13",
        "acceptedDate": "1998-11-13 00:00:00",
        "calendarYear": "1998",
        "period": "Q3",
        "revenue": 0,
        "costOfRevenue": 0,
        "grossProfit": 0,
        "grossProfitRatio": 0,
        "researchAndDevelopmentExpenses": 0,
        "generalAndAdministrativeExpenses": 0,
        "sellingAndMarketingExpenses": 0,
        "sellingGeneralAndAdministrativeExpenses": 0,
        "otherExpenses": 0,
        "operatingExpenses": 0,
        "costAndExpenses": 0,
        "interestIncome": 0,
        "interestExpense": 0,
        "depreciationAndAmortization": 12100000,
        "ebitda": 0,
        "ebitdaratio": 0,
        "operatingIncome": 0,
        "operatingIncomeRatio": 0,
        "totalOtherIncomeExpensesNet": 0,
        "incomeBeforeTax": 0,
        "incomeBeforeTaxRatio": 0,
        "incomeTaxExpense": 0,
        "netIncome": 0,
        "netIncomeRatio": 0,
        "eps": 0.16,
        "epsdiluted": 0.16,
        "weightedAverageShsOut": 45477500,
        "weightedAverageShsOutDil": 45846500,
        "link": "https://www.sec.gov/Archives/edgar/data/910612/000091061298000017/0000910612-98-000017-index.html",
        "finalLink": "https://www.sec.gov/Archives/edgar/data/910612/"
    },
    {
        "date": "1998-06-30",
        "symbol": "CBL",
        "reportedCurrency": "USD",
        "cik": "0000910612",
        "fillingDate": "1998-08-14",
        "acceptedDate": "1998-08-14 00:00:00",
        "calendarYear": "1998",
        "period": "Q2",
        "revenue": 0,
        "costOfRevenue": 0,
        "grossProfit": 0,
        "grossProfitRatio": 0,
        "researchAndDevelopmentExpenses": 0,
        "generalAndAdministrativeExpenses": 0,
        "sellingAndMarketingExpenses": 0,
        "sellingGeneralAndAdministrativeExpenses": 0,
        "otherExpenses": 0,
        "operatingExpenses": 0,
        "costAndExpenses": 0,
        "interestIncome": 0,
        "interestExpense": 0,
        "depreciationAndAmortization": 10200000,
        "ebitda": 0,
        "ebitdaratio": 0,
        "operatingIncome": 0,
        "operatingIncomeRatio": 0,
        "totalOtherIncomeExpensesNet": 0,
        "incomeBeforeTax": 0,
        "incomeBeforeTaxRatio": 0,
        "incomeTaxExpense": 0,
        "netIncome": 0,
        "netIncomeRatio": 0,
        "eps": 0.19,
        "epsdiluted": 0.19,
        "weightedAverageShsOut": 45477500,
        "weightedAverageShsOutDil": 45846500,
        "link": "https://www.sec.gov/Archives/edgar/data/910612/000091061298000013/0000910612-98-000013-index.html",
        "finalLink": "https://www.sec.gov/Archives/edgar/data/910612/"
    },
    {
        "date": "1998-03-31",
        "symbol": "CBL",
        "reportedCurrency": "USD",
        "cik": "0000910612",
        "fillingDate": "1998-05-14",
        "acceptedDate": "1998-05-14 00:00:00",
        "calendarYear": "1998",
        "period": "Q1",
        "revenue": 0,
        "costOfRevenue": 0,
        "grossProfit": 0,
        "grossProfitRatio": 0,
        "researchAndDevelopmentExpenses": 0,
        "generalAndAdministrativeExpenses": 0,
        "sellingAndMarketingExpenses": 0,
        "sellingGeneralAndAdministrativeExpenses": 0,
        "otherExpenses": 0,
        "operatingExpenses": 0,
        "costAndExpenses": 0,
        "interestIncome": 0,
        "interestExpense": 0,
        "depreciationAndAmortization": 9500000,
        "ebitda": 0,
        "ebitdaratio": 0,
        "operatingIncome": 0,
        "operatingIncomeRatio": 0,
        "totalOtherIncomeExpensesNet": 0,
        "incomeBeforeTax": 0,
        "incomeBeforeTaxRatio": 0,
        "incomeTaxExpense": 0,
        "netIncome": 0,
        "netIncomeRatio": 0,
        "eps": 0.22,
        "epsdiluted": 0.22,
        "weightedAverageShsOut": 45477500,
        "weightedAverageShsOutDil": 45846500,
        "link": "https://www.sec.gov/Archives/edgar/data/910612/000091061298000010/0000910612-98-000010-index.html",
        "finalLink": "https://www.sec.gov/Archives/edgar/data/910612/"
    },
    {
        "date": "1997-12-31",
        "symbol": "CBL",
        "reportedCurrency": "USD",
        "cik": "0000910612",
        "fillingDate": "1998-03-30",
        "acceptedDate": "1998-03-30 00:00:00",
        "calendarYear": "1997",
        "period": "Q4",
        "revenue": 44904000,
        "costOfRevenue": 0,
        "grossProfit": 44904000,
        "grossProfitRatio": 1,
        "researchAndDevelopmentExpenses": 0,
        "generalAndAdministrativeExpenses": 2649000,
        "sellingAndMarketingExpenses": 195951000,
        "sellingGeneralAndAdministrativeExpenses": 198600000,
        "otherExpenses": 0,
        "operatingExpenses": 198600000,
        "costAndExpenses": 198600000,
        "interestIncome": 0,
        "interestExpense": 0,
        "depreciationAndAmortization": 8963000,
        "ebitda": 19204000,
        "ebitdaratio": 0.4276679138,
        "operatingIncome": 10241000,
        "operatingIncomeRatio": 0.228064315,
        "totalOtherIncomeExpensesNet": 0,
        "incomeBeforeTax": 0,
        "incomeBeforeTaxRatio": 0,
        "incomeTaxExpense": 0,
        "netIncome": 10241000,
        "netIncomeRatio": 0.228064315,
        "eps": 0.23,
        "epsdiluted": 0.22,
        "weightedAverageShsOut": 45477500,
        "weightedAverageShsOutDil": 45846500,
        "link": "https://www.sec.gov/Archives/edgar/data/910612/000091061298000006/0000910612-98-000006-index.html",
        "finalLink": "https://www.sec.gov/Archives/edgar/data/910612/"
    },
    {
        "date": "1997-09-30",
        "symbol": "CBL",
        "reportedCurrency": "USD",
        "cik": "0000910612",
        "fillingDate": "1997-11-14",
        "acceptedDate": "1997-11-14 00:00:00",
        "calendarYear": "1997",
        "period": "Q3",
        "revenue": 0,
        "costOfRevenue": 0,
        "grossProfit": 0,
        "grossProfitRatio": 0,
        "researchAndDevelopmentExpenses": 0,
        "generalAndAdministrativeExpenses": 0,
        "sellingAndMarketingExpenses": 0,
        "sellingGeneralAndAdministrativeExpenses": 0,
        "otherExpenses": 0,
        "operatingExpenses": 0,
        "costAndExpenses": 0,
        "interestIncome": 0,
        "interestExpense": 0,
        "depreciationAndAmortization": 8000000,
        "ebitda": 0,
        "ebitdaratio": 0,
        "operatingIncome": 0,
        "operatingIncomeRatio": 0,
        "totalOtherIncomeExpensesNet": 0,
        "incomeBeforeTax": 0,
        "incomeBeforeTaxRatio": 0,
        "incomeTaxExpense": 0,
        "netIncome": 0,
        "netIncomeRatio": 0,
        "eps": 0.16,
        "epsdiluted": 0.14,
        "weightedAverageShsOut": 45477500,
        "weightedAverageShsOutDil": 45846500,
        "link": "https://www.sec.gov/Archives/edgar/data/910612/000091061297000023/0000910612-97-000023-index.html",
        "finalLink": "https://www.sec.gov/Archives/edgar/data/910612/"
    },
    {
        "date": "1997-06-30",
        "symbol": "CBL",
        "reportedCurrency": "USD",
        "cik": "0000910612",
        "fillingDate": "1997-08-14",
        "acceptedDate": "1997-08-14 00:00:00",
        "calendarYear": "1997",
        "period": "Q2",
        "revenue": 0,
        "costOfRevenue": 0,
        "grossProfit": 0,
        "grossProfitRatio": 0,
        "researchAndDevelopmentExpenses": 0,
        "generalAndAdministrativeExpenses": 0,
        "sellingAndMarketingExpenses": 0,
        "sellingGeneralAndAdministrativeExpenses": 0,
        "otherExpenses": 0,
        "operatingExpenses": 0,
        "costAndExpenses": 0,
        "interestIncome": 0,
        "interestExpense": 0,
        "depreciationAndAmortization": 5700000,
        "ebitda": 0,
        "ebitdaratio": 0,
        "operatingIncome": 0,
        "operatingIncomeRatio": 0,
        "totalOtherIncomeExpensesNet": 0,
        "incomeBeforeTax": 0,
        "incomeBeforeTaxRatio": 0,
        "incomeTaxExpense": 0,
        "netIncome": 0,
        "netIncomeRatio": 0,
        "eps": 0.16,
        "epsdiluted": 0.16,
        "weightedAverageShsOut": 45477500,
        "weightedAverageShsOutDil": 45846500,
        "link": "https://www.sec.gov/Archives/edgar/data/910612/000091061297000020/0000910612-97-000020-index.html",
        "finalLink": "https://www.sec.gov/Archives/edgar/data/910612/"
    },
    {
        "date": "1997-03-31",
        "symbol": "CBL",
        "reportedCurrency": "USD",
        "cik": "0000910612",
        "fillingDate": "1997-05-14",
        "acceptedDate": "1997-05-14 00:00:00",
        "calendarYear": "1997",
        "period": "Q1",
        "revenue": 0,
        "costOfRevenue": 0,
        "grossProfit": 0,
        "grossProfitRatio": 0,
        "researchAndDevelopmentExpenses": 0,
        "generalAndAdministrativeExpenses": 0,
        "sellingAndMarketingExpenses": 0,
        "sellingGeneralAndAdministrativeExpenses": 0,
        "otherExpenses": 0,
        "operatingExpenses": 0,
        "costAndExpenses": 0,
        "interestIncome": 0,
        "interestExpense": 0,
        "depreciationAndAmortization": 10700000,
        "ebitda": 0,
        "ebitdaratio": 0,
        "operatingIncome": 0,
        "operatingIncomeRatio": 0,
        "totalOtherIncomeExpensesNet": 0,
        "incomeBeforeTax": 0,
        "incomeBeforeTaxRatio": 0,
        "incomeTaxExpense": 0,
        "netIncome": 0,
        "netIncomeRatio": 0,
        "eps": 0.18,
        "epsdiluted": 0.18,
        "weightedAverageShsOut": 45477500,
        "weightedAverageShsOutDil": 45846500,
        "link": "https://www.sec.gov/Archives/edgar/data/910612/000091061297000017/0000910612-97-000017-index.html",
        "finalLink": "https://www.sec.gov/Archives/edgar/data/910612/"
    },
    {
        "date": "1996-12-31",
        "symbol": "CBL",
        "reportedCurrency": "USD",
        "cik": "0000910612",
        "fillingDate": "1997-03-31",
        "acceptedDate": "1997-03-31 00:00:00",
        "calendarYear": "1996",
        "period": "Q4",
        "revenue": 29505000,
        "costOfRevenue": 0,
        "grossProfit": 29505000,
        "grossProfitRatio": 1,
        "researchAndDevelopmentExpenses": 0,
        "generalAndAdministrativeExpenses": 2267000,
        "sellingAndMarketingExpenses": 160045000,
        "sellingGeneralAndAdministrativeExpenses": 162312000,
        "otherExpenses": 0,
        "operatingExpenses": 162312000,
        "costAndExpenses": 162312000,
        "interestIncome": 0,
        "interestExpense": 0,
        "depreciationAndAmortization": 7741000,
        "ebitda": 17764000,
        "ebitdaratio": 0.6020674462,
        "operatingIncome": 10023000,
        "operatingIncomeRatio": 0.3397051347,
        "totalOtherIncomeExpensesNet": 0,
        "incomeBeforeTax": 0,
        "incomeBeforeTaxRatio": 0,
        "incomeTaxExpense": 0,
        "netIncome": 10023000,
        "netIncomeRatio": 0.3397051347,
        "eps": 0.28,
        "epsdiluted": 0.27,
        "weightedAverageShsOut": 36074000,
        "weightedAverageShsOutDil": 37091000,
        "link": "https://www.sec.gov/Archives/edgar/data/910612/000091061297000013/0000910612-97-000013-index.html",
        "finalLink": "https://www.sec.gov/Archives/edgar/data/910612/"
    },
    {
        "date": "1996-09-30",
        "symbol": "CBL",
        "reportedCurrency": "USD",
        "cik": "0000910612",
        "fillingDate": "1996-11-13",
        "acceptedDate": "1996-11-13 00:00:00",
        "calendarYear": "1996",
        "period": "Q3",
        "revenue": 0,
        "costOfRevenue": 0,
        "grossProfit": 0,
        "grossProfitRatio": 0,
        "researchAndDevelopmentExpenses": 0,
        "generalAndAdministrativeExpenses": 0,
        "sellingAndMarketingExpenses": 0,
        "sellingGeneralAndAdministrativeExpenses": 0,
        "otherExpenses": 0,
        "operatingExpenses": 0,
        "costAndExpenses": 0,
        "interestIncome": 0,
        "interestExpense": 0,
        "depreciationAndAmortization": 6500000,
        "ebitda": 0,
        "ebitdaratio": 0,
        "operatingIncome": 0,
        "operatingIncomeRatio": 0,
        "totalOtherIncomeExpensesNet": 0,
        "incomeBeforeTax": 0,
        "incomeBeforeTaxRatio": 0,
        "incomeTaxExpense": 0,
        "netIncome": 0,
        "netIncomeRatio": 0,
        "eps": 0.14,
        "epsdiluted": 0.14,
        "weightedAverageShsOut": 48571000,
        "weightedAverageShsOutDil": 48571000,
        "link": "https://www.sec.gov/Archives/edgar/data/910612/000091061296000017/0000910612-96-000017-index.html",
        "finalLink": "https://www.sec.gov/Archives/edgar/data/910612/"
    },
    {
        "date": "1996-06-30",
        "symbol": "CBL",
        "reportedCurrency": "USD",
        "cik": "0000910612",
        "fillingDate": "1996-08-14",
        "acceptedDate": "1996-08-14 00:00:00",
        "calendarYear": "1996",
        "period": "Q2",
        "revenue": 0,
        "costOfRevenue": 0,
        "grossProfit": 0,
        "grossProfitRatio": 0,
        "researchAndDevelopmentExpenses": 0,
        "generalAndAdministrativeExpenses": 0,
        "sellingAndMarketingExpenses": 0,
        "sellingGeneralAndAdministrativeExpenses": 0,
        "otherExpenses": 0,
        "operatingExpenses": 0,
        "costAndExpenses": 0,
        "interestIncome": 0,
        "interestExpense": 0,
        "depreciationAndAmortization": 0,
        "ebitda": 0,
        "ebitdaratio": 0,
        "operatingIncome": 0,
        "operatingIncomeRatio": 0,
        "totalOtherIncomeExpensesNet": 0,
        "incomeBeforeTax": 0,
        "incomeBeforeTaxRatio": 0,
        "incomeTaxExpense": 0,
        "netIncome": 0,
        "netIncomeRatio": 0,
        "eps": 0.26,
        "epsdiluted": 0.26,
        "weightedAverageShsOut": 41923000,
        "weightedAverageShsOutDil": 41923000,
        "link": "https://www.sec.gov/Archives/edgar/data/910612/000091061296000013/0000910612-96-000013-index.html",
        "finalLink": "https://www.sec.gov/Archives/edgar/data/910612/"
    },
    {
        "date": "1996-03-31",
        "symbol": "CBL",
        "reportedCurrency": "USD",
        "cik": "0000910612",
        "fillingDate": "1996-05-14",
        "acceptedDate": "1996-05-14 00:00:00",
        "calendarYear": "1996",
        "period": "Q1",
        "revenue": 0,
        "costOfRevenue": 0,
        "grossProfit": 0,
        "grossProfitRatio": 0,
        "researchAndDevelopmentExpenses": 0,
        "generalAndAdministrativeExpenses": 0,
        "sellingAndMarketingExpenses": 0,
        "sellingGeneralAndAdministrativeExpenses": 0,
        "otherExpenses": 0,
        "operatingExpenses": 0,
        "costAndExpenses": 0,
        "interestIncome": 0,
        "interestExpense": 0,
        "depreciationAndAmortization": 0,
        "ebitda": 0,
        "ebitdaratio": 0,
        "operatingIncome": 0,
        "operatingIncomeRatio": 0,
        "totalOtherIncomeExpensesNet": 0,
        "incomeBeforeTax": 0,
        "incomeBeforeTaxRatio": 0,
        "incomeTaxExpense": 0,
        "netIncome": 0,
        "netIncomeRatio": 0,
        "eps": 0.16,
        "epsdiluted": 0.16,
        "weightedAverageShsOut": 41875000,
        "weightedAverageShsOutDil": 41875000,
        "link": "https://www.sec.gov/Archives/edgar/data/910612/000091061296000008/0000910612-96-000008-index.html",
        "finalLink": "https://www.sec.gov/Archives/edgar/data/910612/"
    },
    {
        "date": "1995-12-31",
        "symbol": "CBL",
        "reportedCurrency": "USD",
        "cik": "0000910612",
        "fillingDate": "1995-12-31",
        "acceptedDate": "1995-12-31 00:00:00",
        "calendarYear": "1995",
        "period": "Q4",
        "revenue": 0,
        "costOfRevenue": 0,
        "grossProfit": 0,
        "grossProfitRatio": 0,
        "researchAndDevelopmentExpenses": 0,
        "generalAndAdministrativeExpenses": 0,
        "sellingAndMarketingExpenses": 0,
        "sellingGeneralAndAdministrativeExpenses": 0,
        "otherExpenses": 0,
        "operatingExpenses": 0,
        "costAndExpenses": 0,
        "interestIncome": 0,
        "interestExpense": 0,
        "depreciationAndAmortization": 0,
        "ebitda": 0,
        "ebitdaratio": 0,
        "operatingIncome": 0,
        "operatingIncomeRatio": 0,
        "totalOtherIncomeExpensesNet": 0,
        "incomeBeforeTax": 0,
        "incomeBeforeTaxRatio": 0,
        "incomeTaxExpense": 0,
        "netIncome": 0,
        "netIncomeRatio": 0,
        "eps": 0.14,
        "epsdiluted": 0.14,
        "weightedAverageShsOut": 41652000,
        "weightedAverageShsOutDil": 41652000,
        "link": null,
        "finalLink": null
    },
    {
        "date": "1995-09-30",
        "symbol": "CBL",
        "reportedCurrency": "USD",
        "cik": "0000910612",
        "fillingDate": "1995-09-30",
        "acceptedDate": "1995-09-30 00:00:00",
        "calendarYear": "1995",
        "period": "Q3",
        "revenue": 0,
        "costOfRevenue": 0,
        "grossProfit": 0,
        "grossProfitRatio": 0,
        "researchAndDevelopmentExpenses": 0,
        "generalAndAdministrativeExpenses": 0,
        "sellingAndMarketingExpenses": 0,
        "sellingGeneralAndAdministrativeExpenses": 0,
        "otherExpenses": 0,
        "operatingExpenses": 0,
        "costAndExpenses": 0,
        "interestIncome": 0,
        "interestExpense": 0,
        "depreciationAndAmortization": 0,
        "ebitda": 0,
        "ebitdaratio": 0,
        "operatingIncome": 0,
        "operatingIncomeRatio": 0,
        "totalOtherIncomeExpensesNet": 0,
        "incomeBeforeTax": 0,
        "incomeBeforeTaxRatio": 0,
        "incomeTaxExpense": 0,
        "netIncome": 0,
        "netIncomeRatio": 0,
        "eps": 0.13,
        "epsdiluted": 0.13,
        "weightedAverageShsOut": 35385000,
        "weightedAverageShsOutDil": 35385000,
        "link": null,
        "finalLink": null
    },
    {
        "date": "1995-06-30",
        "symbol": "CBL",
        "reportedCurrency": "USD",
        "cik": "0000910612",
        "fillingDate": "1995-06-30",
        "acceptedDate": "1995-06-30 00:00:00",
        "calendarYear": "1995",
        "period": "Q2",
        "revenue": 0,
        "costOfRevenue": 0,
        "grossProfit": 0,
        "grossProfitRatio": 0,
        "researchAndDevelopmentExpenses": 0,
        "generalAndAdministrativeExpenses": 0,
        "sellingAndMarketingExpenses": 0,
        "sellingGeneralAndAdministrativeExpenses": 0,
        "otherExpenses": 0,
        "operatingExpenses": 0,
        "costAndExpenses": 0,
        "interestIncome": 0,
        "interestExpense": 0,
        "depreciationAndAmortization": 0,
        "ebitda": 0,
        "ebitdaratio": 0,
        "operatingIncome": 0,
        "operatingIncomeRatio": 0,
        "totalOtherIncomeExpensesNet": 0,
        "incomeBeforeTax": 0,
        "incomeBeforeTaxRatio": 0,
        "incomeTaxExpense": 0,
        "netIncome": 0,
        "netIncomeRatio": 0,
        "eps": 0.15,
        "epsdiluted": 0.15,
        "weightedAverageShsOut": 33333000,
        "weightedAverageShsOutDil": 33333000,
        "link": null,
        "finalLink": null
    },
    {
        "date": "1995-03-31",
        "symbol": "CBL",
        "reportedCurrency": "USD",
        "cik": "0000910612",
        "fillingDate": "1995-03-31",
        "acceptedDate": "1995-03-31 00:00:00",
        "calendarYear": "1995",
        "period": "Q1",
        "revenue": 0,
        "costOfRevenue": 0,
        "grossProfit": 0,
        "grossProfitRatio": 0,
        "researchAndDevelopmentExpenses": 0,
        "generalAndAdministrativeExpenses": 0,
        "sellingAndMarketingExpenses": 0,
        "sellingGeneralAndAdministrativeExpenses": 0,
        "otherExpenses": 0,
        "operatingExpenses": 0,
        "costAndExpenses": 0,
        "interestIncome": 0,
        "interestExpense": 0,
        "depreciationAndAmortization": 0,
        "ebitda": 0,
        "ebitdaratio": 0,
        "operatingIncome": 0,
        "operatingIncomeRatio": 0,
        "totalOtherIncomeExpensesNet": 0,
        "incomeBeforeTax": 0,
        "incomeBeforeTaxRatio": 0,
        "incomeTaxExpense": 0,
        "netIncome": 0,
        "netIncomeRatio": 0,
        "eps": 0.14,
        "epsdiluted": 0.14,
        "weightedAverageShsOut": 33333000,
        "weightedAverageShsOutDil": 33333000,
        "link": null,
        "finalLink": null
    },
    {
        "date": "1994-12-31",
        "symbol": "CBL",
        "reportedCurrency": "USD",
        "cik": "0000910612",
        "fillingDate": "1994-12-31",
        "acceptedDate": "1994-12-31 00:00:00",
        "calendarYear": "1994",
        "period": "Q4",
        "revenue": 0,
        "costOfRevenue": 0,
        "grossProfit": 0,
        "grossProfitRatio": 0,
        "researchAndDevelopmentExpenses": 0,
        "generalAndAdministrativeExpenses": 0,
        "sellingAndMarketingExpenses": 0,
        "sellingGeneralAndAdministrativeExpenses": 0,
        "otherExpenses": 0,
        "operatingExpenses": 0,
        "costAndExpenses": 0,
        "interestIncome": 0,
        "interestExpense": 0,
        "depreciationAndAmortization": 0,
        "ebitda": 0,
        "ebitdaratio": 0,
        "operatingIncome": 0,
        "operatingIncomeRatio": 0,
        "totalOtherIncomeExpensesNet": 0,
        "incomeBeforeTax": 0,
        "incomeBeforeTaxRatio": 0,
        "incomeTaxExpense": 0,
        "netIncome": 0,
        "netIncomeRatio": 0,
        "eps": 0.15,
        "epsdiluted": 0.15,
        "weightedAverageShsOut": 33333000,
        "weightedAverageShsOutDil": 33333000,
        "link": null,
        "finalLink": null
    },
    {
        "date": "1994-09-30",
        "symbol": "CBL",
        "reportedCurrency": "USD",
        "cik": "0000910612",
        "fillingDate": "1994-09-30",
        "acceptedDate": "1994-09-30 00:00:00",
        "calendarYear": "1994",
        "period": "Q3",
        "revenue": 0,
        "costOfRevenue": 0,
        "grossProfit": 0,
        "grossProfitRatio": 0,
        "researchAndDevelopmentExpenses": 0,
        "generalAndAdministrativeExpenses": 0,
        "sellingAndMarketingExpenses": 0,
        "sellingGeneralAndAdministrativeExpenses": 0,
        "otherExpenses": 0,
        "operatingExpenses": 0,
        "costAndExpenses": 0,
        "interestIncome": 0,
        "interestExpense": 0,
        "depreciationAndAmortization": 0,
        "ebitda": 0,
        "ebitdaratio": 0,
        "operatingIncome": 0,
        "operatingIncomeRatio": 0,
        "totalOtherIncomeExpensesNet": 0,
        "incomeBeforeTax": 0,
        "incomeBeforeTaxRatio": 0,
        "incomeTaxExpense": 0,
        "netIncome": 0,
        "netIncomeRatio": 0,
        "eps": 0.12,
        "epsdiluted": 0.12,
        "weightedAverageShsOut": 33333000,
        "weightedAverageShsOutDil": 33333000,
        "link": null,
        "finalLink": null
    },
    {
        "date": "1994-06-30",
        "symbol": "CBL",
        "reportedCurrency": "USD",
        "cik": "0000910612",
        "fillingDate": "1994-06-30",
        "acceptedDate": "1994-06-30 00:00:00",
        "calendarYear": "1994",
        "period": "Q2",
        "revenue": 0,
        "costOfRevenue": 0,
        "grossProfit": 0,
        "grossProfitRatio": 0,
        "researchAndDevelopmentExpenses": 0,
        "generalAndAdministrativeExpenses": 0,
        "sellingAndMarketingExpenses": 0,
        "sellingGeneralAndAdministrativeExpenses": 0,
        "otherExpenses": 0,
        "operatingExpenses": 0,
        "costAndExpenses": 0,
        "interestIncome": 0,
        "interestExpense": 0,
        "depreciationAndAmortization": 0,
        "ebitda": 0,
        "ebitdaratio": 0,
        "operatingIncome": 0,
        "operatingIncomeRatio": 0,
        "totalOtherIncomeExpensesNet": 0,
        "incomeBeforeTax": 0,
        "incomeBeforeTaxRatio": 0,
        "incomeTaxExpense": 0,
        "netIncome": 0,
        "netIncomeRatio": 0,
        "eps": 0.13,
        "epsdiluted": 0.13,
        "weightedAverageShsOut": 33077000,
        "weightedAverageShsOutDil": 33077000,
        "link": null,
        "finalLink": null
    },
    {
        "date": "1994-03-31",
        "symbol": "CBL",
        "reportedCurrency": "USD",
        "cik": "0000910612",
        "fillingDate": "1994-03-31",
        "acceptedDate": "1994-03-31 00:00:00",
        "calendarYear": "1994",
        "period": "Q1",
        "revenue": 0,
        "costOfRevenue": 0,
        "grossProfit": 0,
        "grossProfitRatio": 0,
        "researchAndDevelopmentExpenses": 0,
        "generalAndAdministrativeExpenses": 0,
        "sellingAndMarketingExpenses": 0,
        "sellingGeneralAndAdministrativeExpenses": 0,
        "otherExpenses": 0,
        "operatingExpenses": 0,
        "costAndExpenses": 0,
        "interestIncome": 0,
        "interestExpense": 0,
        "depreciationAndAmortization": 0,
        "ebitda": 0,
        "ebitdaratio": 0,
        "operatingIncome": 0,
        "operatingIncomeRatio": 0,
        "totalOtherIncomeExpensesNet": 0,
        "incomeBeforeTax": 0,
        "incomeBeforeTaxRatio": 0,
        "incomeTaxExpense": 0,
        "netIncome": 0,
        "netIncomeRatio": 0,
        "eps": 0.13,
        "epsdiluted": 0.13,
        "weightedAverageShsOut": 32308000,
        "weightedAverageShsOutDil": 32308000,
        "link": null,
        "finalLink": null
    },
    {
        "date": "1993-12-31",
        "symbol": "CBL",
        "reportedCurrency": "USD",
        "cik": "0000910612",
        "fillingDate": "1993-12-31",
        "acceptedDate": "1993-12-31 00:00:00",
        "calendarYear": "1993",
        "period": "Q4",
        "revenue": 0,
        "costOfRevenue": 0,
        "grossProfit": 0,
        "grossProfitRatio": 0,
        "researchAndDevelopmentExpenses": 0,
        "generalAndAdministrativeExpenses": 0,
        "sellingAndMarketingExpenses": 0,
        "sellingGeneralAndAdministrativeExpenses": 0,
        "otherExpenses": 0,
        "operatingExpenses": 0,
        "costAndExpenses": 0,
        "interestIncome": 0,
        "interestExpense": 0,
        "depreciationAndAmortization": 0,
        "ebitda": 0,
        "ebitdaratio": 0,
        "operatingIncome": 0,
        "operatingIncomeRatio": 0,
        "totalOtherIncomeExpensesNet": 0,
        "incomeBeforeTax": 0,
        "incomeBeforeTaxRatio": 0,
        "incomeTaxExpense": 0,
        "netIncome": 0,
        "netIncomeRatio": 0,
        "eps": -0.0391,
        "epsdiluted": -0.0391,
        "weightedAverageShsOut": 33248000,
        "weightedAverageShsOutDil": 33248000,
        "link": null,
        "finalLink": null
    },
    {
        "date": "1993-09-30",
        "symbol": "CBL",
        "reportedCurrency": "USD",
        "cik": "0000910612",
        "fillingDate": "1993-09-30",
        "acceptedDate": "1993-09-30 00:00:00",
        "calendarYear": "1993",
        "period": "Q3",
        "revenue": 0,
        "costOfRevenue": 0,
        "grossProfit": 0,
        "grossProfitRatio": 0,
        "researchAndDevelopmentExpenses": 0,
        "generalAndAdministrativeExpenses": 0,
        "sellingAndMarketingExpenses": 0,
        "sellingGeneralAndAdministrativeExpenses": 0,
        "otherExpenses": 0,
        "operatingExpenses": 0,
        "costAndExpenses": 0,
        "interestIncome": 0,
        "interestExpense": 0,
        "depreciationAndAmortization": 0,
        "ebitda": 0,
        "ebitdaratio": 0,
        "operatingIncome": 0,
        "operatingIncomeRatio": 0,
        "totalOtherIncomeExpensesNet": 0,
        "incomeBeforeTax": 0,
        "incomeBeforeTaxRatio": 0,
        "incomeTaxExpense": 0,
        "netIncome": 0,
        "netIncomeRatio": 0,
        "eps": 0.2,
        "epsdiluted": 0.2,
        "weightedAverageShsOut": 51600000,
        "weightedAverageShsOutDil": 51600000,
        "link": null,
        "finalLink": null
    },
    {
        "date": "1993-06-30",
        "symbol": "CBL",
        "reportedCurrency": "USD",
        "cik": "0000910612",
        "fillingDate": "1993-06-30",
        "acceptedDate": "1993-06-30 00:00:00",
        "calendarYear": "1993",
        "period": "Q2",
        "revenue": 0,
        "costOfRevenue": 0,
        "grossProfit": 0,
        "grossProfitRatio": 0,
        "researchAndDevelopmentExpenses": 0,
        "generalAndAdministrativeExpenses": 0,
        "sellingAndMarketingExpenses": 0,
        "sellingGeneralAndAdministrativeExpenses": 0,
        "otherExpenses": 0,
        "operatingExpenses": 0,
        "costAndExpenses": 0,
        "interestIncome": 0,
        "interestExpense": 0,
        "depreciationAndAmortization": 0,
        "ebitda": 0,
        "ebitdaratio": 0,
        "operatingIncome": 0,
        "operatingIncomeRatio": 0,
        "totalOtherIncomeExpensesNet": 0,
        "incomeBeforeTax": 0,
        "incomeBeforeTaxRatio": 0,
        "incomeTaxExpense": 0,
        "netIncome": 0,
        "netIncomeRatio": 0,
        "eps": 0.18,
        "epsdiluted": 0.18,
        "weightedAverageShsOut": 51600000,
        "weightedAverageShsOutDil": 51600000,
        "link": null,
        "finalLink": null
    },
    {
        "date": "1993-03-31",
        "symbol": "CBL",
        "reportedCurrency": "USD",
        "cik": "0000910612",
        "fillingDate": "1993-03-31",
        "acceptedDate": "1993-03-31 00:00:00",
        "calendarYear": "1993",
        "period": "Q1",
        "revenue": 0,
        "costOfRevenue": 0,
        "grossProfit": 0,
        "grossProfitRatio": 0,
        "researchAndDevelopmentExpenses": 0,
        "generalAndAdministrativeExpenses": 0,
        "sellingAndMarketingExpenses": 0,
        "sellingGeneralAndAdministrativeExpenses": 0,
        "otherExpenses": 0,
        "operatingExpenses": 0,
        "costAndExpenses": 0,
        "interestIncome": 0,
        "interestExpense": 0,
        "depreciationAndAmortization": 0,
        "ebitda": 0,
        "ebitdaratio": 0,
        "operatingIncome": 0,
        "operatingIncomeRatio": 0,
        "totalOtherIncomeExpensesNet": 0,
        "incomeBeforeTax": 0,
        "incomeBeforeTaxRatio": 0,
        "incomeTaxExpense": 0,
        "netIncome": 0,
        "netIncomeRatio": 0,
        "eps": 0.18,
        "epsdiluted": 0.18,
        "weightedAverageShsOut": 51600000,
        "weightedAverageShsOutDil": 51600000,
        "link": null,
        "finalLink": null
    }
]