[
    {
        "date": "2025-06-30",
        "symbol": "CC",
        "reportedCurrency": "USD",
        "cik": "0001627223",
        "fillingDate": "2025-08-05",
        "acceptedDate": "2025-08-05 17:12:10",
        "calendarYear": "2025",
        "period": "Q2",
        "revenue": 1615000000,
        "costOfRevenue": 1337000000,
        "grossProfit": 278000000,
        "grossProfitRatio": 0.1721362229,
        "researchAndDevelopmentExpenses": 28000000,
        "generalAndAdministrativeExpenses": 0,
        "sellingAndMarketingExpenses": 0,
        "sellingGeneralAndAdministrativeExpenses": 437000000,
        "otherExpenses": 0,
        "operatingExpenses": 465000000,
        "costAndExpenses": 1802000000,
        "interestIncome": 0,
        "interestExpense": 66000000,
        "depreciationAndAmortization": 91000000,
        "ebitda": -187000000,
        "ebitdaratio": -0.1157894737,
        "operatingIncome": -187000000,
        "operatingIncomeRatio": -0.1157894737,
        "totalOtherIncomeExpensesNet": -74000000,
        "incomeBeforeTax": -261000000,
        "incomeBeforeTaxRatio": -0.1616099071,
        "incomeTaxExpense": 119000000,
        "netIncome": -381000000,
        "netIncomeRatio": -0.2359133127,
        "eps": -2.54,
        "epsdiluted": -2.54,
        "weightedAverageShsOut": 150238691,
        "weightedAverageShsOutDil": 150238691,
        "link": "https://www.sec.gov/Archives/edgar/data/1627223/000095017025103212/0000950170-25-103212-index.htm",
        "finalLink": "https://www.sec.gov/Archives/edgar/data/1627223/000095017025103212/cc-20250630.htm"
    },
    {
        "date": "2025-03-31",
        "symbol": "CC",
        "reportedCurrency": "USD",
        "cik": "0001627223",
        "fillingDate": "2025-05-06",
        "acceptedDate": "2025-05-06 16:35:35",
        "calendarYear": "2025",
        "period": "Q1",
        "revenue": 1368000000,
        "costOfRevenue": 1132000000,
        "grossProfit": 236000000,
        "grossProfitRatio": 0.1725146199,
        "researchAndDevelopmentExpenses": 27000000,
        "generalAndAdministrativeExpenses": 0,
        "sellingAndMarketingExpenses": 0,
        "sellingGeneralAndAdministrativeExpenses": 123000000,
        "otherExpenses": 8000000,
        "operatingExpenses": 158000000,
        "costAndExpenses": 1290000000,
        "interestIncome": 0,
        "interestExpense": 66000000,
        "depreciationAndAmortization": 88000000,
        "ebitda": 154000000,
        "ebitdaratio": 0.1125730994,
        "operatingIncome": 78000000,
        "operatingIncomeRatio": 0.0570175439,
        "totalOtherIncomeExpensesNet": -88000000,
        "incomeBeforeTax": 78000000,
        "incomeBeforeTaxRatio": 0.0570175439,
        "incomeTaxExpense": 4000000,
        "netIncome": -4000000,
        "netIncomeRatio": -0.0029239766,
        "eps": -0.0267,
        "epsdiluted": -0.0267,
        "weightedAverageShsOut": 149918000,
        "weightedAverageShsOutDil": 150410000,
        "link": "https://www.sec.gov/Archives/edgar/data/1627223/000095017025064546/0000950170-25-064546-index.htm",
        "finalLink": "https://www.sec.gov/Archives/edgar/data/1627223/000095017025064546/cc-20250331.htm"
    },
    {
        "date": "2024-12-31",
        "symbol": "CC",
        "reportedCurrency": "USD",
        "cik": "0001627223",
        "fillingDate": "2025-02-18",
        "acceptedDate": "2025-02-18 06:14:44",
        "calendarYear": "2024",
        "period": "Q4",
        "revenue": 1394000000,
        "costOfRevenue": 1121000000,
        "grossProfit": 273000000,
        "grossProfitRatio": 0.1958393113,
        "researchAndDevelopmentExpenses": 26000000,
        "generalAndAdministrativeExpenses": 144000000,
        "sellingAndMarketingExpenses": 2000000,
        "sellingGeneralAndAdministrativeExpenses": 169000000,
        "otherExpenses": 3000000,
        "operatingExpenses": 198000000,
        "costAndExpenses": 1316000000,
        "interestIncome": 0,
        "interestExpense": 67000000,
        "depreciationAndAmortization": 78000000,
        "ebitda": 153000000,
        "ebitdaratio": 0.1097560976,
        "operatingIncome": 78000000,
        "operatingIncomeRatio": 0.055954089,
        "totalOtherIncomeExpensesNet": 0,
        "incomeBeforeTax": 9000000,
        "incomeBeforeTaxRatio": 0.006456241,
        "incomeTaxExpense": 17000000,
        "netIncome": -8000000,
        "netIncomeRatio": -0.0057388809,
        "eps": -0.0534,
        "epsdiluted": -0.0534,
        "weightedAverageShsOut": 149826000,
        "weightedAverageShsOutDil": 149826000,
        "link": "https://www.sec.gov/Archives/edgar/data/1627223/000095017025021787/0000950170-25-021787-index.htm",
        "finalLink": "https://www.sec.gov/Archives/edgar/data/1627223/000095017025021787/cc-20241231.htm"
    },
    {
        "date": "2024-09-30",
        "symbol": "CC",
        "reportedCurrency": "USD",
        "cik": "0001627223",
        "fillingDate": "2024-11-04",
        "acceptedDate": "2024-11-04 06:41:08",
        "calendarYear": "2024",
        "period": "Q3",
        "revenue": 1501000000,
        "costOfRevenue": 1215000000,
        "grossProfit": 286000000,
        "grossProfitRatio": 0.1905396402,
        "researchAndDevelopmentExpenses": 29000000,
        "generalAndAdministrativeExpenses": 0,
        "sellingAndMarketingExpenses": 0,
        "sellingGeneralAndAdministrativeExpenses": 135000000,
        "otherExpenses": 0,
        "operatingExpenses": 164000000,
        "costAndExpenses": 1379000000,
        "interestIncome": 0,
        "interestExpense": 69000000,
        "depreciationAndAmortization": 78000000,
        "ebitda": 117000000,
        "ebitdaratio": 0.0779480346,
        "operatingIncome": 122000000,
        "operatingIncomeRatio": 0.0812791472,
        "totalOtherIncomeExpensesNet": -152000000,
        "incomeBeforeTax": -30000000,
        "incomeBeforeTaxRatio": -0.0199866755,
        "incomeTaxExpense": -3000000,
        "netIncome": -27000000,
        "netIncomeRatio": -0.017988008,
        "eps": -0.18,
        "epsdiluted": -0.18,
        "weightedAverageShsOut": 149698000,
        "weightedAverageShsOutDil": 149698000,
        "link": "https://www.sec.gov/Archives/edgar/data/1627223/000095017024120270/0000950170-24-120270-index.htm",
        "finalLink": "https://www.sec.gov/Archives/edgar/data/1627223/000095017024120270/cc-20240930.htm"
    },
    {
        "date": "2024-06-30",
        "symbol": "CC",
        "reportedCurrency": "USD",
        "cik": "0001627223",
        "fillingDate": "2024-08-01",
        "acceptedDate": "2024-08-01 17:06:44",
        "calendarYear": "2024",
        "period": "Q2",
        "revenue": 1538000000,
        "costOfRevenue": 1231000000,
        "grossProfit": 307000000,
        "grossProfitRatio": 0.199609883,
        "researchAndDevelopmentExpenses": 26000000,
        "generalAndAdministrativeExpenses": 0,
        "sellingAndMarketingExpenses": 0,
        "sellingGeneralAndAdministrativeExpenses": 139000000,
        "otherExpenses": 0,
        "operatingExpenses": 165000000,
        "costAndExpenses": 1396000000,
        "interestIncome": 0,
        "interestExpense": 66000000,
        "depreciationAndAmortization": 74000000,
        "ebitda": 216000000,
        "ebitdaratio": 0.1404421326,
        "operatingIncome": 142000000,
        "operatingIncomeRatio": 0.0923276983,
        "totalOtherIncomeExpensesNet": -60000000,
        "incomeBeforeTax": 82000000,
        "incomeBeforeTaxRatio": 0.0533159948,
        "incomeTaxExpense": 12000000,
        "netIncome": 70000000,
        "netIncomeRatio": 0.0455136541,
        "eps": 0.47,
        "epsdiluted": 0.47,
        "weightedAverageShsOut": 149413167,
        "weightedAverageShsOutDil": 150123060,
        "link": "https://www.sec.gov/Archives/edgar/data/1627223/000095017024089414/0000950170-24-089414-index.htm",
        "finalLink": "https://www.sec.gov/Archives/edgar/data/1627223/000095017024089414/cc-20240630.htm"
    },
    {
        "date": "2024-03-31",
        "symbol": "CC",
        "reportedCurrency": "USD",
        "cik": "0001627223",
        "fillingDate": "2024-04-30",
        "acceptedDate": "2024-04-30 16:25:57",
        "calendarYear": "2024",
        "period": "Q1",
        "revenue": 1350000000,
        "costOfRevenue": 1064000000,
        "grossProfit": 286000000,
        "grossProfitRatio": 0.2118518519,
        "researchAndDevelopmentExpenses": 28000000,
        "generalAndAdministrativeExpenses": 144000000,
        "sellingAndMarketingExpenses": -2000000,
        "sellingGeneralAndAdministrativeExpenses": 142000000,
        "otherExpenses": 1000000,
        "operatingExpenses": 174000000,
        "costAndExpenses": 1238000000,
        "interestIncome": 0,
        "interestExpense": 63000000,
        "depreciationAndAmortization": 71000000,
        "ebitda": 186000000,
        "ebitdaratio": 0.1377777778,
        "operatingIncome": 116000000,
        "operatingIncomeRatio": 0.0859259259,
        "totalOtherIncomeExpensesNet": -49000000,
        "incomeBeforeTax": 67000000,
        "incomeBeforeTaxRatio": 0.0496296296,
        "incomeTaxExpense": 15000000,
        "netIncome": 52000000,
        "netIncomeRatio": 0.0385185185,
        "eps": 0.35,
        "epsdiluted": 0.34,
        "weightedAverageShsOut": 149035200,
        "weightedAverageShsOutDil": 150050369,
        "link": "https://www.sec.gov/Archives/edgar/data/1627223/000095017024050551/0000950170-24-050551-index.htm",
        "finalLink": "https://www.sec.gov/Archives/edgar/data/1627223/000095017024050551/cc-20240331.htm"
    },
    {
        "date": "2023-12-31",
        "symbol": "CC",
        "reportedCurrency": "USD",
        "cik": "0001627223",
        "fillingDate": "2024-03-27",
        "acceptedDate": "2024-03-27 16:08:25",
        "calendarYear": "2023",
        "period": "Q4",
        "revenue": 1361000000,
        "costOfRevenue": 1117000000,
        "grossProfit": 244000000,
        "grossProfitRatio": 0.1792799412,
        "researchAndDevelopmentExpenses": 26000000,
        "generalAndAdministrativeExpenses": 0,
        "sellingAndMarketingExpenses": 0,
        "sellingGeneralAndAdministrativeExpenses": 223000000,
        "otherExpenses": 0,
        "operatingExpenses": 249000000,
        "costAndExpenses": 1366000000,
        "interestIncome": 0,
        "interestExpense": 63000000,
        "depreciationAndAmortization": 74000000,
        "ebitda": 52000000,
        "ebitdaratio": 0.0382072006,
        "operatingIncome": -5000000,
        "operatingIncomeRatio": -0.0036737693,
        "totalOtherIncomeExpensesNet": -67000000,
        "incomeBeforeTax": -81000000,
        "incomeBeforeTaxRatio": -0.0595150625,
        "incomeTaxExpense": -55000000,
        "netIncome": -26000000,
        "netIncomeRatio": -0.0191036003,
        "eps": -0.17,
        "epsdiluted": -0.17,
        "weightedAverageShsOut": 148587397,
        "weightedAverageShsOutDil": 148587397,
        "link": "https://www.sec.gov/Archives/edgar/data/1627223/000095017024037171/0000950170-24-037171-index.htm",
        "finalLink": "https://www.sec.gov/Archives/edgar/data/1627223/000095017024037171/cc-20231231.htm"
    },
    {
        "date": "2023-09-30",
        "symbol": "CC",
        "reportedCurrency": "USD",
        "cik": "0001627223",
        "fillingDate": "2023-10-27",
        "acceptedDate": "2023-10-27 16:45:22",
        "calendarYear": "2023",
        "period": "Q3",
        "revenue": 1487000000,
        "costOfRevenue": 1206000000,
        "grossProfit": 281000000,
        "grossProfitRatio": 0.1889710827,
        "researchAndDevelopmentExpenses": 28000000,
        "generalAndAdministrativeExpenses": 0,
        "sellingAndMarketingExpenses": 0,
        "sellingGeneralAndAdministrativeExpenses": 165000000,
        "otherExpenses": 0,
        "operatingExpenses": 193000000,
        "costAndExpenses": 1399000000,
        "interestIncome": 0,
        "interestExpense": 55000000,
        "depreciationAndAmortization": 76000000,
        "ebitda": 144000000,
        "ebitdaratio": 0.0968392737,
        "operatingIncome": 88000000,
        "operatingIncomeRatio": 0.0591795562,
        "totalOtherIncomeExpensesNet": -65000000,
        "incomeBeforeTax": 23000000,
        "incomeBeforeTaxRatio": 0.015467384,
        "incomeTaxExpense": 3000000,
        "netIncome": 20000000,
        "netIncomeRatio": 0.0134498991,
        "eps": 0.13,
        "epsdiluted": 0.13,
        "weightedAverageShsOut": 148623633,
        "weightedAverageShsOutDil": 150185638,
        "link": "https://www.sec.gov/Archives/edgar/data/1627223/000095017023056036/0000950170-23-056036-index.htm",
        "finalLink": "https://www.sec.gov/Archives/edgar/data/1627223/000095017023056036/cc-20230930.htm"
    },
    {
        "date": "2023-06-30",
        "symbol": "CC",
        "reportedCurrency": "USD",
        "cik": "0001627223",
        "fillingDate": "2023-07-28",
        "acceptedDate": "2023-07-28 16:31:09",
        "calendarYear": "2023",
        "period": "Q2",
        "revenue": 1643000000,
        "costOfRevenue": 1233000000,
        "grossProfit": 410000000,
        "grossProfitRatio": 0.249543518,
        "researchAndDevelopmentExpenses": 28000000,
        "generalAndAdministrativeExpenses": 0,
        "sellingAndMarketingExpenses": 0,
        "sellingGeneralAndAdministrativeExpenses": 779000000,
        "otherExpenses": -2000000,
        "operatingExpenses": 807000000,
        "costAndExpenses": 2040000000,
        "interestIncome": 0,
        "interestExpense": 48000000,
        "depreciationAndAmortization": 78000000,
        "ebitda": -307000000,
        "ebitdaratio": -0.1868533171,
        "operatingIncome": -397000000,
        "operatingIncomeRatio": -0.2416311625,
        "totalOtherIncomeExpensesNet": -36000000,
        "incomeBeforeTax": -433000000,
        "incomeBeforeTaxRatio": -0.2635423007,
        "incomeTaxExpense": -57000000,
        "netIncome": -376000000,
        "netIncomeRatio": -0.2288496652,
        "eps": -2.52,
        "epsdiluted": -2.52,
        "weightedAverageShsOut": 149095543,
        "weightedAverageShsOutDil": 149095543,
        "link": "https://www.sec.gov/Archives/edgar/data/1627223/000095017023035531/0000950170-23-035531-index.htm",
        "finalLink": "https://www.sec.gov/Archives/edgar/data/1627223/000095017023035531/cc-20230630.htm"
    },
    {
        "date": "2023-03-31",
        "symbol": "CC",
        "reportedCurrency": "USD",
        "cik": "0001627223",
        "fillingDate": "2023-04-28",
        "acceptedDate": "2023-04-28 16:32:30",
        "calendarYear": "2023",
        "period": "Q1",
        "revenue": 1536000000,
        "costOfRevenue": 1168000000,
        "grossProfit": 368000000,
        "grossProfitRatio": 0.2395833333,
        "researchAndDevelopmentExpenses": 26000000,
        "generalAndAdministrativeExpenses": 0,
        "sellingAndMarketingExpenses": 0,
        "sellingGeneralAndAdministrativeExpenses": 124000000,
        "otherExpenses": 1000000,
        "operatingExpenses": 150000000,
        "costAndExpenses": 1318000000,
        "interestIncome": 0,
        "interestExpense": 42000000,
        "depreciationAndAmortization": 79000000,
        "ebitda": 310000000,
        "ebitdaratio": 0.2018229167,
        "operatingIncome": 231000000,
        "operatingIncomeRatio": 0.150390625,
        "totalOtherIncomeExpensesNet": -45000000,
        "incomeBeforeTax": 173000000,
        "incomeBeforeTaxRatio": 0.1126302083,
        "incomeTaxExpense": 28000000,
        "netIncome": 145000000,
        "netIncomeRatio": 0.0944010417,
        "eps": 0.97,
        "epsdiluted": 0.96,
        "weightedAverageShsOut": 148997084,
        "weightedAverageShsOutDil": 151179265,
        "link": "https://www.sec.gov/Archives/edgar/data/1627223/000095017023015878/0000950170-23-015878-index.htm",
        "finalLink": "https://www.sec.gov/Archives/edgar/data/1627223/000095017023015878/cc-20230331.htm"
    },
    {
        "date": "2022-12-31",
        "symbol": "CC",
        "reportedCurrency": "USD",
        "cik": "0001627223",
        "fillingDate": "2023-02-10",
        "acceptedDate": "2023-02-10 16:06:58",
        "calendarYear": "2022",
        "period": "Q4",
        "revenue": 1338000000,
        "costOfRevenue": 1136000000,
        "grossProfit": 202000000,
        "grossProfitRatio": 0.1509715994,
        "researchAndDevelopmentExpenses": 30000000,
        "generalAndAdministrativeExpenses": 0,
        "sellingAndMarketingExpenses": 0,
        "sellingGeneralAndAdministrativeExpenses": 175000000,
        "otherExpenses": -1000000,
        "operatingExpenses": 204000000,
        "costAndExpenses": 1340000000,
        "interestIncome": 0,
        "interestExpense": 40000000,
        "depreciationAndAmortization": 74000000,
        "ebitda": 45000000,
        "ebitdaratio": 0.033632287,
        "operatingIncome": 16000000,
        "operatingIncomeRatio": 0.0119581465,
        "totalOtherIncomeExpensesNet": -67000000,
        "incomeBeforeTax": -69000000,
        "incomeBeforeTaxRatio": -0.0515695067,
        "incomeTaxExpense": 28000000,
        "netIncome": -97000000,
        "netIncomeRatio": -0.0724962631,
        "eps": -0.65,
        "epsdiluted": -0.65,
        "weightedAverageShsOut": 150046614,
        "weightedAverageShsOutDil": 150046614,
        "link": "https://www.sec.gov/Archives/edgar/data/1627223/000095017023002467/0000950170-23-002467-index.htm",
        "finalLink": "https://www.sec.gov/Archives/edgar/data/1627223/000095017023002467/cc-20221231.htm"
    },
    {
        "date": "2022-09-30",
        "symbol": "CC",
        "reportedCurrency": "USD",
        "cik": "0001627223",
        "fillingDate": "2022-10-26",
        "acceptedDate": "2022-10-26 17:00:04",
        "calendarYear": "2022",
        "period": "Q3",
        "revenue": 1777000000,
        "costOfRevenue": 1345000000,
        "grossProfit": 432000000,
        "grossProfitRatio": 0.243106359,
        "researchAndDevelopmentExpenses": 32000000,
        "generalAndAdministrativeExpenses": 0,
        "sellingAndMarketingExpenses": 0,
        "sellingGeneralAndAdministrativeExpenses": 140000000,
        "otherExpenses": 0,
        "operatingExpenses": 172000000,
        "costAndExpenses": 1517000000,
        "interestIncome": 0,
        "interestExpense": 41000000,
        "depreciationAndAmortization": 72000000,
        "ebitda": 403000000,
        "ebitdaratio": 0.2267867192,
        "operatingIncome": 332000000,
        "operatingIncomeRatio": 0.1868317389,
        "totalOtherIncomeExpensesNet": 44000000,
        "incomeBeforeTax": 299000000,
        "incomeBeforeTaxRatio": 0.1682611142,
        "incomeTaxExpense": 59000000,
        "netIncome": 240000000,
        "netIncomeRatio": 0.1350590884,
        "eps": 1.54,
        "epsdiluted": 1.52,
        "weightedAverageShsOut": 155376422,
        "weightedAverageShsOutDil": 157850122,
        "link": "https://www.sec.gov/Archives/edgar/data/1627223/000095017022020205/0000950170-22-020205-index.htm",
        "finalLink": "https://www.sec.gov/Archives/edgar/data/1627223/000095017022020205/cc-20220930.htm"
    },
    {
        "date": "2022-06-30",
        "symbol": "CC",
        "reportedCurrency": "USD",
        "cik": "0001627223",
        "fillingDate": "2022-08-01",
        "acceptedDate": "2022-07-29 17:52:02",
        "calendarYear": "2022",
        "period": "Q2",
        "revenue": 1915000000,
        "costOfRevenue": 1418000000,
        "grossProfit": 497000000,
        "grossProfitRatio": 0.2595300261,
        "researchAndDevelopmentExpenses": 25000000,
        "generalAndAdministrativeExpenses": 0,
        "sellingAndMarketingExpenses": 0,
        "sellingGeneralAndAdministrativeExpenses": 254000000,
        "otherExpenses": 0,
        "operatingExpenses": 279000000,
        "costAndExpenses": 1697000000,
        "interestIncome": 0,
        "interestExpense": 40000000,
        "depreciationAndAmortization": 72000000,
        "ebitda": 272000000,
        "ebitdaratio": 0.1420365535,
        "operatingIncome": 200000000,
        "operatingIncomeRatio": 0.1044386423,
        "totalOtherIncomeExpensesNet": 31000000,
        "incomeBeforeTax": 231000000,
        "incomeBeforeTaxRatio": 0.1206266319,
        "incomeTaxExpense": 30000000,
        "netIncome": 201000000,
        "netIncomeRatio": 0.1049608355,
        "eps": 1.29,
        "epsdiluted": 1.26,
        "weightedAverageShsOut": 156224802,
        "weightedAverageShsOutDil": 159667213,
        "link": "https://www.sec.gov/Archives/edgar/data/1627223/000156459022027142/0001564590-22-027142-index.htm",
        "finalLink": "https://www.sec.gov/Archives/edgar/data/1627223/000156459022027142/cc-10q_20220630.htm"
    },
    {
        "date": "2022-03-31",
        "symbol": "CC",
        "reportedCurrency": "USD",
        "cik": "0001627223",
        "fillingDate": "2022-05-03",
        "acceptedDate": "2022-05-03 17:05:51",
        "calendarYear": "2022",
        "period": "Q1",
        "revenue": 1764000000,
        "costOfRevenue": 1278000000,
        "grossProfit": 486000000,
        "grossProfitRatio": 0.2755102041,
        "researchAndDevelopmentExpenses": 30000000,
        "generalAndAdministrativeExpenses": 0,
        "sellingAndMarketingExpenses": 0,
        "sellingGeneralAndAdministrativeExpenses": 141000000,
        "otherExpenses": 1000000,
        "operatingExpenses": 172000000,
        "costAndExpenses": 1450000000,
        "interestIncome": 0,
        "interestExpense": 41000000,
        "depreciationAndAmortization": 74000000,
        "ebitda": 404000000,
        "ebitdaratio": 0.2290249433,
        "operatingIncome": 330000000,
        "operatingIncomeRatio": 0.1870748299,
        "totalOtherIncomeExpensesNet": -34000000,
        "incomeBeforeTax": 280000000,
        "incomeBeforeTaxRatio": 0.1587301587,
        "incomeTaxExpense": 46000000,
        "netIncome": 234000000,
        "netIncomeRatio": 0.1326530612,
        "eps": 1.46,
        "epsdiluted": 1.43,
        "weightedAverageShsOut": 159897673,
        "weightedAverageShsOutDil": 163579580,
        "link": "https://www.sec.gov/Archives/edgar/data/1627223/000156459022017508/0001564590-22-017508-index.htm",
        "finalLink": "https://www.sec.gov/Archives/edgar/data/1627223/000156459022017508/cc-10q_20220331.htm"
    },
    {
        "date": "2021-12-31",
        "symbol": "CC",
        "reportedCurrency": "USD",
        "cik": "0001627223",
        "fillingDate": "2022-02-11",
        "acceptedDate": "2022-02-11 16:20:04",
        "calendarYear": "2021",
        "period": "Q4",
        "revenue": 1575000000,
        "costOfRevenue": 1182000000,
        "grossProfit": 393000000,
        "grossProfitRatio": 0.2495238095,
        "researchAndDevelopmentExpenses": 29000000,
        "generalAndAdministrativeExpenses": 0,
        "sellingAndMarketingExpenses": 0,
        "sellingGeneralAndAdministrativeExpenses": 159000000,
        "otherExpenses": 132000000,
        "operatingExpenses": 182000000,
        "costAndExpenses": 1364000000,
        "interestIncome": 0,
        "interestExpense": 43000000,
        "depreciationAndAmortization": 75000000,
        "ebitda": 281000000,
        "ebitdaratio": 0.1784126984,
        "operatingIncome": 345000000,
        "operatingIncomeRatio": 0.219047619,
        "totalOtherIncomeExpensesNet": -43000000,
        "incomeBeforeTax": 302000000,
        "incomeBeforeTaxRatio": 0.1917460317,
        "incomeTaxExpense": 69000000,
        "netIncome": 233000000,
        "netIncomeRatio": 0.1479365079,
        "eps": 1.41,
        "epsdiluted": 1.38,
        "weightedAverageShsOut": 165113024,
        "weightedAverageShsOutDil": 168954694,
        "link": "https://www.sec.gov/Archives/edgar/data/1627223/000156459022004791/0001564590-22-004791-index.htm",
        "finalLink": "https://www.sec.gov/Archives/edgar/data/1627223/000156459022004791/cc-10k_20211231.htm"
    },
    {
        "date": "2021-09-30",
        "symbol": "CC",
        "reportedCurrency": "USD",
        "cik": "0001627223",
        "fillingDate": "2021-11-05",
        "acceptedDate": "2021-11-05 16:51:59",
        "calendarYear": "2021",
        "period": "Q3",
        "revenue": 1680000000,
        "costOfRevenue": 1253000000,
        "grossProfit": 427000000,
        "grossProfitRatio": 0.2541666667,
        "researchAndDevelopmentExpenses": 27000000,
        "generalAndAdministrativeExpenses": 0,
        "sellingAndMarketingExpenses": 0,
        "sellingGeneralAndAdministrativeExpenses": 124000000,
        "otherExpenses": 0,
        "operatingExpenses": 151000000,
        "costAndExpenses": 1404000000,
        "interestIncome": 0,
        "interestExpense": 45000000,
        "depreciationAndAmortization": 79000000,
        "ebitda": 355000000,
        "ebitdaratio": 0.2113095238,
        "operatingIncome": 273000000,
        "operatingIncomeRatio": 0.1625,
        "totalOtherIncomeExpensesNet": -42000000,
        "incomeBeforeTax": 231000000,
        "incomeBeforeTaxRatio": 0.1375,
        "incomeTaxExpense": 17000000,
        "netIncome": 214000000,
        "netIncomeRatio": 0.1273809524,
        "eps": 1.3,
        "epsdiluted": 1.27,
        "weightedAverageShsOut": 165113024,
        "weightedAverageShsOutDil": 168954694,
        "link": "https://www.sec.gov/Archives/edgar/data/1627223/000156459021054925/0001564590-21-054925-index.htm",
        "finalLink": "https://www.sec.gov/Archives/edgar/data/1627223/000156459021054925/cc-10q_20210930.htm"
    },
    {
        "date": "2021-06-30",
        "symbol": "CC",
        "reportedCurrency": "USD",
        "cik": "0001627223",
        "fillingDate": "2021-07-30",
        "acceptedDate": "2021-07-30 16:45:57",
        "calendarYear": "2021",
        "period": "Q2",
        "revenue": 1655000000,
        "costOfRevenue": 1391000000,
        "grossProfit": 264000000,
        "grossProfitRatio": 0.1595166163,
        "researchAndDevelopmentExpenses": 27000000,
        "generalAndAdministrativeExpenses": 0,
        "sellingAndMarketingExpenses": 0,
        "sellingGeneralAndAdministrativeExpenses": 172000000,
        "otherExpenses": 16000000,
        "operatingExpenses": 205000000,
        "costAndExpenses": 1596000000,
        "interestIncome": 0,
        "interestExpense": 47000000,
        "depreciationAndAmortization": 80000000,
        "ebitda": 172000000,
        "ebitdaratio": 0.1039274924,
        "operatingIncome": 59000000,
        "operatingIncomeRatio": 0.0356495468,
        "totalOtherIncomeExpensesNet": -48000000,
        "incomeBeforeTax": 44000000,
        "incomeBeforeTaxRatio": 0.0265861027,
        "incomeTaxExpense": -22000000,
        "netIncome": 66000000,
        "netIncomeRatio": 0.0398791541,
        "eps": 0.4,
        "epsdiluted": 0.39,
        "weightedAverageShsOut": 166168550,
        "weightedAverageShsOutDil": 170158003,
        "link": "https://www.sec.gov/Archives/edgar/data/1627223/000156459021039525/0001564590-21-039525-index.htm",
        "finalLink": "https://www.sec.gov/Archives/edgar/data/1627223/000156459021039525/cc-10q_20210630.htm"
    },
    {
        "date": "2021-03-31",
        "symbol": "CC",
        "reportedCurrency": "USD",
        "cik": "0001627223",
        "fillingDate": "2021-05-05",
        "acceptedDate": "2021-05-04 18:11:00",
        "calendarYear": "2021",
        "period": "Q1",
        "revenue": 1436000000,
        "costOfRevenue": 1139000000,
        "grossProfit": 297000000,
        "grossProfitRatio": 0.2068245125,
        "researchAndDevelopmentExpenses": 24000000,
        "generalAndAdministrativeExpenses": 0,
        "sellingAndMarketingExpenses": 0,
        "sellingGeneralAndAdministrativeExpenses": 139000000,
        "otherExpenses": 1000000,
        "operatingExpenses": 163000000,
        "costAndExpenses": 1302000000,
        "interestIncome": 0,
        "interestExpense": 49000000,
        "depreciationAndAmortization": 83000000,
        "ebitda": 218000000,
        "ebitdaratio": 0.151810585,
        "operatingIncome": 138000000,
        "operatingIncomeRatio": 0.0961002786,
        "totalOtherIncomeExpensesNet": -37000000,
        "incomeBeforeTax": 101000000,
        "incomeBeforeTaxRatio": 0.0703342618,
        "incomeTaxExpense": 5000000,
        "netIncome": 96000000,
        "netIncomeRatio": 0.0668523677,
        "eps": 0.58,
        "epsdiluted": 0.57,
        "weightedAverageShsOut": 165652778,
        "weightedAverageShsOutDil": 169050322,
        "link": "https://www.sec.gov/Archives/edgar/data/1627223/000156459021023483/0001564590-21-023483-index.htm",
        "finalLink": "https://www.sec.gov/Archives/edgar/data/1627223/000156459021023483/cc-10q_20210331.htm"
    },
    {
        "date": "2020-12-31",
        "symbol": "CC",
        "reportedCurrency": "USD",
        "cik": "0001627223",
        "fillingDate": "2021-02-12",
        "acceptedDate": "2021-02-12 16:33:01",
        "calendarYear": "2020",
        "period": "Q4",
        "revenue": 1338000000,
        "costOfRevenue": 1025000000,
        "grossProfit": 313000000,
        "grossProfitRatio": 0.2339312407,
        "researchAndDevelopmentExpenses": 26000000,
        "generalAndAdministrativeExpenses": 180000000,
        "sellingAndMarketingExpenses": 0,
        "sellingGeneralAndAdministrativeExpenses": 180000000,
        "otherExpenses": 17000000,
        "operatingExpenses": 203000000,
        "costAndExpenses": 1228000000,
        "interestIncome": 0,
        "interestExpense": 50000000,
        "depreciationAndAmortization": 80000000,
        "ebitda": 185000000,
        "ebitdaratio": 0.1382660688,
        "operatingIncome": 110000000,
        "operatingIncomeRatio": 0.0822122571,
        "totalOtherIncomeExpensesNet": -87000000,
        "incomeBeforeTax": 23000000,
        "incomeBeforeTaxRatio": 0.0171898356,
        "incomeTaxExpense": 4000000,
        "netIncome": 19000000,
        "netIncomeRatio": 0.014200299,
        "eps": 0.12,
        "epsdiluted": 0.12,
        "weightedAverageShsOut": 164762621,
        "weightedAverageShsOutDil": 164762621,
        "link": "https://www.sec.gov/Archives/edgar/data/1627223/000156459021005805/0001564590-21-005805-index.htm",
        "finalLink": "https://www.sec.gov/Archives/edgar/data/1627223/000156459021005805/cc-10k_20201231.htm"
    },
    {
        "date": "2020-09-30",
        "symbol": "CC",
        "reportedCurrency": "USD",
        "cik": "0001627223",
        "fillingDate": "2020-11-04",
        "acceptedDate": "2020-11-04 16:34:37",
        "calendarYear": "2020",
        "period": "Q3",
        "revenue": 1233000000,
        "costOfRevenue": 976000000,
        "grossProfit": 257000000,
        "grossProfitRatio": 0.2084347121,
        "researchAndDevelopmentExpenses": 22000000,
        "generalAndAdministrativeExpenses": 112000000,
        "sellingAndMarketingExpenses": 0,
        "sellingGeneralAndAdministrativeExpenses": 112000000,
        "otherExpenses": 0,
        "operatingExpenses": 134000000,
        "costAndExpenses": 1110000000,
        "interestIncome": 0,
        "interestExpense": 53000000,
        "depreciationAndAmortization": 80000000,
        "ebitda": 204000000,
        "ebitdaratio": 0.1654501217,
        "operatingIncome": 122000000,
        "operatingIncomeRatio": 0.098945661,
        "totalOtherIncomeExpensesNet": -62000000,
        "incomeBeforeTax": 60000000,
        "incomeBeforeTaxRatio": 0.0486618005,
        "incomeTaxExpense": -16000000,
        "netIncome": 76000000,
        "netIncomeRatio": 0.0616382806,
        "eps": 0.46,
        "epsdiluted": 0.46,
        "weightedAverageShsOut": 164762621,
        "weightedAverageShsOutDil": 166613671,
        "link": "https://www.sec.gov/Archives/edgar/data/1627223/000156459020050526/0001564590-20-050526-index.htm",
        "finalLink": "https://www.sec.gov/Archives/edgar/data/1627223/000156459020050526/cc-10q_20200930.htm"
    },
    {
        "date": "2020-06-30",
        "symbol": "CC",
        "reportedCurrency": "USD",
        "cik": "0001627223",
        "fillingDate": "2020-07-31",
        "acceptedDate": "2020-07-31 16:47:32",
        "calendarYear": "2020",
        "period": "Q2",
        "revenue": 1093000000,
        "costOfRevenue": 894000000,
        "grossProfit": 199000000,
        "grossProfitRatio": 0.1820677036,
        "researchAndDevelopmentExpenses": 20000000,
        "generalAndAdministrativeExpenses": 110000000,
        "sellingAndMarketingExpenses": 0,
        "sellingGeneralAndAdministrativeExpenses": 110000000,
        "otherExpenses": 0,
        "operatingExpenses": 131000000,
        "costAndExpenses": 1025000000,
        "interestIncome": 0,
        "interestExpense": 53000000,
        "depreciationAndAmortization": 81000000,
        "ebitda": 151000000,
        "ebitdaratio": 0.1381518756,
        "operatingIncome": 68000000,
        "operatingIncomeRatio": 0.0622140897,
        "totalOtherIncomeExpensesNet": -48000000,
        "incomeBeforeTax": 20000000,
        "incomeBeforeTaxRatio": 0.0182982617,
        "incomeTaxExpense": -4000000,
        "netIncome": 24000000,
        "netIncomeRatio": 0.021957914,
        "eps": 0.15,
        "epsdiluted": 0.15,
        "weightedAverageShsOut": 164648103,
        "weightedAverageShsOutDil": 165413941,
        "link": "https://www.sec.gov/Archives/edgar/data/1627223/000156459020035206/0001564590-20-035206-index.htm",
        "finalLink": "https://www.sec.gov/Archives/edgar/data/1627223/000156459020035206/cc-10q_20200630.htm"
    },
    {
        "date": "2020-03-31",
        "symbol": "CC",
        "reportedCurrency": "USD",
        "cik": "0001627223",
        "fillingDate": "2020-05-06",
        "acceptedDate": "2020-05-06 16:21:51",
        "calendarYear": "2020",
        "period": "Q1",
        "revenue": 1305000000,
        "costOfRevenue": 1007000000,
        "grossProfit": 298000000,
        "grossProfitRatio": 0.2283524904,
        "researchAndDevelopmentExpenses": 24000000,
        "generalAndAdministrativeExpenses": 125000000,
        "sellingAndMarketingExpenses": 0,
        "sellingGeneralAndAdministrativeExpenses": 125000000,
        "otherExpenses": 0,
        "operatingExpenses": 149000000,
        "costAndExpenses": 1156000000,
        "interestIncome": 0,
        "interestExpense": 54000000,
        "depreciationAndAmortization": 79000000,
        "ebitda": 228000000,
        "ebitdaratio": 0.1747126437,
        "operatingIncome": 148000000,
        "operatingIncomeRatio": 0.1134099617,
        "totalOtherIncomeExpensesNet": -71000000,
        "incomeBeforeTax": 77000000,
        "incomeBeforeTaxRatio": 0.0590038314,
        "incomeTaxExpense": -23000000,
        "netIncome": 100000000,
        "netIncomeRatio": 0.0766283525,
        "eps": 0.61,
        "epsdiluted": 0.61,
        "weightedAverageShsOut": 164247449,
        "weightedAverageShsOutDil": 165257991,
        "link": "https://www.sec.gov/Archives/edgar/data/1627223/000156459020021955/0001564590-20-021955-index.htm",
        "finalLink": "https://www.sec.gov/Archives/edgar/data/1627223/000156459020021955/cc-10q_20200331.htm"
    },
    {
        "date": "2019-12-31",
        "symbol": "CC",
        "reportedCurrency": "USD",
        "cik": "0001627223",
        "fillingDate": "2020-02-14",
        "acceptedDate": "2020-02-14 16:59:21",
        "calendarYear": "2019",
        "period": "Q4",
        "revenue": 1353000000,
        "costOfRevenue": 1203000000,
        "grossProfit": 150000000,
        "grossProfitRatio": 0.110864745,
        "researchAndDevelopmentExpenses": 19000000,
        "generalAndAdministrativeExpenses": 125000000,
        "sellingAndMarketingExpenses": 0,
        "sellingGeneralAndAdministrativeExpenses": 125000000,
        "otherExpenses": -369000000,
        "operatingExpenses": 167000000,
        "costAndExpenses": 1370000000,
        "interestIncome": 0,
        "interestExpense": 52000000,
        "depreciationAndAmortization": 79000000,
        "ebitda": -323000000,
        "ebitdaratio": -0.2387287509,
        "operatingIncome": -17000000,
        "operatingIncomeRatio": -0.0125646711,
        "totalOtherIncomeExpensesNet": -437000000,
        "incomeBeforeTax": -454000000,
        "incomeBeforeTaxRatio": -0.3355506282,
        "incomeTaxExpense": -137000000,
        "netIncome": -317000000,
        "netIncomeRatio": -0.2342941611,
        "eps": -1.94,
        "epsdiluted": -1.93,
        "weightedAverageShsOut": 163505104,
        "weightedAverageShsOutDil": 164247449,
        "link": "https://www.sec.gov/Archives/edgar/data/1627223/000156459020004829/0001564590-20-004829-index.htm",
        "finalLink": "https://www.sec.gov/Archives/edgar/data/1627223/000156459020004829/cc-10k_20191231.htm"
    },
    {
        "date": "2019-09-30",
        "symbol": "CC",
        "reportedCurrency": "USD",
        "cik": "0001627223",
        "fillingDate": "2019-11-05",
        "acceptedDate": "2019-11-05 17:11:39",
        "calendarYear": "2019",
        "period": "Q3",
        "revenue": 1390000000,
        "costOfRevenue": 1096000000,
        "grossProfit": 294000000,
        "grossProfitRatio": 0.2115107914,
        "researchAndDevelopmentExpenses": 20000000,
        "generalAndAdministrativeExpenses": 130000000,
        "sellingAndMarketingExpenses": 0,
        "sellingGeneralAndAdministrativeExpenses": 130000000,
        "otherExpenses": 0,
        "operatingExpenses": 150000000,
        "costAndExpenses": 1246000000,
        "interestIncome": 0,
        "interestExpense": 53000000,
        "depreciationAndAmortization": 78000000,
        "ebitda": 222000000,
        "ebitdaratio": 0.1597122302,
        "operatingIncome": 144000000,
        "operatingIncomeRatio": 0.1035971223,
        "totalOtherIncomeExpensesNet": -53000000,
        "incomeBeforeTax": 91000000,
        "incomeBeforeTaxRatio": 0.0654676259,
        "incomeTaxExpense": 15000000,
        "netIncome": 76000000,
        "netIncomeRatio": 0.054676259,
        "eps": 0.46,
        "epsdiluted": 0.46,
        "weightedAverageShsOut": 163815483,
        "weightedAverageShsOutDil": 165140863,
        "link": "https://www.sec.gov/Archives/edgar/data/1627223/000156459019040478/0001564590-19-040478-index.htm",
        "finalLink": "https://www.sec.gov/Archives/edgar/data/1627223/000156459019040478/cc-10q_20190930.htm"
    },
    {
        "date": "2019-06-30",
        "symbol": "CC",
        "reportedCurrency": "USD",
        "cik": "0001627223",
        "fillingDate": "2019-08-02",
        "acceptedDate": "2019-08-02 16:25:56",
        "calendarYear": "2019",
        "period": "Q2",
        "revenue": 1408000000,
        "costOfRevenue": 1085000000,
        "grossProfit": 323000000,
        "grossProfitRatio": 0.2294034091,
        "researchAndDevelopmentExpenses": 19000000,
        "generalAndAdministrativeExpenses": 136000000,
        "sellingAndMarketingExpenses": 0,
        "sellingGeneralAndAdministrativeExpenses": 136000000,
        "otherExpenses": 0,
        "operatingExpenses": 155000000,
        "costAndExpenses": 1240000000,
        "interestIncome": 0,
        "interestExpense": 52000000,
        "depreciationAndAmortization": 78000000,
        "ebitda": 243000000,
        "ebitdaratio": 0.1725852273,
        "operatingIncome": 168000000,
        "operatingIncomeRatio": 0.1193181818,
        "totalOtherIncomeExpensesNet": -35000000,
        "incomeBeforeTax": 133000000,
        "incomeBeforeTaxRatio": 0.0944602273,
        "incomeTaxExpense": 37000000,
        "netIncome": 96000000,
        "netIncomeRatio": 0.0681818182,
        "eps": 0.58,
        "epsdiluted": 0.57,
        "weightedAverageShsOut": 164118816,
        "weightedAverageShsOutDil": 166941626,
        "link": "https://www.sec.gov/Archives/edgar/data/1627223/000156459019028394/0001564590-19-028394-index.htm",
        "finalLink": "https://www.sec.gov/Archives/edgar/data/1627223/000156459019028394/cc-10q_20190630.htm"
    },
    {
        "date": "2019-03-31",
        "symbol": "CC",
        "reportedCurrency": "USD",
        "cik": "0001627223",
        "fillingDate": "2019-05-03",
        "acceptedDate": "2019-05-03 14:37:04",
        "calendarYear": "2019",
        "period": "Q1",
        "revenue": 1376000000,
        "costOfRevenue": 1080000000,
        "grossProfit": 296000000,
        "grossProfitRatio": 0.2151162791,
        "researchAndDevelopmentExpenses": 22000000,
        "generalAndAdministrativeExpenses": 156000000,
        "sellingAndMarketingExpenses": 0,
        "sellingGeneralAndAdministrativeExpenses": 156000000,
        "otherExpenses": 0,
        "operatingExpenses": 178000000,
        "costAndExpenses": 1258000000,
        "interestIncome": 0,
        "interestExpense": 51000000,
        "depreciationAndAmortization": 76000000,
        "ebitda": 197000000,
        "ebitdaratio": 0.1431686047,
        "operatingIncome": 118000000,
        "operatingIncomeRatio": 0.085755814,
        "totalOtherIncomeExpensesNet": -11000000,
        "incomeBeforeTax": 107000000,
        "incomeBeforeTaxRatio": 0.0777616279,
        "incomeTaxExpense": 13000000,
        "netIncome": 94000000,
        "netIncomeRatio": 0.0683139535,
        "eps": 0.56,
        "epsdiluted": 0.55,
        "weightedAverageShsOut": 167866468,
        "weightedAverageShsOutDil": 172060900,
        "link": "https://www.sec.gov/Archives/edgar/data/1627223/000156459019015642/0001564590-19-015642-index.htm",
        "finalLink": "https://www.sec.gov/Archives/edgar/data/1627223/000156459019015642/cc-10q_20190331.htm"
    },
    {
        "date": "2018-12-31",
        "symbol": "CC",
        "reportedCurrency": "USD",
        "cik": "0001627223",
        "fillingDate": "2019-02-15",
        "acceptedDate": "2019-02-15 15:31:35",
        "calendarYear": "2018",
        "period": "Q4",
        "revenue": 1464000000,
        "costOfRevenue": 1064000000,
        "grossProfit": 400000000,
        "grossProfitRatio": 0.2732240437,
        "researchAndDevelopmentExpenses": 21000000,
        "generalAndAdministrativeExpenses": 191000000,
        "sellingAndMarketingExpenses": 0,
        "sellingGeneralAndAdministrativeExpenses": 191000000,
        "otherExpenses": 0,
        "operatingExpenses": 212000000,
        "costAndExpenses": 1276000000,
        "interestIncome": 0,
        "interestExpense": 47000000,
        "depreciationAndAmortization": 71000000,
        "ebitda": 268000000,
        "ebitdaratio": 0.1830601093,
        "operatingIncome": 188000000,
        "operatingIncomeRatio": 0.1284153005,
        "totalOtherIncomeExpensesNet": -6000000,
        "incomeBeforeTax": 182000000,
        "incomeBeforeTaxRatio": 0.1243169399,
        "incomeTaxExpense": 40000000,
        "netIncome": 142000000,
        "netIncomeRatio": 0.0969945355,
        "eps": 0.85,
        "epsdiluted": 0.85,
        "weightedAverageShsOut": 167866468,
        "weightedAverageShsOutDil": 167866468,
        "link": "https://www.sec.gov/Archives/edgar/data/1627223/000156459019003090/0001564590-19-003090-index.htm",
        "finalLink": "https://www.sec.gov/Archives/edgar/data/1627223/000156459019003090/cc-10k_20181231.htm"
    },
    {
        "date": "2018-09-30",
        "symbol": "CC",
        "reportedCurrency": "USD",
        "cik": "0001627223",
        "fillingDate": "2018-11-02",
        "acceptedDate": "2018-11-02 16:36:43",
        "calendarYear": "2018",
        "period": "Q3",
        "revenue": 1628000000,
        "costOfRevenue": 1151000000,
        "grossProfit": 477000000,
        "grossProfitRatio": 0.292997543,
        "researchAndDevelopmentExpenses": 20000000,
        "generalAndAdministrativeExpenses": 163000000,
        "sellingAndMarketingExpenses": 0,
        "sellingGeneralAndAdministrativeExpenses": 163000000,
        "otherExpenses": 0,
        "operatingExpenses": 183000000,
        "costAndExpenses": 1334000000,
        "interestIncome": 0,
        "interestExpense": 47000000,
        "depreciationAndAmortization": 71000000,
        "ebitda": 369000000,
        "ebitdaratio": 0.2266584767,
        "operatingIncome": 294000000,
        "operatingIncomeRatio": 0.1805896806,
        "totalOtherIncomeExpensesNet": -25000000,
        "incomeBeforeTax": 269000000,
        "incomeBeforeTaxRatio": 0.1652334152,
        "incomeTaxExpense": -6000000,
        "netIncome": 275000000,
        "netIncomeRatio": 0.1689189189,
        "eps": 1.56,
        "epsdiluted": 1.51,
        "weightedAverageShsOut": 176489881,
        "weightedAverageShsOutDil": 181877125,
        "link": "https://www.sec.gov/Archives/edgar/data/1627223/000156459018026512/0001564590-18-026512-index.htm",
        "finalLink": "https://www.sec.gov/Archives/edgar/data/1627223/000156459018026512/cc-10q_20180930.htm"
    },
    {
        "date": "2018-06-30",
        "symbol": "CC",
        "reportedCurrency": "USD",
        "cik": "0001627223",
        "fillingDate": "2018-08-03",
        "acceptedDate": "2018-08-03 16:08:21",
        "calendarYear": "2018",
        "period": "Q2",
        "revenue": 1816000000,
        "costOfRevenue": 1259000000,
        "grossProfit": 557000000,
        "grossProfitRatio": 0.3067180617,
        "researchAndDevelopmentExpenses": 20000000,
        "generalAndAdministrativeExpenses": 161000000,
        "sellingAndMarketingExpenses": 0,
        "sellingGeneralAndAdministrativeExpenses": 161000000,
        "otherExpenses": 0,
        "operatingExpenses": 181000000,
        "costAndExpenses": 1440000000,
        "interestIncome": 0,
        "interestExpense": 48000000,
        "depreciationAndAmortization": 72000000,
        "ebitda": 441000000,
        "ebitdaratio": 0.2428414097,
        "operatingIncome": 376000000,
        "operatingIncomeRatio": 0.2070484581,
        "totalOtherIncomeExpensesNet": -53000000,
        "incomeBeforeTax": 323000000,
        "incomeBeforeTaxRatio": 0.1778634361,
        "incomeTaxExpense": 41000000,
        "netIncome": 281000000,
        "netIncomeRatio": 0.1547356828,
        "eps": 1.58,
        "epsdiluted": 1.53,
        "weightedAverageShsOut": 177798484,
        "weightedAverageShsOutDil": 183821241,
        "link": "https://www.sec.gov/Archives/edgar/data/1627223/000156459018019162/0001564590-18-019162-index.htm",
        "finalLink": "https://www.sec.gov/Archives/edgar/data/1627223/000156459018019162/cc-10q_20180630.htm"
    },
    {
        "date": "2018-03-31",
        "symbol": "CC",
        "reportedCurrency": "USD",
        "cik": "0001627223",
        "fillingDate": "2018-05-04",
        "acceptedDate": "2018-05-04 16:10:19",
        "calendarYear": "2018",
        "period": "Q1",
        "revenue": 1730000000,
        "costOfRevenue": 1193000000,
        "grossProfit": 537000000,
        "grossProfitRatio": 0.3104046243,
        "researchAndDevelopmentExpenses": 20000000,
        "generalAndAdministrativeExpenses": 143000000,
        "sellingAndMarketingExpenses": 0,
        "sellingGeneralAndAdministrativeExpenses": 143000000,
        "otherExpenses": 0,
        "operatingExpenses": 163000000,
        "costAndExpenses": 1356000000,
        "interestIncome": 0,
        "interestExpense": 52000000,
        "depreciationAndAmortization": 70000000,
        "ebitda": 451000000,
        "ebitdaratio": 0.2606936416,
        "operatingIncome": 374000000,
        "operatingIncomeRatio": 0.2161849711,
        "totalOtherIncomeExpensesNet": 7000000,
        "incomeBeforeTax": 381000000,
        "incomeBeforeTaxRatio": 0.2202312139,
        "incomeTaxExpense": 84000000,
        "netIncome": 297000000,
        "netIncomeRatio": 0.1716763006,
        "eps": 1.63,
        "epsdiluted": 1.58,
        "weightedAverageShsOut": 182069982,
        "weightedAverageShsOutDil": 188333197,
        "link": "https://www.sec.gov/Archives/edgar/data/1627223/000156459018010990/0001564590-18-010990-index.htm",
        "finalLink": "https://www.sec.gov/Archives/edgar/data/1627223/000156459018010990/cc-10q_20180331.htm"
    },
    {
        "date": "2017-12-31",
        "symbol": "CC",
        "reportedCurrency": "USD",
        "cik": "0001627223",
        "fillingDate": "2018-02-16",
        "acceptedDate": "2018-02-16 16:12:59",
        "calendarYear": "2017",
        "period": "Q4",
        "revenue": 1575000000,
        "costOfRevenue": 1088000000,
        "grossProfit": 487000000,
        "grossProfitRatio": 0.3092063492,
        "researchAndDevelopmentExpenses": 19000000,
        "generalAndAdministrativeExpenses": 158000000,
        "sellingAndMarketingExpenses": 0,
        "sellingGeneralAndAdministrativeExpenses": 158000000,
        "otherExpenses": 0,
        "operatingExpenses": 177000000,
        "costAndExpenses": 1265000000,
        "interestIncome": 0,
        "interestExpense": 54000000,
        "depreciationAndAmortization": 69000000,
        "ebitda": 379000000,
        "ebitdaratio": 0.2406349206,
        "operatingIncome": 310000000,
        "operatingIncomeRatio": 0.1968253968,
        "totalOtherIncomeExpensesNet": -47000000,
        "incomeBeforeTax": 263000000,
        "incomeBeforeTaxRatio": 0.166984127,
        "incomeTaxExpense": 35000000,
        "netIncome": 228000000,
        "netIncomeRatio": 0.1447619048,
        "eps": 1.25,
        "epsdiluted": 1.25,
        "weightedAverageShsOut": 182069982,
        "weightedAverageShsOutDil": 182069982,
        "link": "https://www.sec.gov/Archives/edgar/data/1627223/000156459018002325/0001564590-18-002325-index.htm",
        "finalLink": "https://www.sec.gov/Archives/edgar/data/1627223/000156459018002325/cc-10k_20171231.htm"
    },
    {
        "date": "2017-09-30",
        "symbol": "CC",
        "reportedCurrency": "USD",
        "cik": "0001627223",
        "fillingDate": "2017-11-03",
        "acceptedDate": "2017-11-03 16:14:51",
        "calendarYear": "2017",
        "period": "Q3",
        "revenue": 1584000000,
        "costOfRevenue": 1117000000,
        "grossProfit": 467000000,
        "grossProfitRatio": 0.2948232323,
        "researchAndDevelopmentExpenses": 20000000,
        "generalAndAdministrativeExpenses": 148000000,
        "sellingAndMarketingExpenses": 0,
        "sellingGeneralAndAdministrativeExpenses": 148000000,
        "otherExpenses": 0,
        "operatingExpenses": 168000000,
        "costAndExpenses": 1285000000,
        "interestIncome": 0,
        "interestExpense": 55000000,
        "depreciationAndAmortization": 62000000,
        "ebitda": 361000000,
        "ebitdaratio": 0.2279040404,
        "operatingIncome": 299000000,
        "operatingIncomeRatio": 0.1887626263,
        "totalOtherIncomeExpensesNet": -49000000,
        "incomeBeforeTax": 250000000,
        "incomeBeforeTaxRatio": 0.1578282828,
        "incomeTaxExpense": 43000000,
        "netIncome": 207000000,
        "netIncomeRatio": 0.1306818182,
        "eps": 1.12,
        "epsdiluted": 1.08,
        "weightedAverageShsOut": 185431036,
        "weightedAverageShsOutDil": 191637814,
        "link": "https://www.sec.gov/Archives/edgar/data/1627223/000156459017021527/0001564590-17-021527-index.htm",
        "finalLink": "https://www.sec.gov/Archives/edgar/data/1627223/000156459017021527/cc-10q_20170930.htm"
    },
    {
        "date": "2017-06-30",
        "symbol": "CC",
        "reportedCurrency": "USD",
        "cik": "0001627223",
        "fillingDate": "2017-08-03",
        "acceptedDate": "2017-08-03 16:38:51",
        "calendarYear": "2017",
        "period": "Q2",
        "revenue": 1588000000,
        "costOfRevenue": 1147000000,
        "grossProfit": 441000000,
        "grossProfitRatio": 0.2777078086,
        "researchAndDevelopmentExpenses": 21000000,
        "generalAndAdministrativeExpenses": 157000000,
        "sellingAndMarketingExpenses": 0,
        "sellingGeneralAndAdministrativeExpenses": 157000000,
        "otherExpenses": 0,
        "operatingExpenses": 178000000,
        "costAndExpenses": 1325000000,
        "interestIncome": 0,
        "interestExpense": 54000000,
        "depreciationAndAmortization": 71000000,
        "ebitda": 324000000,
        "ebitdaratio": 0.2040302267,
        "operatingIncome": 263000000,
        "operatingIncomeRatio": 0.1656171285,
        "totalOtherIncomeExpensesNet": -38000000,
        "incomeBeforeTax": 225000000,
        "incomeBeforeTaxRatio": 0.1416876574,
        "incomeTaxExpense": 64000000,
        "netIncome": 161000000,
        "netIncomeRatio": 0.1013853904,
        "eps": 0.87,
        "epsdiluted": 0.84,
        "weightedAverageShsOut": 185069436,
        "weightedAverageShsOutDil": 191126639,
        "link": "https://www.sec.gov/Archives/edgar/data/1627223/000156459017015399/0001564590-17-015399-index.htm",
        "finalLink": "https://www.sec.gov/Archives/edgar/data/1627223/000156459017015399/cc-10q_20170630.htm"
    },
    {
        "date": "2017-03-31",
        "symbol": "CC",
        "reportedCurrency": "USD",
        "cik": "0001627223",
        "fillingDate": "2017-05-03",
        "acceptedDate": "2017-05-03 15:11:08",
        "calendarYear": "2017",
        "period": "Q1",
        "revenue": 1437000000,
        "costOfRevenue": 1079000000,
        "grossProfit": 358000000,
        "grossProfitRatio": 0.2491301322,
        "researchAndDevelopmentExpenses": 19000000,
        "generalAndAdministrativeExpenses": 144000000,
        "sellingAndMarketingExpenses": 0,
        "sellingGeneralAndAdministrativeExpenses": 144000000,
        "otherExpenses": 0,
        "operatingExpenses": 163000000,
        "costAndExpenses": 1242000000,
        "interestIncome": 0,
        "interestExpense": 51000000,
        "depreciationAndAmortization": 71000000,
        "ebitda": 258000000,
        "ebitdaratio": 0.1795407098,
        "operatingIncome": 195000000,
        "operatingIncomeRatio": 0.1356993737,
        "totalOtherIncomeExpensesNet": -22000000,
        "incomeBeforeTax": 173000000,
        "incomeBeforeTaxRatio": 0.1203897008,
        "incomeTaxExpense": 22000000,
        "netIncome": 150000000,
        "netIncomeRatio": 0.1043841336,
        "eps": 0.82,
        "epsdiluted": 0.79,
        "weightedAverageShsOut": 183408309,
        "weightedAverageShsOutDil": 189149930,
        "link": "https://www.sec.gov/Archives/edgar/data/1627223/000156459017008323/0001564590-17-008323-index.htm",
        "finalLink": "https://www.sec.gov/Archives/edgar/data/1627223/000156459017008323/cc-10q_20170331.htm"
    },
    {
        "date": "2016-12-31",
        "symbol": "CC",
        "reportedCurrency": "USD",
        "cik": "0001627223",
        "fillingDate": "2017-02-17",
        "acceptedDate": "2017-02-17 15:58:11",
        "calendarYear": "2016",
        "period": "Q4",
        "revenue": 1322000000,
        "costOfRevenue": 1023000000,
        "grossProfit": 299000000,
        "grossProfitRatio": 0.226172466,
        "researchAndDevelopmentExpenses": 20000000,
        "generalAndAdministrativeExpenses": 480000000,
        "sellingAndMarketingExpenses": 0,
        "sellingGeneralAndAdministrativeExpenses": 480000000,
        "otherExpenses": -3000000,
        "operatingExpenses": 500000000,
        "costAndExpenses": 1523000000,
        "interestIncome": 0,
        "interestExpense": 56000000,
        "depreciationAndAmortization": 72000000,
        "ebitda": -145000000,
        "ebitdaratio": -0.1096822995,
        "operatingIncome": -201000000,
        "operatingIncomeRatio": -0.1520423601,
        "totalOtherIncomeExpensesNet": -72000000,
        "incomeBeforeTax": -273000000,
        "incomeBeforeTaxRatio": -0.206505295,
        "incomeTaxExpense": -43000000,
        "netIncome": -230000000,
        "netIncomeRatio": -0.17397882,
        "eps": -1.26,
        "epsdiluted": -1.24,
        "weightedAverageShsOut": 182125428,
        "weightedAverageShsOutDil": 186036526,
        "link": "https://www.sec.gov/Archives/edgar/data/1627223/000156459017001763/0001564590-17-001763-index.htm",
        "finalLink": "https://www.sec.gov/Archives/edgar/data/1627223/000156459017001763/cc-10k_20161231.htm"
    },
    {
        "date": "2016-09-30",
        "symbol": "CC",
        "reportedCurrency": "USD",
        "cik": "0001627223",
        "fillingDate": "2016-11-07",
        "acceptedDate": "2016-11-07 16:35:32",
        "calendarYear": "2016",
        "period": "Q3",
        "revenue": 1398000000,
        "costOfRevenue": 1056000000,
        "grossProfit": 342000000,
        "grossProfitRatio": 0.2446351931,
        "researchAndDevelopmentExpenses": 19000000,
        "generalAndAdministrativeExpenses": 148000000,
        "sellingAndMarketingExpenses": 0,
        "sellingGeneralAndAdministrativeExpenses": 148000000,
        "otherExpenses": 0,
        "operatingExpenses": 167000000,
        "costAndExpenses": 1223000000,
        "interestIncome": 0,
        "interestExpense": 51000000,
        "depreciationAndAmortization": 73000000,
        "ebitda": 248000000,
        "ebitdaratio": 0.1773962804,
        "operatingIncome": 175000000,
        "operatingIncomeRatio": 0.1251788269,
        "totalOtherIncomeExpensesNet": 59000000,
        "incomeBeforeTax": 234000000,
        "incomeBeforeTaxRatio": 0.1673819742,
        "incomeTaxExpense": 30000000,
        "netIncome": 204000000,
        "netIncomeRatio": 0.1459227468,
        "eps": 1.12,
        "epsdiluted": 1.11,
        "weightedAverageShsOut": 181596161,
        "weightedAverageShsOutDil": 183528556,
        "link": "https://www.sec.gov/Archives/edgar/data/1627223/000162722316000148/0001627223-16-000148-index.htm",
        "finalLink": "https://www.sec.gov/Archives/edgar/data/1627223/000162722316000148/cc-2016930x10q.htm"
    },
    {
        "date": "2016-06-30",
        "symbol": "CC",
        "reportedCurrency": "USD",
        "cik": "0001627223",
        "fillingDate": "2016-08-09",
        "acceptedDate": "2016-08-09 15:58:00",
        "calendarYear": "2016",
        "period": "Q2",
        "revenue": 1383000000,
        "costOfRevenue": 1116000000,
        "grossProfit": 267000000,
        "grossProfitRatio": 0.1930585683,
        "researchAndDevelopmentExpenses": 17000000,
        "generalAndAdministrativeExpenses": 174000000,
        "sellingAndMarketingExpenses": 0,
        "sellingGeneralAndAdministrativeExpenses": 174000000,
        "otherExpenses": 0,
        "operatingExpenses": 191000000,
        "costAndExpenses": 1307000000,
        "interestIncome": 0,
        "interestExpense": 50000000,
        "depreciationAndAmortization": 73000000,
        "ebitda": 149000000,
        "ebitdaratio": 0.107736804,
        "operatingIncome": 76000000,
        "operatingIncomeRatio": 0.0549530007,
        "totalOtherIncomeExpensesNet": -117000000,
        "incomeBeforeTax": -41000000,
        "incomeBeforeTaxRatio": -0.0296456978,
        "incomeTaxExpense": -23000000,
        "netIncome": -18000000,
        "netIncomeRatio": -0.0130151844,
        "eps": -0.1,
        "epsdiluted": -0.0992,
        "weightedAverageShsOut": 180001800,
        "weightedAverageShsOutDil": 181477672,
        "link": "https://www.sec.gov/Archives/edgar/data/1627223/000162722316000139/0001627223-16-000139-index.htm",
        "finalLink": "https://www.sec.gov/Archives/edgar/data/1627223/000162722316000139/cc-2016063010q.htm"
    },
    {
        "date": "2016-03-31",
        "symbol": "CC",
        "reportedCurrency": "USD",
        "cik": "0001627223",
        "fillingDate": "2016-05-09",
        "acceptedDate": "2016-05-09 15:32:07",
        "calendarYear": "2016",
        "period": "Q1",
        "revenue": 1297000000,
        "costOfRevenue": 1095000000,
        "grossProfit": 202000000,
        "grossProfitRatio": 0.1557440247,
        "researchAndDevelopmentExpenses": 23000000,
        "generalAndAdministrativeExpenses": 133000000,
        "sellingAndMarketingExpenses": 0,
        "sellingGeneralAndAdministrativeExpenses": 133000000,
        "otherExpenses": 0,
        "operatingExpenses": 156000000,
        "costAndExpenses": 1251000000,
        "interestIncome": 0,
        "interestExpense": 57000000,
        "depreciationAndAmortization": 66000000,
        "ebitda": 112000000,
        "ebitdaratio": 0.0863531226,
        "operatingIncome": 46000000,
        "operatingIncomeRatio": 0.0354664611,
        "totalOtherIncomeExpensesNet": 24000000,
        "incomeBeforeTax": 70000000,
        "incomeBeforeTaxRatio": 0.0539707016,
        "incomeTaxExpense": 19000000,
        "netIncome": 51000000,
        "netIncomeRatio": 0.0393215112,
        "eps": 0.28,
        "epsdiluted": 0.28,
        "weightedAverageShsOut": 180966833,
        "weightedAverageShsOutDil": 180966833,
        "link": "https://www.sec.gov/Archives/edgar/data/1627223/000162722316000102/0001627223-16-000102-index.htm",
        "finalLink": "https://www.sec.gov/Archives/edgar/data/1627223/000162722316000102/cc-2016033110q.htm"
    },
    {
        "date": "2015-12-31",
        "symbol": "CC",
        "reportedCurrency": "USD",
        "cik": "0001627223",
        "fillingDate": "2016-02-25",
        "acceptedDate": "2016-02-25 16:18:59",
        "calendarYear": "2015",
        "period": "Q4",
        "revenue": 1360000000,
        "costOfRevenue": 1147000000,
        "grossProfit": 213000000,
        "grossProfitRatio": 0.1566176471,
        "researchAndDevelopmentExpenses": 29000000,
        "generalAndAdministrativeExpenses": 151000000,
        "sellingAndMarketingExpenses": 0,
        "sellingGeneralAndAdministrativeExpenses": 151000000,
        "otherExpenses": 0,
        "operatingExpenses": 180000000,
        "costAndExpenses": 1327000000,
        "interestIncome": 0,
        "interestExpense": 53000000,
        "depreciationAndAmortization": 66000000,
        "ebitda": -2000000,
        "ebitdaratio": -0.0014705882,
        "operatingIncome": 33000000,
        "operatingIncomeRatio": 0.0242647059,
        "totalOtherIncomeExpensesNet": -154000000,
        "incomeBeforeTax": -121000000,
        "incomeBeforeTaxRatio": -0.0889705882,
        "incomeTaxExpense": -35000000,
        "netIncome": -86000000,
        "netIncomeRatio": -0.0632352941,
        "eps": -0.48,
        "epsdiluted": -0.48,
        "weightedAverageShsOut": 177357253,
        "weightedAverageShsOutDil": 180966833,
        "link": "https://www.sec.gov/Archives/edgar/data/1627223/000162722316000066/0001627223-16-000066-index.htm",
        "finalLink": "https://www.sec.gov/Archives/edgar/data/1627223/000162722316000066/cc-20151231x10k.htm"
    },
    {
        "date": "2015-09-30",
        "symbol": "CC",
        "reportedCurrency": "USD",
        "cik": "0001627223",
        "fillingDate": "2015-11-05",
        "acceptedDate": "2015-11-05 17:19:15",
        "calendarYear": "2015",
        "period": "Q3",
        "revenue": 1486000000,
        "costOfRevenue": 1222000000,
        "grossProfit": 264000000,
        "grossProfitRatio": 0.1776581427,
        "researchAndDevelopmentExpenses": 18000000,
        "generalAndAdministrativeExpenses": 157000000,
        "sellingAndMarketingExpenses": 0,
        "sellingGeneralAndAdministrativeExpenses": 157000000,
        "otherExpenses": 0,
        "operatingExpenses": 175000000,
        "costAndExpenses": 1397000000,
        "interestIncome": 0,
        "interestExpense": 51000000,
        "depreciationAndAmortization": 70000000,
        "ebitda": 89000000,
        "ebitdaratio": 0.0598923284,
        "operatingIncome": 89000000,
        "operatingIncomeRatio": 0.0598923284,
        "totalOtherIncomeExpensesNet": -196000000,
        "incomeBeforeTax": -107000000,
        "incomeBeforeTaxRatio": -0.0720053836,
        "incomeTaxExpense": -78000000,
        "netIncome": -29000000,
        "netIncomeRatio": -0.0195154778,
        "eps": -0.16,
        "epsdiluted": -0.16,
        "weightedAverageShsOut": 180968049,
        "weightedAverageShsOutDil": 180968049,
        "link": "https://www.sec.gov/Archives/edgar/data/1627223/000162722315000050/0001627223-15-000050-index.htm",
        "finalLink": "https://www.sec.gov/Archives/edgar/data/1627223/000162722315000050/cc-2015930x10q.htm"
    },
    {
        "date": "2015-06-30",
        "symbol": "CC",
        "reportedCurrency": "USD",
        "cik": "0001627223",
        "fillingDate": "2015-08-06",
        "acceptedDate": "2015-08-06 16:17:18",
        "calendarYear": "2015",
        "period": "Q2",
        "revenue": 1508000000,
        "costOfRevenue": 1282000000,
        "grossProfit": 226000000,
        "grossProfitRatio": 0.149867374,
        "researchAndDevelopmentExpenses": 27000000,
        "generalAndAdministrativeExpenses": 157000000,
        "sellingAndMarketingExpenses": 0,
        "sellingGeneralAndAdministrativeExpenses": 157000000,
        "otherExpenses": 0,
        "operatingExpenses": 184000000,
        "costAndExpenses": 1466000000,
        "interestIncome": 0,
        "interestExpense": 28000000,
        "depreciationAndAmortization": 67000000,
        "ebitda": 109000000,
        "ebitdaratio": 0.0722811671,
        "operatingIncome": 42000000,
        "operatingIncomeRatio": 0.0278514589,
        "totalOtherIncomeExpensesNet": -60000000,
        "incomeBeforeTax": -18000000,
        "incomeBeforeTaxRatio": -0.0119363395,
        "incomeTaxExpense": 0,
        "netIncome": -18000000,
        "netIncomeRatio": -0.0119363395,
        "eps": -0.1,
        "epsdiluted": -0.0995,
        "weightedAverageShsOut": 180001800,
        "weightedAverageShsOutDil": 180966833,
        "link": "https://www.sec.gov/Archives/edgar/data/1627223/000162722315000023/0001627223-15-000023-index.htm",
        "finalLink": "https://www.sec.gov/Archives/edgar/data/1627223/000162722315000023/cc-2015630x10q.htm"
    },
    {
        "date": "2015-03-31",
        "symbol": "CC",
        "reportedCurrency": "USD",
        "cik": "0001627223",
        "fillingDate": "2015-03-31",
        "acceptedDate": "2015-03-30 20:00:00",
        "calendarYear": "2015",
        "period": "Q1",
        "revenue": 1363000000,
        "costOfRevenue": 1111000000,
        "grossProfit": 252000000,
        "grossProfitRatio": 0.1848862803,
        "researchAndDevelopmentExpenses": 23000000,
        "generalAndAdministrativeExpenses": 167000000,
        "sellingAndMarketingExpenses": 0,
        "sellingGeneralAndAdministrativeExpenses": 167000000,
        "otherExpenses": 0,
        "operatingExpenses": 190000000,
        "costAndExpenses": 1301000000,
        "interestIncome": 0,
        "interestExpense": 0,
        "depreciationAndAmortization": 64000000,
        "ebitda": 126000000,
        "ebitdaratio": 0.0924431401,
        "operatingIncome": 62000000,
        "operatingIncomeRatio": 0.0454878944,
        "totalOtherIncomeExpensesNet": -4000000,
        "incomeBeforeTax": 58000000,
        "incomeBeforeTaxRatio": 0.0425531915,
        "incomeTaxExpense": 15000000,
        "netIncome": 43000000,
        "netIncomeRatio": 0.0315480558,
        "eps": 0.24,
        "epsdiluted": 0.24,
        "weightedAverageShsOut": 180967291,
        "weightedAverageShsOutDil": 181000000,
        "link": "",
        "finalLink": ""
    },
    {
        "date": "2014-12-31",
        "symbol": "CC",
        "reportedCurrency": "USD",
        "cik": "0001627223",
        "fillingDate": "2014-12-31",
        "acceptedDate": "2014-12-30 19:00:00",
        "calendarYear": "2014",
        "period": "Q4",
        "revenue": 1549000000,
        "costOfRevenue": 1248000000,
        "grossProfit": 301000000,
        "grossProfitRatio": 0.1943189154,
        "researchAndDevelopmentExpenses": 33000000,
        "generalAndAdministrativeExpenses": 153000000,
        "sellingAndMarketingExpenses": 0,
        "sellingGeneralAndAdministrativeExpenses": 153000000,
        "otherExpenses": 0,
        "operatingExpenses": 186000000,
        "costAndExpenses": 1434000000,
        "interestIncome": 0,
        "interestExpense": 0,
        "depreciationAndAmortization": 72000000,
        "ebitda": 187000000,
        "ebitdaratio": 0.1207230471,
        "operatingIncome": 115000000,
        "operatingIncomeRatio": 0.0742414461,
        "totalOtherIncomeExpensesNet": 5000000,
        "incomeBeforeTax": 120000000,
        "incomeBeforeTaxRatio": 0.0774693351,
        "incomeTaxExpense": 41000000,
        "netIncome": 79000000,
        "netIncomeRatio": 0.0510006456,
        "eps": 0.44,
        "epsdiluted": 0.44,
        "weightedAverageShsOut": 180966867,
        "weightedAverageShsOutDil": 181367000,
        "link": "",
        "finalLink": ""
    },
    {
        "date": "2014-09-30",
        "symbol": "CC",
        "reportedCurrency": "USD",
        "cik": "0001627223",
        "fillingDate": "2014-09-30",
        "acceptedDate": "2014-09-29 20:00:00",
        "calendarYear": "2014",
        "period": "Q3",
        "revenue": 1632000000,
        "costOfRevenue": 1273000000,
        "grossProfit": 359000000,
        "grossProfitRatio": 0.2199754902,
        "researchAndDevelopmentExpenses": 33000000,
        "generalAndAdministrativeExpenses": 176000000,
        "sellingAndMarketingExpenses": 0,
        "sellingGeneralAndAdministrativeExpenses": 176000000,
        "otherExpenses": 0,
        "operatingExpenses": 209000000,
        "costAndExpenses": 1482000000,
        "interestIncome": 0,
        "interestExpense": 0,
        "depreciationAndAmortization": 57000000,
        "ebitda": 207000000,
        "ebitdaratio": 0.1268382353,
        "operatingIncome": 150000000,
        "operatingIncomeRatio": 0.0919117647,
        "totalOtherIncomeExpensesNet": -7000000,
        "incomeBeforeTax": 143000000,
        "incomeBeforeTaxRatio": 0.087622549,
        "incomeTaxExpense": 35000000,
        "netIncome": 107000000,
        "netIncomeRatio": 0.0655637255,
        "eps": 0.59,
        "epsdiluted": 0.59,
        "weightedAverageShsOut": 181367000,
        "weightedAverageShsOutDil": 182764000,
        "link": "",
        "finalLink": ""
    },
    {
        "date": "2014-06-30",
        "symbol": "CC",
        "reportedCurrency": "USD",
        "cik": "0001627223",
        "fillingDate": "2014-06-30",
        "acceptedDate": "2014-06-29 20:00:00",
        "calendarYear": "2014",
        "period": "Q2",
        "revenue": 1682000000,
        "costOfRevenue": 1311000000,
        "grossProfit": 371000000,
        "grossProfitRatio": 0.2205707491,
        "researchAndDevelopmentExpenses": 40000000,
        "generalAndAdministrativeExpenses": 183000000,
        "sellingAndMarketingExpenses": 0,
        "sellingGeneralAndAdministrativeExpenses": 183000000,
        "otherExpenses": 0,
        "operatingExpenses": 223000000,
        "costAndExpenses": 1534000000,
        "interestIncome": 0,
        "interestExpense": 0,
        "depreciationAndAmortization": 64000000,
        "ebitda": 212000000,
        "ebitdaratio": 0.1260404281,
        "operatingIncome": 148000000,
        "operatingIncomeRatio": 0.0879904875,
        "totalOtherIncomeExpensesNet": 7000000,
        "incomeBeforeTax": 155000000,
        "incomeBeforeTaxRatio": 0.0921521998,
        "incomeTaxExpense": 39000000,
        "netIncome": 116000000,
        "netIncomeRatio": 0.0689655172,
        "eps": 0.64,
        "epsdiluted": 0.63,
        "weightedAverageShsOut": 181367000,
        "weightedAverageShsOutDil": 182764000,
        "link": "",
        "finalLink": ""
    },
    {
        "date": "2014-03-31",
        "symbol": "CC",
        "reportedCurrency": "USD",
        "cik": "0001627223",
        "fillingDate": "2014-03-31",
        "acceptedDate": "2014-03-31 00:00:00",
        "calendarYear": "2014",
        "period": "Q1",
        "revenue": 1569000000,
        "costOfRevenue": 1240000000,
        "grossProfit": 329000000,
        "grossProfitRatio": 0.2096876992,
        "researchAndDevelopmentExpenses": 37000000,
        "generalAndAdministrativeExpenses": 173000000,
        "sellingAndMarketingExpenses": 0,
        "sellingGeneralAndAdministrativeExpenses": 173000000,
        "otherExpenses": 0,
        "operatingExpenses": 210000000,
        "costAndExpenses": 1450000000,
        "interestIncome": 0,
        "interestExpense": 0,
        "depreciationAndAmortization": 64000000,
        "ebitda": 183000000,
        "ebitdaratio": 0.1166347992,
        "operatingIncome": 119000000,
        "operatingIncomeRatio": 0.0758444869,
        "totalOtherIncomeExpensesNet": 13000000,
        "incomeBeforeTax": 132000000,
        "incomeBeforeTaxRatio": 0.0841300191,
        "incomeTaxExpense": 34000000,
        "netIncome": 98000000,
        "netIncomeRatio": 0.0624601657,
        "eps": 0.54,
        "epsdiluted": 0.54,
        "weightedAverageShsOut": 181367000,
        "weightedAverageShsOutDil": 182764000,
        "link": "",
        "finalLink": ""
    },
    {
        "date": "2013-12-31",
        "symbol": "CC",
        "reportedCurrency": "USD",
        "cik": "0001627223",
        "fillingDate": "2013-12-31",
        "acceptedDate": "2013-12-30 19:00:00",
        "calendarYear": "2013",
        "period": "Q4",
        "revenue": 1656000000,
        "costOfRevenue": 1300000000,
        "grossProfit": 356000000,
        "grossProfitRatio": 0.2149758454,
        "researchAndDevelopmentExpenses": 41000000,
        "generalAndAdministrativeExpenses": 0,
        "sellingAndMarketingExpenses": 0,
        "sellingGeneralAndAdministrativeExpenses": 183000000,
        "otherExpenses": 0,
        "operatingExpenses": 224000000,
        "costAndExpenses": 1524000000,
        "interestIncome": 0,
        "interestExpense": 0,
        "depreciationAndAmortization": 61000000,
        "ebitda": 193000000,
        "ebitdaratio": 0.1165458937,
        "operatingIncome": 132000000,
        "operatingIncomeRatio": 0.0797101449,
        "totalOtherIncomeExpensesNet": 15000000,
        "incomeBeforeTax": 147000000,
        "incomeBeforeTaxRatio": 0.0887681159,
        "incomeTaxExpense": 36000000,
        "netIncome": 110000000,
        "netIncomeRatio": 0.0664251208,
        "eps": 0.61,
        "epsdiluted": 0.61,
        "weightedAverageShsOut": 180966889,
        "weightedAverageShsOutDil": 181367000,
        "link": "",
        "finalLink": ""
    }
]