[
    {
        "date": "2025-09-30",
        "symbol": "CCK",
        "reportedCurrency": "USD",
        "cik": "0001219601",
        "fillingDate": "2025-10-08",
        "acceptedDate": "2025-10-08 16:37:34",
        "calendarYear": "2025",
        "period": "Q3",
        "revenue": 3202000000,
        "costOfRevenue": 2594000000,
        "grossProfit": 608000000,
        "grossProfitRatio": 0.1898813242,
        "researchAndDevelopmentExpenses": 0,
        "generalAndAdministrativeExpenses": 0,
        "sellingAndMarketingExpenses": 0,
        "sellingGeneralAndAdministrativeExpenses": 155000000,
        "otherExpenses": 0,
        "operatingExpenses": 155000000,
        "costAndExpenses": 2749000000,
        "interestIncome": 13000000,
        "interestExpense": 101000000,
        "depreciationAndAmortization": 116000000,
        "ebitda": 539000000,
        "ebitdaratio": 0.1683322923,
        "operatingIncome": 453000000,
        "operatingIncomeRatio": 0.1414740787,
        "totalOtherIncomeExpensesNet": -130000000,
        "incomeBeforeTax": 323000000,
        "incomeBeforeTaxRatio": 0.1008744535,
        "incomeTaxExpense": 84000000,
        "netIncome": 214000000,
        "netIncomeRatio": 0.0668332292,
        "eps": 1.86,
        "epsdiluted": 1.85,
        "weightedAverageShsOut": 115243289,
        "weightedAverageShsOutDil": 115701558,
        "link": "https://www.sec.gov/Archives/edgar/data/1219601/000119312525234573/0001193125-25-234573-index.htm",
        "finalLink": "https://www.sec.gov/Archives/edgar/data/1219601/000119312525234573/d52487dex41.htm"
    },
    {
        "date": "2025-06-30",
        "symbol": "CCK",
        "reportedCurrency": "USD",
        "cik": "0001219601",
        "fillingDate": "2025-07-29",
        "acceptedDate": "2025-07-29 16:56:22",
        "calendarYear": "2025",
        "period": "Q2",
        "revenue": 3149000000,
        "costOfRevenue": 2436000000,
        "grossProfit": 713000000,
        "grossProfitRatio": 0.2264210861,
        "researchAndDevelopmentExpenses": 0,
        "generalAndAdministrativeExpenses": 0,
        "sellingAndMarketingExpenses": 0,
        "sellingGeneralAndAdministrativeExpenses": 160000000,
        "otherExpenses": 162000000,
        "operatingExpenses": 322000000,
        "costAndExpenses": 2758000000,
        "interestIncome": 14000000,
        "interestExpense": 103000000,
        "depreciationAndAmortization": 114000000,
        "ebitda": 556000000,
        "ebitdaratio": 0.1765639886,
        "operatingIncome": 391000000,
        "operatingIncomeRatio": 0.124166402,
        "totalOtherIncomeExpensesNet": -97000000,
        "incomeBeforeTax": 294000000,
        "incomeBeforeTaxRatio": 0.0933629724,
        "incomeTaxExpense": 78000000,
        "netIncome": 181000000,
        "netIncomeRatio": 0.0574785646,
        "eps": 1.57,
        "epsdiluted": 1.56,
        "weightedAverageShsOut": 116025641,
        "weightedAverageShsOutDil": 115800000,
        "link": "https://www.sec.gov/Archives/edgar/data/1219601/000121960125000036/0001219601-25-000036-index.htm",
        "finalLink": "https://www.sec.gov/Archives/edgar/data/1219601/000121960125000036/cck-20250630.htm"
    },
    {
        "date": "2025-03-31",
        "symbol": "CCK",
        "reportedCurrency": "USD",
        "cik": "0001219601",
        "fillingDate": "2025-05-02",
        "acceptedDate": "2025-05-02 15:28:35",
        "calendarYear": "2025",
        "period": "Q1",
        "revenue": 2887000000,
        "costOfRevenue": 2262000000,
        "grossProfit": 625000000,
        "grossProfitRatio": 0.2164877035,
        "researchAndDevelopmentExpenses": 0,
        "generalAndAdministrativeExpenses": 0,
        "sellingAndMarketingExpenses": 0,
        "sellingGeneralAndAdministrativeExpenses": 157000000,
        "otherExpenses": 103000000,
        "operatingExpenses": 260000000,
        "costAndExpenses": 2522000000,
        "interestIncome": 13000000,
        "interestExpense": 99000000,
        "depreciationAndAmortization": 110000000,
        "ebitda": 468000000,
        "ebitdaratio": 0.1621059924,
        "operatingIncome": 365000000,
        "operatingIncomeRatio": 0.1264288188,
        "totalOtherIncomeExpensesNet": -92000000,
        "incomeBeforeTax": 273000000,
        "incomeBeforeTaxRatio": 0.0945618289,
        "incomeTaxExpense": 46000000,
        "netIncome": 193000000,
        "netIncomeRatio": 0.0668514028,
        "eps": 1.65,
        "epsdiluted": 1.65,
        "weightedAverageShsOut": 116969696,
        "weightedAverageShsOutDil": 117000000,
        "link": "https://www.sec.gov/Archives/edgar/data/1219601/000121960125000015/0001219601-25-000015-index.htm",
        "finalLink": "https://www.sec.gov/Archives/edgar/data/1219601/000121960125000015/cck-20250331.htm"
    },
    {
        "date": "2024-12-31",
        "symbol": "CCK",
        "reportedCurrency": "USD",
        "cik": "0001219601",
        "fillingDate": "2025-03-03",
        "acceptedDate": "2025-03-03 12:39:12",
        "calendarYear": "2024",
        "period": "Q4",
        "revenue": 2903000000,
        "costOfRevenue": 2253000000,
        "grossProfit": 650000000,
        "grossProfitRatio": 0.2239063038,
        "researchAndDevelopmentExpenses": 32000000,
        "generalAndAdministrativeExpenses": 0,
        "sellingAndMarketingExpenses": 0,
        "sellingGeneralAndAdministrativeExpenses": 150000000,
        "otherExpenses": 117000000,
        "operatingExpenses": 299000000,
        "costAndExpenses": 2552000000,
        "interestIncome": 22000000,
        "interestExpense": 108000000,
        "depreciationAndAmortization": 104000000,
        "ebitda": 490000000,
        "ebitdaratio": 0.168790906,
        "operatingIncome": 351000000,
        "operatingIncomeRatio": 0.1209094041,
        "totalOtherIncomeExpensesNet": 169000000,
        "incomeBeforeTax": 520000000,
        "incomeBeforeTaxRatio": 0.1791250431,
        "incomeTaxExpense": 128000000,
        "netIncome": 358000000,
        "netIncomeRatio": 0.1233207027,
        "eps": 3.03,
        "epsdiluted": 3.02,
        "weightedAverageShsOut": 118552664,
        "weightedAverageShsOutDil": 118599513,
        "link": "https://www.sec.gov/Archives/edgar/data/1219601/000121960125000009/0001219601-25-000009-index.htm",
        "finalLink": "https://www.sec.gov/Archives/edgar/data/1219601/000121960125000009/cck-20241231.htm"
    },
    {
        "date": "2024-09-30",
        "symbol": "CCK",
        "reportedCurrency": "USD",
        "cik": "0001219601",
        "fillingDate": "2024-11-01",
        "acceptedDate": "2024-11-01 14:05:34",
        "calendarYear": "2024",
        "period": "Q3",
        "revenue": 3074000000,
        "costOfRevenue": 2383000000,
        "grossProfit": 691000000,
        "grossProfitRatio": 0.2247885491,
        "researchAndDevelopmentExpenses": 0,
        "generalAndAdministrativeExpenses": 0,
        "sellingAndMarketingExpenses": 0,
        "sellingGeneralAndAdministrativeExpenses": 152000000,
        "otherExpenses": 95000000,
        "operatingExpenses": 247000000,
        "costAndExpenses": 2630000000,
        "interestIncome": 24000000,
        "interestExpense": 119000000,
        "depreciationAndAmortization": 114000000,
        "ebitda": 539000000,
        "ebitdaratio": 0.1753415745,
        "operatingIncome": 444000000,
        "operatingIncomeRatio": 0.1444372154,
        "totalOtherIncomeExpensesNet": -615000000,
        "incomeBeforeTax": -171000000,
        "incomeBeforeTaxRatio": -0.0556278465,
        "incomeTaxExpense": -39000000,
        "netIncome": -175000000,
        "netIncomeRatio": -0.0569290826,
        "eps": -1.47,
        "epsdiluted": -1.47,
        "weightedAverageShsOut": 119047619,
        "weightedAverageShsOutDil": 119300000,
        "link": "https://www.sec.gov/Archives/edgar/data/1219601/000121960124000038/0001219601-24-000038-index.htm",
        "finalLink": "https://www.sec.gov/Archives/edgar/data/1219601/000121960124000038/cck-20240930.htm"
    },
    {
        "date": "2024-06-30",
        "symbol": "CCK",
        "reportedCurrency": "USD",
        "cik": "0001219601",
        "fillingDate": "2024-07-29",
        "acceptedDate": "2024-07-29 16:43:44",
        "calendarYear": "2024",
        "period": "Q2",
        "revenue": 3040000000,
        "costOfRevenue": 2379000000,
        "grossProfit": 661000000,
        "grossProfitRatio": 0.2174342105,
        "researchAndDevelopmentExpenses": 0,
        "generalAndAdministrativeExpenses": 0,
        "sellingAndMarketingExpenses": 0,
        "sellingGeneralAndAdministrativeExpenses": 165000000,
        "otherExpenses": 117000000,
        "operatingExpenses": 282000000,
        "costAndExpenses": 2661000000,
        "interestIncome": 16000000,
        "interestExpense": 112000000,
        "depreciationAndAmortization": 115000000,
        "ebitda": 496000000,
        "ebitdaratio": 0.1631578947,
        "operatingIncome": 379000000,
        "operatingIncomeRatio": 0.1246710526,
        "totalOtherIncomeExpensesNet": -118000000,
        "incomeBeforeTax": 261000000,
        "incomeBeforeTaxRatio": 0.0858552632,
        "incomeTaxExpense": 54000000,
        "netIncome": 174000000,
        "netIncomeRatio": 0.0572368421,
        "eps": 1.45,
        "epsdiluted": 1.45,
        "weightedAverageShsOut": 120000000,
        "weightedAverageShsOutDil": 119800000,
        "link": "https://www.sec.gov/Archives/edgar/data/1219601/000121960124000029/0001219601-24-000029-index.htm",
        "finalLink": "https://www.sec.gov/Archives/edgar/data/1219601/000121960124000029/cck-20240630.htm"
    },
    {
        "date": "2024-03-31",
        "symbol": "CCK",
        "reportedCurrency": "USD",
        "cik": "0001219601",
        "fillingDate": "2024-05-06",
        "acceptedDate": "2024-05-06 16:33:54",
        "calendarYear": "2024",
        "period": "Q1",
        "revenue": 2784000000,
        "costOfRevenue": 2247000000,
        "grossProfit": 537000000,
        "grossProfitRatio": 0.192887931,
        "researchAndDevelopmentExpenses": 0,
        "generalAndAdministrativeExpenses": 0,
        "sellingAndMarketingExpenses": 0,
        "sellingGeneralAndAdministrativeExpenses": 165000000,
        "otherExpenses": 127000000,
        "operatingExpenses": 292000000,
        "costAndExpenses": 2539000000,
        "interestIncome": 20000000,
        "interestExpense": 113000000,
        "depreciationAndAmortization": 115000000,
        "ebitda": 371000000,
        "ebitdaratio": 0.1332614943,
        "operatingIncome": 245000000,
        "operatingIncomeRatio": 0.0880028736,
        "totalOtherIncomeExpensesNet": -112000000,
        "incomeBeforeTax": 133000000,
        "incomeBeforeTaxRatio": 0.0477729885,
        "incomeTaxExpense": 40000000,
        "netIncome": 67000000,
        "netIncomeRatio": 0.024066092,
        "eps": 0.56,
        "epsdiluted": 0.56,
        "weightedAverageShsOut": 119642857,
        "weightedAverageShsOutDil": 119800000,
        "link": "https://www.sec.gov/Archives/edgar/data/1219601/000121960124000015/0001219601-24-000015-index.htm",
        "finalLink": "https://www.sec.gov/Archives/edgar/data/1219601/000121960124000015/cck-20240331.htm"
    },
    {
        "date": "2023-12-31",
        "symbol": "CCK",
        "reportedCurrency": "USD",
        "cik": "0001219601",
        "fillingDate": "2024-02-27",
        "acceptedDate": "2024-02-27 13:48:50",
        "calendarYear": "2023",
        "period": "Q4",
        "revenue": 2858000000,
        "costOfRevenue": 2245000000,
        "grossProfit": 613000000,
        "grossProfitRatio": 0.2144856543,
        "researchAndDevelopmentExpenses": 33000000,
        "generalAndAdministrativeExpenses": 0,
        "sellingAndMarketingExpenses": 0,
        "sellingGeneralAndAdministrativeExpenses": 150000000,
        "otherExpenses": 171000000,
        "operatingExpenses": 354000000,
        "costAndExpenses": 2599000000,
        "interestIncome": 19000000,
        "interestExpense": 113000000,
        "depreciationAndAmortization": 127000000,
        "ebitda": 445000000,
        "ebitdaratio": 0.155703289,
        "operatingIncome": 259000000,
        "operatingIncomeRatio": 0.0906228132,
        "totalOtherIncomeExpensesNet": -122000000,
        "incomeBeforeTax": 137000000,
        "incomeBeforeTaxRatio": 0.0479356193,
        "incomeTaxExpense": 59000000,
        "netIncome": 32000000,
        "netIncomeRatio": 0.011196641,
        "eps": 0.27,
        "epsdiluted": 0.27,
        "weightedAverageShsOut": 119507777,
        "weightedAverageShsOutDil": 119743953,
        "link": "https://www.sec.gov/Archives/edgar/data/1219601/000121960124000009/0001219601-24-000009-index.htm",
        "finalLink": "https://www.sec.gov/Archives/edgar/data/1219601/000121960124000009/cck-20231231.htm"
    },
    {
        "date": "2023-09-30",
        "symbol": "CCK",
        "reportedCurrency": "USD",
        "cik": "0001219601",
        "fillingDate": "2023-10-30",
        "acceptedDate": "2023-10-30 12:13:55",
        "calendarYear": "2023",
        "period": "Q3",
        "revenue": 3069000000,
        "costOfRevenue": 2427000000,
        "grossProfit": 642000000,
        "grossProfitRatio": 0.2091886608,
        "researchAndDevelopmentExpenses": 0,
        "generalAndAdministrativeExpenses": 0,
        "sellingAndMarketingExpenses": 0,
        "sellingGeneralAndAdministrativeExpenses": 140000000,
        "otherExpenses": 128000000,
        "operatingExpenses": 268000000,
        "costAndExpenses": 2695000000,
        "interestIncome": 13000000,
        "interestExpense": 111000000,
        "depreciationAndAmortization": 124000000,
        "ebitda": 501000000,
        "ebitdaratio": 0.1632453568,
        "operatingIncome": 374000000,
        "operatingIncomeRatio": 0.1218637993,
        "totalOtherIncomeExpensesNet": -112000000,
        "incomeBeforeTax": 262000000,
        "incomeBeforeTaxRatio": 0.0853698273,
        "incomeTaxExpense": 62000000,
        "netIncome": 159000000,
        "netIncomeRatio": 0.0518084066,
        "eps": 1.33,
        "epsdiluted": 1.33,
        "weightedAverageShsOut": 119548872,
        "weightedAverageShsOutDil": 119700000,
        "link": "https://www.sec.gov/Archives/edgar/data/1219601/000121960123000032/0001219601-23-000032-index.htm",
        "finalLink": "https://www.sec.gov/Archives/edgar/data/1219601/000121960123000032/cck-20230930.htm"
    },
    {
        "date": "2023-06-30",
        "symbol": "CCK",
        "reportedCurrency": "USD",
        "cik": "0001219601",
        "fillingDate": "2023-07-28",
        "acceptedDate": "2023-07-28 15:25:46",
        "calendarYear": "2023",
        "period": "Q2",
        "revenue": 3109000000,
        "costOfRevenue": 2463000000,
        "grossProfit": 646000000,
        "grossProfitRatio": 0.2077838533,
        "researchAndDevelopmentExpenses": 0,
        "generalAndAdministrativeExpenses": 0,
        "sellingAndMarketingExpenses": 0,
        "sellingGeneralAndAdministrativeExpenses": 164000000,
        "otherExpenses": 115000000,
        "operatingExpenses": 279000000,
        "costAndExpenses": 2742000000,
        "interestIncome": 12000000,
        "interestExpense": 110000000,
        "depreciationAndAmortization": 125000000,
        "ebitda": 482000000,
        "ebitdaratio": 0.1550337729,
        "operatingIncome": 367000000,
        "operatingIncomeRatio": 0.1180443873,
        "totalOtherIncomeExpensesNet": -121000000,
        "incomeBeforeTax": 246000000,
        "incomeBeforeTaxRatio": 0.0791251206,
        "incomeTaxExpense": 59000000,
        "netIncome": 157000000,
        "netIncomeRatio": 0.0504985526,
        "eps": 1.31,
        "epsdiluted": 1.31,
        "weightedAverageShsOut": 119847328,
        "weightedAverageShsOutDil": 119600000,
        "link": "https://www.sec.gov/Archives/edgar/data/1219601/000121960123000026/0001219601-23-000026-index.htm",
        "finalLink": "https://www.sec.gov/Archives/edgar/data/1219601/000121960123000026/cck-20230630.htm"
    },
    {
        "date": "2023-03-31",
        "symbol": "CCK",
        "reportedCurrency": "USD",
        "cik": "0001219601",
        "fillingDate": "2023-04-28",
        "acceptedDate": "2023-04-28 16:45:26",
        "calendarYear": "2023",
        "period": "Q1",
        "revenue": 2974000000,
        "costOfRevenue": 2411000000,
        "grossProfit": 563000000,
        "grossProfitRatio": 0.1893073302,
        "researchAndDevelopmentExpenses": 0,
        "generalAndAdministrativeExpenses": 0,
        "sellingAndMarketingExpenses": 0,
        "sellingGeneralAndAdministrativeExpenses": 171000000,
        "otherExpenses": 123000000,
        "operatingExpenses": 294000000,
        "costAndExpenses": 2705000000,
        "interestIncome": 9000000,
        "interestExpense": 102000000,
        "depreciationAndAmortization": 123000000,
        "ebitda": 390000000,
        "ebitdaratio": 0.1311365165,
        "operatingIncome": 269000000,
        "operatingIncomeRatio": 0.0904505716,
        "totalOtherIncomeExpensesNet": -105000000,
        "incomeBeforeTax": 164000000,
        "incomeBeforeTaxRatio": 0.0551445864,
        "incomeTaxExpense": 42000000,
        "netIncome": 102000000,
        "netIncomeRatio": 0.0342972428,
        "eps": 0.86,
        "epsdiluted": 0.85,
        "weightedAverageShsOut": 120000000,
        "weightedAverageShsOutDil": 119600000,
        "link": "https://www.sec.gov/Archives/edgar/data/1219601/000121960123000014/0001219601-23-000014-index.htm",
        "finalLink": "https://www.sec.gov/Archives/edgar/data/1219601/000121960123000014/cck-20230331.htm"
    },
    {
        "date": "2022-12-31",
        "symbol": "CCK",
        "reportedCurrency": "USD",
        "cik": "0001219601",
        "fillingDate": "2023-02-27",
        "acceptedDate": "2023-02-27 13:17:01",
        "calendarYear": "2022",
        "period": "Q4",
        "revenue": 3012000000,
        "costOfRevenue": 2509000000,
        "grossProfit": 503000000,
        "grossProfitRatio": 0.166998672,
        "researchAndDevelopmentExpenses": 34000000,
        "generalAndAdministrativeExpenses": 0,
        "sellingAndMarketingExpenses": 0,
        "sellingGeneralAndAdministrativeExpenses": 134000000,
        "otherExpenses": 106000000,
        "operatingExpenses": 274000000,
        "costAndExpenses": 2783000000,
        "interestIncome": 6000000,
        "interestExpense": 90000000,
        "depreciationAndAmortization": 114000000,
        "ebitda": 361000000,
        "ebitdaratio": 0.1198539177,
        "operatingIncome": 229000000,
        "operatingIncomeRatio": 0.0760292165,
        "totalOtherIncomeExpensesNet": -82000000,
        "incomeBeforeTax": 147000000,
        "incomeBeforeTaxRatio": 0.0488047809,
        "incomeTaxExpense": 25000000,
        "netIncome": 89000000,
        "netIncomeRatio": 0.0295484728,
        "eps": 0.75,
        "epsdiluted": 0.74,
        "weightedAverageShsOut": 120197015,
        "weightedAverageShsOutDil": 119498979,
        "link": "https://www.sec.gov/Archives/edgar/data/1219601/000121960123000008/0001219601-23-000008-index.htm",
        "finalLink": "https://www.sec.gov/Archives/edgar/data/1219601/000121960123000008/cck-20221231.htm"
    },
    {
        "date": "2022-09-30",
        "symbol": "CCK",
        "reportedCurrency": "USD",
        "cik": "0001219601",
        "fillingDate": "2022-11-01",
        "acceptedDate": "2022-11-01 16:26:47",
        "calendarYear": "2022",
        "period": "Q3",
        "revenue": 3259000000,
        "costOfRevenue": 2726000000,
        "grossProfit": 533000000,
        "grossProfitRatio": 0.1635471003,
        "researchAndDevelopmentExpenses": 0,
        "generalAndAdministrativeExpenses": 0,
        "sellingAndMarketingExpenses": 0,
        "sellingGeneralAndAdministrativeExpenses": 117000000,
        "otherExpenses": 119000000,
        "operatingExpenses": 236000000,
        "costAndExpenses": 2962000000,
        "interestIncome": 3000000,
        "interestExpense": 76000000,
        "depreciationAndAmortization": 115000000,
        "ebitda": 413000000,
        "ebitdaratio": 0.1267259896,
        "operatingIncome": 297000000,
        "operatingIncomeRatio": 0.0911322492,
        "totalOtherIncomeExpensesNet": -84000000,
        "incomeBeforeTax": 213000000,
        "incomeBeforeTaxRatio": 0.0653574716,
        "incomeTaxExpense": 55000000,
        "netIncome": 127000000,
        "netIncomeRatio": 0.0389690089,
        "eps": 1.06,
        "epsdiluted": 1.06,
        "weightedAverageShsOut": 119811320,
        "weightedAverageShsOutDil": 120200000,
        "link": "https://www.sec.gov/Archives/edgar/data/1219601/000121960122000043/0001219601-22-000043-index.htm",
        "finalLink": "https://www.sec.gov/Archives/edgar/data/1219601/000121960122000043/cck-20220930.htm"
    },
    {
        "date": "2022-06-30",
        "symbol": "CCK",
        "reportedCurrency": "USD",
        "cik": "0001219601",
        "fillingDate": "2022-08-01",
        "acceptedDate": "2022-08-01 15:26:40",
        "calendarYear": "2022",
        "period": "Q2",
        "revenue": 3510000000,
        "costOfRevenue": 2861000000,
        "grossProfit": 649000000,
        "grossProfitRatio": 0.1849002849,
        "researchAndDevelopmentExpenses": 0,
        "generalAndAdministrativeExpenses": 0,
        "sellingAndMarketingExpenses": 0,
        "sellingGeneralAndAdministrativeExpenses": 136000000,
        "otherExpenses": 47000000,
        "operatingExpenses": 183000000,
        "costAndExpenses": 3044000000,
        "interestIncome": 3000000,
        "interestExpense": 64000000,
        "depreciationAndAmortization": 116000000,
        "ebitda": 621000000,
        "ebitdaratio": 0.1769230769,
        "operatingIncome": 466000000,
        "operatingIncomeRatio": 0.1327635328,
        "totalOtherIncomeExpensesNet": -52000000,
        "incomeBeforeTax": 414000000,
        "incomeBeforeTaxRatio": 0.1179487179,
        "incomeTaxExpense": 85000000,
        "netIncome": 295000000,
        "netIncomeRatio": 0.084045584,
        "eps": 2.44,
        "epsdiluted": 2.43,
        "weightedAverageShsOut": 121399176,
        "weightedAverageShsOutDil": 121600000,
        "link": "https://www.sec.gov/Archives/edgar/data/1219601/000121960122000035/0001219601-22-000035-index.htm",
        "finalLink": "https://www.sec.gov/Archives/edgar/data/1219601/000121960122000035/cck-20220630.htm"
    },
    {
        "date": "2022-03-31",
        "symbol": "CCK",
        "reportedCurrency": "USD",
        "cik": "0001219601",
        "fillingDate": "2022-04-29",
        "acceptedDate": "2022-04-29 16:47:56",
        "calendarYear": "2022",
        "period": "Q1",
        "revenue": 3162000000,
        "costOfRevenue": 2547000000,
        "grossProfit": 615000000,
        "grossProfitRatio": 0.1944971537,
        "researchAndDevelopmentExpenses": 0,
        "generalAndAdministrativeExpenses": 0,
        "sellingAndMarketingExpenses": 0,
        "sellingGeneralAndAdministrativeExpenses": 153000000,
        "otherExpenses": 118000000,
        "operatingExpenses": 271000000,
        "costAndExpenses": 2818000000,
        "interestIncome": 3000000,
        "interestExpense": 54000000,
        "depreciationAndAmortization": 115000000,
        "ebitda": 466000000,
        "ebitdaratio": 0.1473750791,
        "operatingIncome": 344000000,
        "operatingIncomeRatio": 0.1087919039,
        "totalOtherIncomeExpensesNet": -20000000,
        "incomeBeforeTax": 324000000,
        "incomeBeforeTaxRatio": 0.1024667932,
        "incomeTaxExpense": 78000000,
        "netIncome": 216000000,
        "netIncomeRatio": 0.0683111954,
        "eps": 1.75,
        "epsdiluted": 1.74,
        "weightedAverageShsOut": 124137931,
        "weightedAverageShsOutDil": 124400000,
        "link": "https://www.sec.gov/Archives/edgar/data/1219601/000121960122000019/0001219601-22-000019-index.htm",
        "finalLink": "https://www.sec.gov/Archives/edgar/data/1219601/000121960122000019/cck-20220331.htm"
    },
    {
        "date": "2021-12-31",
        "symbol": "CCK",
        "reportedCurrency": "USD",
        "cik": "0001219601",
        "fillingDate": "2022-02-28",
        "acceptedDate": "2022-02-28 10:35:18",
        "calendarYear": "2021",
        "period": "Q4",
        "revenue": 3054000000,
        "costOfRevenue": 2481000000,
        "grossProfit": 573000000,
        "grossProfitRatio": 0.1876227898,
        "researchAndDevelopmentExpenses": 47000000,
        "generalAndAdministrativeExpenses": 0,
        "sellingAndMarketingExpenses": 0,
        "sellingGeneralAndAdministrativeExpenses": 1664000000,
        "otherExpenses": -1441000000,
        "operatingExpenses": 270000000,
        "costAndExpenses": 2751000000,
        "interestIncome": 4000000,
        "interestExpense": 50000000,
        "depreciationAndAmortization": 111000000,
        "ebitda": -1098000000,
        "ebitdaratio": -0.3595284872,
        "operatingIncome": 303000000,
        "operatingIncomeRatio": 0.0992141454,
        "totalOtherIncomeExpensesNet": -1596000000,
        "incomeBeforeTax": -1293000000,
        "incomeBeforeTaxRatio": -0.4233791749,
        "incomeTaxExpense": -342000000,
        "netIncome": -1001000000,
        "netIncomeRatio": -0.3277668631,
        "eps": -7.8736,
        "epsdiluted": -7.8736,
        "weightedAverageShsOut": 127100281,
        "weightedAverageShsOutDil": 125990933,
        "link": "https://www.sec.gov/Archives/edgar/data/1219601/000121960122000011/0001219601-22-000011-index.htm",
        "finalLink": "https://www.sec.gov/Archives/edgar/data/1219601/000121960122000011/cck-20211231.htm"
    },
    {
        "date": "2021-09-30",
        "symbol": "CCK",
        "reportedCurrency": "USD",
        "cik": "0001219601",
        "fillingDate": "2021-11-01",
        "acceptedDate": "2021-11-01 15:03:09",
        "calendarYear": "2021",
        "period": "Q3",
        "revenue": 2933000000,
        "costOfRevenue": 2480000000,
        "grossProfit": 453000000,
        "grossProfitRatio": 0.1544493692,
        "researchAndDevelopmentExpenses": 0,
        "generalAndAdministrativeExpenses": 0,
        "sellingAndMarketingExpenses": 0,
        "sellingGeneralAndAdministrativeExpenses": 148000000,
        "otherExpenses": 0,
        "operatingExpenses": 148000000,
        "costAndExpenses": 2628000000,
        "interestIncome": 2000000,
        "interestExpense": 66000000,
        "depreciationAndAmortization": 113000000,
        "ebitda": 464000000,
        "ebitdaratio": 0.1581997954,
        "operatingIncome": 305000000,
        "operatingIncomeRatio": 0.1039890897,
        "totalOtherIncomeExpensesNet": -15000000,
        "incomeBeforeTax": 290000000,
        "incomeBeforeTaxRatio": 0.0988748721,
        "incomeTaxExpense": 74000000,
        "netIncome": 102000000,
        "netIncomeRatio": 0.0347766792,
        "eps": 1.45,
        "epsdiluted": 1.44,
        "weightedAverageShsOut": 128699999,
        "weightedAverageShsOutDil": 129699999,
        "link": "https://www.sec.gov/Archives/edgar/data/1219601/000121960121000033/0001219601-21-000033-index.htm",
        "finalLink": "https://www.sec.gov/Archives/edgar/data/1219601/000121960121000033/cck-20210930.htm"
    },
    {
        "date": "2021-06-30",
        "symbol": "CCK",
        "reportedCurrency": "USD",
        "cik": "0001219601",
        "fillingDate": "2021-07-23",
        "acceptedDate": "2021-07-23 14:48:53",
        "calendarYear": "2021",
        "period": "Q2",
        "revenue": 2856000000,
        "costOfRevenue": 2244000000,
        "grossProfit": 612000000,
        "grossProfitRatio": 0.2142857143,
        "researchAndDevelopmentExpenses": 0,
        "generalAndAdministrativeExpenses": 0,
        "sellingAndMarketingExpenses": 0,
        "sellingGeneralAndAdministrativeExpenses": 145000000,
        "otherExpenses": 82000000,
        "operatingExpenses": 227000000,
        "costAndExpenses": 2471000000,
        "interestIncome": 1000000,
        "interestExpense": 68000000,
        "depreciationAndAmortization": 111000000,
        "ebitda": 505000000,
        "ebitdaratio": 0.1768207283,
        "operatingIncome": 385000000,
        "operatingIncomeRatio": 0.1348039216,
        "totalOtherIncomeExpensesNet": -63000000,
        "incomeBeforeTax": 322000000,
        "incomeBeforeTaxRatio": 0.112745098,
        "incomeTaxExpense": 146000000,
        "netIncome": 128000000,
        "netIncomeRatio": 0.0448179272,
        "eps": 0.9617,
        "epsdiluted": 0.9538,
        "weightedAverageShsOut": 131958762,
        "weightedAverageShsOutDil": 134199999,
        "link": "https://www.sec.gov/Archives/edgar/data/1219601/000121960121000024/0001219601-21-000024-index.htm",
        "finalLink": "https://www.sec.gov/Archives/edgar/data/1219601/000121960121000024/cck-20210630.htm"
    },
    {
        "date": "2021-03-31",
        "symbol": "CCK",
        "reportedCurrency": "USD",
        "cik": "0001219601",
        "fillingDate": "2021-04-23",
        "acceptedDate": "2021-04-23 13:38:09",
        "calendarYear": "2021",
        "period": "Q1",
        "revenue": 2564000000,
        "costOfRevenue": 1982000000,
        "grossProfit": 582000000,
        "grossProfitRatio": 0.2269890796,
        "researchAndDevelopmentExpenses": 0,
        "generalAndAdministrativeExpenses": 0,
        "sellingAndMarketingExpenses": 0,
        "sellingGeneralAndAdministrativeExpenses": 142000000,
        "otherExpenses": 113000000,
        "operatingExpenses": 255000000,
        "costAndExpenses": 2237000000,
        "interestIncome": 2000000,
        "interestExpense": 69000000,
        "depreciationAndAmortization": 127000000,
        "ebitda": 463000000,
        "ebitdaratio": 0.1805772231,
        "operatingIncome": 327000000,
        "operatingIncomeRatio": 0.1275351014,
        "totalOtherIncomeExpensesNet": -62000000,
        "incomeBeforeTax": 265000000,
        "incomeBeforeTaxRatio": 0.1033541342,
        "incomeTaxExpense": 65000000,
        "netIncome": 211000000,
        "netIncomeRatio": 0.0822932917,
        "eps": 1.25,
        "epsdiluted": 1.24,
        "weightedAverageShsOut": 133600000,
        "weightedAverageShsOutDil": 134600000,
        "link": "https://www.sec.gov/Archives/edgar/data/1219601/000121960121000011/0001219601-21-000011-index.htm",
        "finalLink": "https://www.sec.gov/Archives/edgar/data/1219601/000121960121000011/cck-20210331.htm"
    },
    {
        "date": "2020-12-31",
        "symbol": "CCK",
        "reportedCurrency": "USD",
        "cik": "0001219601",
        "fillingDate": "2021-02-26",
        "acceptedDate": "2021-02-26 14:20:14",
        "calendarYear": "2020",
        "period": "Q4",
        "revenue": 2460000000,
        "costOfRevenue": 1897000000,
        "grossProfit": 563000000,
        "grossProfitRatio": 0.2288617886,
        "researchAndDevelopmentExpenses": 48000000,
        "generalAndAdministrativeExpenses": 0,
        "sellingAndMarketingExpenses": 0,
        "sellingGeneralAndAdministrativeExpenses": 140000000,
        "otherExpenses": 68000000,
        "operatingExpenses": 256000000,
        "costAndExpenses": 2153000000,
        "interestIncome": 1000000,
        "interestExpense": 72000000,
        "depreciationAndAmortization": 121000000,
        "ebitda": 430000000,
        "ebitdaratio": 0.174796748,
        "operatingIncome": 307000000,
        "operatingIncomeRatio": 0.124796748,
        "totalOtherIncomeExpensesNet": -82000000,
        "incomeBeforeTax": 225000000,
        "incomeBeforeTaxRatio": 0.0914634146,
        "incomeTaxExpense": 56000000,
        "netIncome": 151000000,
        "netIncomeRatio": 0.0613821138,
        "eps": 1,
        "epsdiluted": 0.99,
        "weightedAverageShsOut": 133462347,
        "weightedAverageShsOutDil": 134713968,
        "link": "https://www.sec.gov/Archives/edgar/data/1219601/000121960121000005/0001219601-21-000005-index.htm",
        "finalLink": "https://www.sec.gov/Archives/edgar/data/1219601/000121960121000005/cck-20201231.htm"
    },
    {
        "date": "2020-09-30",
        "symbol": "CCK",
        "reportedCurrency": "USD",
        "cik": "0001219601",
        "fillingDate": "2020-10-23",
        "acceptedDate": "2020-10-23 13:35:28",
        "calendarYear": "2020",
        "period": "Q3",
        "revenue": 2482000000,
        "costOfRevenue": 2009000000,
        "grossProfit": 473000000,
        "grossProfitRatio": 0.1905721193,
        "researchAndDevelopmentExpenses": 0,
        "generalAndAdministrativeExpenses": 0,
        "sellingAndMarketingExpenses": 0,
        "sellingGeneralAndAdministrativeExpenses": 132000000,
        "otherExpenses": 0,
        "operatingExpenses": 132000000,
        "costAndExpenses": 2141000000,
        "interestIncome": 2000000,
        "interestExpense": 69000000,
        "depreciationAndAmortization": 105000000,
        "ebitda": 422000000,
        "ebitdaratio": 0.1700241741,
        "operatingIncome": 341000000,
        "operatingIncomeRatio": 0.1373892023,
        "totalOtherIncomeExpensesNet": -92000000,
        "incomeBeforeTax": 249000000,
        "incomeBeforeTaxRatio": 0.1003223207,
        "incomeTaxExpense": 70000000,
        "netIncome": 214000000,
        "netIncomeRatio": 0.0862207897,
        "eps": 1.11,
        "epsdiluted": 1.1,
        "weightedAverageShsOut": 133300000,
        "weightedAverageShsOutDil": 134400000,
        "link": "https://www.sec.gov/Archives/edgar/data/1219601/000121960120000035/0001219601-20-000035-index.htm",
        "finalLink": "https://www.sec.gov/Archives/edgar/data/1219601/000121960120000035/cck-20200930.htm"
    },
    {
        "date": "2020-06-30",
        "symbol": "CCK",
        "reportedCurrency": "USD",
        "cik": "0001219601",
        "fillingDate": "2020-07-27",
        "acceptedDate": "2020-07-27 13:21:45",
        "calendarYear": "2020",
        "period": "Q2",
        "revenue": 2137000000,
        "costOfRevenue": 1704000000,
        "grossProfit": 433000000,
        "grossProfitRatio": 0.202620496,
        "researchAndDevelopmentExpenses": 0,
        "generalAndAdministrativeExpenses": 0,
        "sellingAndMarketingExpenses": 0,
        "sellingGeneralAndAdministrativeExpenses": 132000000,
        "otherExpenses": 93000000,
        "operatingExpenses": 225000000,
        "costAndExpenses": 1929000000,
        "interestIncome": 1000000,
        "interestExpense": 73000000,
        "depreciationAndAmortization": 117000000,
        "ebitda": 316000000,
        "ebitdaratio": 0.147870847,
        "operatingIncome": 208000000,
        "operatingIncomeRatio": 0.0973327094,
        "totalOtherIncomeExpensesNet": -78000000,
        "incomeBeforeTax": 130000000,
        "incomeBeforeTaxRatio": 0.0608329434,
        "incomeTaxExpense": 39000000,
        "netIncome": 126000000,
        "netIncomeRatio": 0.0589611605,
        "eps": 0.57,
        "epsdiluted": 0.57,
        "weightedAverageShsOut": 133300000,
        "weightedAverageShsOutDil": 134000000,
        "link": "https://www.sec.gov/Archives/edgar/data/1219601/000121960120000027/0001219601-20-000027-index.htm",
        "finalLink": "https://www.sec.gov/Archives/edgar/data/1219601/000121960120000027/cck-20200630.htm"
    },
    {
        "date": "2020-03-31",
        "symbol": "CCK",
        "reportedCurrency": "USD",
        "cik": "0001219601",
        "fillingDate": "2020-04-30",
        "acceptedDate": "2020-04-30 14:04:39",
        "calendarYear": "2020",
        "period": "Q1",
        "revenue": 2306000000,
        "costOfRevenue": 1832000000,
        "grossProfit": 474000000,
        "grossProfitRatio": 0.2055507372,
        "researchAndDevelopmentExpenses": 0,
        "generalAndAdministrativeExpenses": 0,
        "sellingAndMarketingExpenses": 0,
        "sellingGeneralAndAdministrativeExpenses": 173000000,
        "otherExpenses": 83000000,
        "operatingExpenses": 256000000,
        "costAndExpenses": 2088000000,
        "interestIncome": 4000000,
        "interestExpense": 80000000,
        "depreciationAndAmortization": 122000000,
        "ebitda": 312000000,
        "ebitdaratio": 0.1352992194,
        "operatingIncome": 218000000,
        "operatingIncomeRatio": 0.0945359931,
        "totalOtherIncomeExpensesNet": -91000000,
        "incomeBeforeTax": 127000000,
        "incomeBeforeTaxRatio": 0.0550737207,
        "incomeTaxExpense": 34000000,
        "netIncome": 88000000,
        "netIncomeRatio": 0.0381613183,
        "eps": 0.5,
        "epsdiluted": 0.49,
        "weightedAverageShsOut": 134100000,
        "weightedAverageShsOutDil": 135000000,
        "link": "https://www.sec.gov/Archives/edgar/data/1219601/000121960120000018/0001219601-20-000018-index.htm",
        "finalLink": "https://www.sec.gov/Archives/edgar/data/1219601/000121960120000018/cck-3312020xq1.htm"
    },
    {
        "date": "2019-12-31",
        "symbol": "CCK",
        "reportedCurrency": "USD",
        "cik": "0001219601",
        "fillingDate": "2020-02-28",
        "acceptedDate": "2020-02-28 13:05:42",
        "calendarYear": "2019",
        "period": "Q4",
        "revenue": 2791000000,
        "costOfRevenue": 2267000000,
        "grossProfit": 524000000,
        "grossProfitRatio": 0.1877463275,
        "researchAndDevelopmentExpenses": 55000000,
        "generalAndAdministrativeExpenses": 0,
        "sellingAndMarketingExpenses": 0,
        "sellingGeneralAndAdministrativeExpenses": 162000000,
        "otherExpenses": 108000000,
        "operatingExpenses": 325000000,
        "costAndExpenses": 2592000000,
        "interestIncome": 5000000,
        "interestExpense": 88000000,
        "depreciationAndAmortization": 124000000,
        "ebitda": 303000000,
        "ebitdaratio": 0.108563239,
        "operatingIncome": 199000000,
        "operatingIncomeRatio": 0.0713006091,
        "totalOtherIncomeExpensesNet": -107000000,
        "incomeBeforeTax": 92000000,
        "incomeBeforeTaxRatio": 0.0329630957,
        "incomeTaxExpense": 24000000,
        "netIncome": 87000000,
        "netIncomeRatio": 0.0311716231,
        "eps": 0.65,
        "epsdiluted": 0.64,
        "weightedAverageShsOut": 135852167,
        "weightedAverageShsOutDil": 135187487,
        "link": "https://www.sec.gov/Archives/edgar/data/1219601/000121960120000006/0001219601-20-000006-index.htm",
        "finalLink": "https://www.sec.gov/Archives/edgar/data/1219601/000121960120000006/cck-12312019x10xk.htm"
    },
    {
        "date": "2019-09-30",
        "symbol": "CCK",
        "reportedCurrency": "USD",
        "cik": "0001219601",
        "fillingDate": "2019-10-31",
        "acceptedDate": "2019-10-31 13:49:19",
        "calendarYear": "2019",
        "period": "Q3",
        "revenue": 3084000000,
        "costOfRevenue": 2455000000,
        "grossProfit": 629000000,
        "grossProfitRatio": 0.2039559014,
        "researchAndDevelopmentExpenses": 0,
        "generalAndAdministrativeExpenses": 0,
        "sellingAndMarketingExpenses": 0,
        "sellingGeneralAndAdministrativeExpenses": 157000000,
        "otherExpenses": 120000000,
        "operatingExpenses": 277000000,
        "costAndExpenses": 2732000000,
        "interestIncome": 5000000,
        "interestExpense": 95000000,
        "depreciationAndAmortization": 121000000,
        "ebitda": 472000000,
        "ebitdaratio": 0.1530479896,
        "operatingIncome": 352000000,
        "operatingIncomeRatio": 0.1141374838,
        "totalOtherIncomeExpensesNet": -94000000,
        "incomeBeforeTax": 258000000,
        "incomeBeforeTaxRatio": 0.0836575875,
        "incomeTaxExpense": 54000000,
        "netIncome": 183000000,
        "netIncomeRatio": 0.0593385214,
        "eps": 1.37,
        "epsdiluted": 1.36,
        "weightedAverageShsOut": 134558823,
        "weightedAverageShsOutDil": 135000000,
        "link": "https://www.sec.gov/Archives/edgar/data/1219601/000121960119000030/0001219601-19-000030-index.htm",
        "finalLink": "https://www.sec.gov/Archives/edgar/data/1219601/000121960119000030/cck-9302019xq3.htm"
    },
    {
        "date": "2019-06-30",
        "symbol": "CCK",
        "reportedCurrency": "USD",
        "cik": "0001219601",
        "fillingDate": "2019-07-29",
        "acceptedDate": "2019-07-29 16:22:08",
        "calendarYear": "2019",
        "period": "Q2",
        "revenue": 3035000000,
        "costOfRevenue": 2417000000,
        "grossProfit": 618000000,
        "grossProfitRatio": 0.2036243822,
        "researchAndDevelopmentExpenses": 0,
        "generalAndAdministrativeExpenses": 0,
        "sellingAndMarketingExpenses": 0,
        "sellingGeneralAndAdministrativeExpenses": 186000000,
        "otherExpenses": 49000000,
        "operatingExpenses": 235000000,
        "costAndExpenses": 2652000000,
        "interestIncome": 4000000,
        "interestExpense": 97000000,
        "depreciationAndAmortization": 123000000,
        "ebitda": 432000000,
        "ebitdaratio": 0.142339374,
        "operatingIncome": 383000000,
        "operatingIncomeRatio": 0.1261943987,
        "totalOtherIncomeExpensesNet": -121000000,
        "incomeBeforeTax": 262000000,
        "incomeBeforeTaxRatio": 0.0863261944,
        "incomeTaxExpense": 88000000,
        "netIncome": 137000000,
        "netIncomeRatio": 0.0451400329,
        "eps": 1.02,
        "epsdiluted": 1.02,
        "weightedAverageShsOut": 134313725,
        "weightedAverageShsOutDil": 134800000,
        "link": "https://www.sec.gov/Archives/edgar/data/1219601/000121960119000024/0001219601-19-000024-index.htm",
        "finalLink": "https://www.sec.gov/Archives/edgar/data/1219601/000121960119000024/cck-6302019xq2.htm"
    },
    {
        "date": "2019-03-31",
        "symbol": "CCK",
        "reportedCurrency": "USD",
        "cik": "0001219601",
        "fillingDate": "2019-04-29",
        "acceptedDate": "2019-04-29 10:49:56",
        "calendarYear": "2019",
        "period": "Q1",
        "revenue": 2755000000,
        "costOfRevenue": 2210000000,
        "grossProfit": 545000000,
        "grossProfitRatio": 0.1978221416,
        "researchAndDevelopmentExpenses": 0,
        "generalAndAdministrativeExpenses": 0,
        "sellingAndMarketingExpenses": 0,
        "sellingGeneralAndAdministrativeExpenses": 139000000,
        "otherExpenses": 144000000,
        "operatingExpenses": 283000000,
        "costAndExpenses": 2493000000,
        "interestIncome": 3000000,
        "interestExpense": 98000000,
        "depreciationAndAmortization": 122000000,
        "ebitda": 404000000,
        "ebitdaratio": 0.1466424682,
        "operatingIncome": 262000000,
        "operatingIncomeRatio": 0.0950998185,
        "totalOtherIncomeExpensesNet": -83000000,
        "incomeBeforeTax": 179000000,
        "incomeBeforeTaxRatio": 0.0649727768,
        "incomeTaxExpense": 48000000,
        "netIncome": 103000000,
        "netIncomeRatio": 0.0373865699,
        "eps": 0.77,
        "epsdiluted": 0.77,
        "weightedAverageShsOut": 133800118,
        "weightedAverageShsOutDil": 134400000,
        "link": "https://www.sec.gov/Archives/edgar/data/1219601/000121960119000010/0001219601-19-000010-index.htm",
        "finalLink": "https://www.sec.gov/Archives/edgar/data/1219601/000121960119000010/cck-3312019xq1.htm"
    },
    {
        "date": "2018-12-31",
        "symbol": "CCK",
        "reportedCurrency": "USD",
        "cik": "0001219601",
        "fillingDate": "2019-02-28",
        "acceptedDate": "2019-02-28 15:36:12",
        "calendarYear": "2018",
        "period": "Q4",
        "revenue": 2734000000,
        "costOfRevenue": 2264000000,
        "grossProfit": 470000000,
        "grossProfitRatio": 0.1719092904,
        "researchAndDevelopmentExpenses": 51000000,
        "generalAndAdministrativeExpenses": 0,
        "sellingAndMarketingExpenses": 0,
        "sellingGeneralAndAdministrativeExpenses": 178000000,
        "otherExpenses": 23000000,
        "operatingExpenses": 252000000,
        "costAndExpenses": 2516000000,
        "interestIncome": 4000000,
        "interestExpense": 102000000,
        "depreciationAndAmortization": 120000000,
        "ebitda": 285000000,
        "ebitdaratio": 0.1042428676,
        "operatingIncome": 218000000,
        "operatingIncomeRatio": 0.0797366496,
        "totalOtherIncomeExpensesNet": -123000000,
        "incomeBeforeTax": 95000000,
        "incomeBeforeTaxRatio": 0.0347476225,
        "incomeTaxExpense": 20000000,
        "netIncome": 53000000,
        "netIncomeRatio": 0.0193855157,
        "eps": 0.4,
        "epsdiluted": 0.4,
        "weightedAverageShsOut": 133738417,
        "weightedAverageShsOutDil": 134095904,
        "link": "https://www.sec.gov/Archives/edgar/data/1219601/000121960119000005/0001219601-19-000005-index.htm",
        "finalLink": "https://www.sec.gov/Archives/edgar/data/1219601/000121960119000005/cck-12312018x10xk.htm"
    },
    {
        "date": "2018-09-30",
        "symbol": "CCK",
        "reportedCurrency": "USD",
        "cik": "0001219601",
        "fillingDate": "2018-10-29",
        "acceptedDate": "2018-10-29 14:49:42",
        "calendarYear": "2018",
        "period": "Q3",
        "revenue": 3174000000,
        "costOfRevenue": 2530000000,
        "grossProfit": 644000000,
        "grossProfitRatio": 0.2028985507,
        "researchAndDevelopmentExpenses": 0,
        "generalAndAdministrativeExpenses": 0,
        "sellingAndMarketingExpenses": 0,
        "sellingGeneralAndAdministrativeExpenses": 140000000,
        "otherExpenses": 139000000,
        "operatingExpenses": 279000000,
        "costAndExpenses": 2809000000,
        "interestIncome": 6000000,
        "interestExpense": 105000000,
        "depreciationAndAmortization": 127000000,
        "ebitda": 501000000,
        "ebitdaratio": 0.1578449905,
        "operatingIncome": 365000000,
        "operatingIncomeRatio": 0.1149968494,
        "totalOtherIncomeExpensesNet": -70000000,
        "incomeBeforeTax": 295000000,
        "incomeBeforeTaxRatio": 0.0929426591,
        "incomeTaxExpense": 102000000,
        "netIncome": 164000000,
        "netIncomeRatio": 0.0516698173,
        "eps": 1.23,
        "epsdiluted": 1.23,
        "weightedAverageShsOut": 133700084,
        "weightedAverageShsOutDil": 133800000,
        "link": "https://www.sec.gov/Archives/edgar/data/1219601/000121960118000038/0001219601-18-000038-index.htm",
        "finalLink": "https://www.sec.gov/Archives/edgar/data/1219601/000121960118000038/cck-9302018xq3.htm"
    },
    {
        "date": "2018-06-30",
        "symbol": "CCK",
        "reportedCurrency": "USD",
        "cik": "0001219601",
        "fillingDate": "2018-08-02",
        "acceptedDate": "2018-08-02 13:29:18",
        "calendarYear": "2018",
        "period": "Q2",
        "revenue": 3046000000,
        "costOfRevenue": 2426000000,
        "grossProfit": 620000000,
        "grossProfitRatio": 0.2035456336,
        "researchAndDevelopmentExpenses": 0,
        "generalAndAdministrativeExpenses": 0,
        "sellingAndMarketingExpenses": 0,
        "sellingGeneralAndAdministrativeExpenses": 142000000,
        "otherExpenses": 186000000,
        "operatingExpenses": 328000000,
        "costAndExpenses": 2754000000,
        "interestIncome": 5000000,
        "interestExpense": 103000000,
        "depreciationAndAmortization": 113000000,
        "ebitda": 484000000,
        "ebitdaratio": 0.158896914,
        "operatingIncome": 292000000,
        "operatingIncomeRatio": 0.0958634274,
        "totalOtherIncomeExpensesNet": -90000000,
        "incomeBeforeTax": 202000000,
        "incomeBeforeTaxRatio": 0.0663164806,
        "incomeTaxExpense": 55000000,
        "netIncome": 132000000,
        "netIncomeRatio": 0.043335522,
        "eps": 0.99,
        "epsdiluted": 0.99,
        "weightedAverageShsOut": 133600128,
        "weightedAverageShsOutDil": 133800000,
        "link": "https://www.sec.gov/Archives/edgar/data/1219601/000121960118000029/0001219601-18-000029-index.htm",
        "finalLink": "https://www.sec.gov/Archives/edgar/data/1219601/000121960118000029/cck-6302018xq2.htm"
    },
    {
        "date": "2018-03-31",
        "symbol": "CCK",
        "reportedCurrency": "USD",
        "cik": "0001219601",
        "fillingDate": "2018-05-02",
        "acceptedDate": "2018-05-02 13:12:59",
        "calendarYear": "2018",
        "period": "Q1",
        "revenue": 2197000000,
        "costOfRevenue": 1808000000,
        "grossProfit": 389000000,
        "grossProfitRatio": 0.1770596268,
        "researchAndDevelopmentExpenses": 0,
        "generalAndAdministrativeExpenses": 0,
        "sellingAndMarketingExpenses": 0,
        "sellingGeneralAndAdministrativeExpenses": 73000000,
        "otherExpenses": 95000000,
        "operatingExpenses": 168000000,
        "costAndExpenses": 1976000000,
        "interestIncome": 6000000,
        "interestExpense": 74000000,
        "depreciationAndAmortization": 65000000,
        "ebitda": 313000000,
        "ebitdaratio": 0.1424670005,
        "operatingIncome": 221000000,
        "operatingIncomeRatio": 0.100591716,
        "totalOtherIncomeExpensesNet": -69000000,
        "incomeBeforeTax": 152000000,
        "incomeBeforeTaxRatio": 0.0691852526,
        "incomeTaxExpense": 39000000,
        "netIncome": 90000000,
        "netIncomeRatio": 0.0409649522,
        "eps": 0.67,
        "epsdiluted": 0.67,
        "weightedAverageShsOut": 134328358,
        "weightedAverageShsOutDil": 133800000,
        "link": "https://www.sec.gov/Archives/edgar/data/1219601/000121960118000017/0001219601-18-000017-index.htm",
        "finalLink": "https://www.sec.gov/Archives/edgar/data/1219601/000121960118000017/cck-3312018xq1.htm"
    },
    {
        "date": "2017-12-31",
        "symbol": "CCK",
        "reportedCurrency": "USD",
        "cik": "0001219601",
        "fillingDate": "2018-02-26",
        "acceptedDate": "2018-02-26 13:26:39",
        "calendarYear": "2017",
        "period": "Q4",
        "revenue": 2168000000,
        "costOfRevenue": 1771000000,
        "grossProfit": 397000000,
        "grossProfitRatio": 0.1831180812,
        "researchAndDevelopmentExpenses": 39000000,
        "generalAndAdministrativeExpenses": 0,
        "sellingAndMarketingExpenses": 0,
        "sellingGeneralAndAdministrativeExpenses": 87000000,
        "otherExpenses": 59000000,
        "operatingExpenses": 185000000,
        "costAndExpenses": 1956000000,
        "interestIncome": 5000000,
        "interestExpense": 65000000,
        "depreciationAndAmortization": 64000000,
        "ebitda": 313000000,
        "ebitdaratio": 0.1443726937,
        "operatingIncome": 212000000,
        "operatingIncomeRatio": 0.0977859779,
        "totalOtherIncomeExpensesNet": -50000000,
        "incomeBeforeTax": 162000000,
        "incomeBeforeTaxRatio": 0.0747232472,
        "incomeTaxExpense": 223000000,
        "netIncome": -89000000,
        "netIncomeRatio": -0.0410516605,
        "eps": -0.67,
        "epsdiluted": -0.67,
        "weightedAverageShsOut": 133445887,
        "weightedAverageShsOutDil": 133804236,
        "link": "https://www.sec.gov/Archives/edgar/data/1219601/000121960118000009/0001219601-18-000009-index.htm",
        "finalLink": "https://www.sec.gov/Archives/edgar/data/1219601/000121960118000009/cck-12312017x10xk.htm"
    },
    {
        "date": "2017-09-30",
        "symbol": "CCK",
        "reportedCurrency": "USD",
        "cik": "0001219601",
        "fillingDate": "2017-10-27",
        "acceptedDate": "2017-10-27 15:02:02",
        "calendarYear": "2017",
        "period": "Q3",
        "revenue": 2468000000,
        "costOfRevenue": 1972000000,
        "grossProfit": 496000000,
        "grossProfitRatio": 0.2009724473,
        "researchAndDevelopmentExpenses": 0,
        "generalAndAdministrativeExpenses": 0,
        "sellingAndMarketingExpenses": 0,
        "sellingGeneralAndAdministrativeExpenses": 70000000,
        "otherExpenses": 98000000,
        "operatingExpenses": 168000000,
        "costAndExpenses": 2140000000,
        "interestIncome": 4000000,
        "interestExpense": 64000000,
        "depreciationAndAmortization": 63000000,
        "ebitda": 423000000,
        "ebitdaratio": 0.1713938412,
        "operatingIncome": 328000000,
        "operatingIncomeRatio": 0.1329011345,
        "totalOtherIncomeExpensesNet": -41000000,
        "incomeBeforeTax": 287000000,
        "incomeBeforeTaxRatio": 0.1162884927,
        "incomeTaxExpense": 79000000,
        "netIncome": 177000000,
        "netIncomeRatio": 0.0717179903,
        "eps": 1.32,
        "epsdiluted": 1.32,
        "weightedAverageShsOut": 134090909,
        "weightedAverageShsOutDil": 134400000,
        "link": "https://www.sec.gov/Archives/edgar/data/1219601/000121960117000034/0001219601-17-000034-index.htm",
        "finalLink": "https://www.sec.gov/Archives/edgar/data/1219601/000121960117000034/cck-9302017xq3.htm"
    },
    {
        "date": "2017-06-30",
        "symbol": "CCK",
        "reportedCurrency": "USD",
        "cik": "0001219601",
        "fillingDate": "2017-07-28",
        "acceptedDate": "2017-07-28 14:37:36",
        "calendarYear": "2017",
        "period": "Q2",
        "revenue": 2161000000,
        "costOfRevenue": 1732000000,
        "grossProfit": 429000000,
        "grossProfitRatio": 0.1985192041,
        "researchAndDevelopmentExpenses": 0,
        "generalAndAdministrativeExpenses": 0,
        "sellingAndMarketingExpenses": 0,
        "sellingGeneralAndAdministrativeExpenses": 79000000,
        "otherExpenses": 91000000,
        "operatingExpenses": 170000000,
        "costAndExpenses": 1902000000,
        "interestIncome": 3000000,
        "interestExpense": 61000000,
        "depreciationAndAmortization": 61000000,
        "ebitda": 350000000,
        "ebitdaratio": 0.1619620546,
        "operatingIncome": 259000000,
        "operatingIncomeRatio": 0.1198519204,
        "totalOtherIncomeExpensesNet": -58000000,
        "incomeBeforeTax": 201000000,
        "incomeBeforeTaxRatio": 0.0930124942,
        "incomeTaxExpense": 53000000,
        "netIncome": 128000000,
        "netIncomeRatio": 0.0592318371,
        "eps": 0.95,
        "epsdiluted": 0.94,
        "weightedAverageShsOut": 136170212,
        "weightedAverageShsOutDil": 135700000,
        "link": "https://www.sec.gov/Archives/edgar/data/1219601/000121960117000027/0001219601-17-000027-index.htm",
        "finalLink": "https://www.sec.gov/Archives/edgar/data/1219601/000121960117000027/cck-6302017xq2.htm"
    },
    {
        "date": "2017-03-31",
        "symbol": "CCK",
        "reportedCurrency": "USD",
        "cik": "0001219601",
        "fillingDate": "2017-04-28",
        "acceptedDate": "2017-04-28 16:07:18",
        "calendarYear": "2017",
        "period": "Q1",
        "revenue": 1901000000,
        "costOfRevenue": 1531000000,
        "grossProfit": 370000000,
        "grossProfitRatio": 0.1946344029,
        "researchAndDevelopmentExpenses": 0,
        "generalAndAdministrativeExpenses": 0,
        "sellingAndMarketingExpenses": 0,
        "sellingGeneralAndAdministrativeExpenses": 78000000,
        "otherExpenses": 67000000,
        "operatingExpenses": 145000000,
        "costAndExpenses": 1676000000,
        "interestIncome": 3000000,
        "interestExpense": 62000000,
        "depreciationAndAmortization": 59000000,
        "ebitda": 292000000,
        "ebitdaratio": 0.1536033666,
        "operatingIncome": 225000000,
        "operatingIncomeRatio": 0.1183587585,
        "totalOtherIncomeExpensesNet": -46000000,
        "incomeBeforeTax": 179000000,
        "incomeBeforeTaxRatio": 0.0941609679,
        "incomeTaxExpense": 46000000,
        "netIncome": 107000000,
        "netIncomeRatio": 0.0562861652,
        "eps": 0.77,
        "epsdiluted": 0.77,
        "weightedAverageShsOut": 138961038,
        "weightedAverageShsOutDil": 139000000,
        "link": "https://www.sec.gov/Archives/edgar/data/1219601/000121960117000016/0001219601-17-000016-index.htm",
        "finalLink": "https://www.sec.gov/Archives/edgar/data/1219601/000121960117000016/cck-3312017xq1.htm"
    },
    {
        "date": "2016-12-31",
        "symbol": "CCK",
        "reportedCurrency": "USD",
        "cik": "0001219601",
        "fillingDate": "2017-02-24",
        "acceptedDate": "2017-02-24 14:14:42",
        "calendarYear": "2016",
        "period": "Q4",
        "revenue": 1923000000,
        "costOfRevenue": 1533000000,
        "grossProfit": 390000000,
        "grossProfitRatio": 0.2028081123,
        "researchAndDevelopmentExpenses": 41000000,
        "generalAndAdministrativeExpenses": 0,
        "sellingAndMarketingExpenses": 0,
        "sellingGeneralAndAdministrativeExpenses": 93000000,
        "otherExpenses": 64000000,
        "operatingExpenses": 198000000,
        "costAndExpenses": 1731000000,
        "interestIncome": 4000000,
        "interestExpense": 62000000,
        "depreciationAndAmortization": 59000000,
        "ebitda": 291000000,
        "ebitdaratio": 0.151326053,
        "operatingIncome": 192000000,
        "operatingIncomeRatio": 0.0998439938,
        "totalOtherIncomeExpensesNet": -64000000,
        "incomeBeforeTax": 128000000,
        "incomeBeforeTaxRatio": 0.0665626625,
        "incomeTaxExpense": 35000000,
        "netIncome": 65000000,
        "netIncomeRatio": 0.0338013521,
        "eps": 0.47,
        "epsdiluted": 0.47,
        "weightedAverageShsOut": 139104381,
        "weightedAverageShsOutDil": 139527141,
        "link": "https://www.sec.gov/Archives/edgar/data/1219601/000121960117000009/0001219601-17-000009-index.htm",
        "finalLink": "https://www.sec.gov/Archives/edgar/data/1219601/000121960117000009/cck-12312016x10xk.htm"
    },
    {
        "date": "2016-09-30",
        "symbol": "CCK",
        "reportedCurrency": "USD",
        "cik": "0001219601",
        "fillingDate": "2016-10-28",
        "acceptedDate": "2016-10-28 14:57:09",
        "calendarYear": "2016",
        "period": "Q3",
        "revenue": 2326000000,
        "costOfRevenue": 1838000000,
        "grossProfit": 488000000,
        "grossProfitRatio": 0.2098022356,
        "researchAndDevelopmentExpenses": 0,
        "generalAndAdministrativeExpenses": 0,
        "sellingAndMarketingExpenses": 0,
        "sellingGeneralAndAdministrativeExpenses": 90000000,
        "otherExpenses": 83000000,
        "operatingExpenses": 173000000,
        "costAndExpenses": 2011000000,
        "interestIncome": 3000000,
        "interestExpense": 59000000,
        "depreciationAndAmortization": 63000000,
        "ebitda": 389000000,
        "ebitdaratio": 0.1672398968,
        "operatingIncome": 315000000,
        "operatingIncomeRatio": 0.1354256234,
        "totalOtherIncomeExpensesNet": -61000000,
        "incomeBeforeTax": 254000000,
        "incomeBeforeTaxRatio": 0.1092003439,
        "incomeTaxExpense": 48000000,
        "netIncome": 183000000,
        "netIncomeRatio": 0.0786758383,
        "eps": 1.32,
        "epsdiluted": 1.31,
        "weightedAverageShsOut": 139694656,
        "weightedAverageShsOutDil": 139500000,
        "link": "https://www.sec.gov/Archives/edgar/data/1219601/000121960116000074/0001219601-16-000074-index.htm",
        "finalLink": "https://www.sec.gov/Archives/edgar/data/1219601/000121960116000074/cck-9302016xq3.htm"
    },
    {
        "date": "2016-06-30",
        "symbol": "CCK",
        "reportedCurrency": "USD",
        "cik": "0001219601",
        "fillingDate": "2016-07-29",
        "acceptedDate": "2016-07-29 14:44:47",
        "calendarYear": "2016",
        "period": "Q2",
        "revenue": 2142000000,
        "costOfRevenue": 1691000000,
        "grossProfit": 451000000,
        "grossProfitRatio": 0.210550887,
        "researchAndDevelopmentExpenses": 0,
        "generalAndAdministrativeExpenses": 0,
        "sellingAndMarketingExpenses": 0,
        "sellingGeneralAndAdministrativeExpenses": 94000000,
        "otherExpenses": 62000000,
        "operatingExpenses": 156000000,
        "costAndExpenses": 1847000000,
        "interestIncome": 2000000,
        "interestExpense": 58000000,
        "depreciationAndAmortization": 65000000,
        "ebitda": 357000000,
        "ebitdaratio": 0.1666666667,
        "operatingIncome": 295000000,
        "operatingIncomeRatio": 0.1377217554,
        "totalOtherIncomeExpensesNet": -45000000,
        "incomeBeforeTax": 250000000,
        "incomeBeforeTaxRatio": 0.116713352,
        "incomeTaxExpense": 65000000,
        "netIncome": 169000000,
        "netIncomeRatio": 0.078898226,
        "eps": 1.22,
        "epsdiluted": 1.21,
        "weightedAverageShsOut": 139669421,
        "weightedAverageShsOutDil": 139300000,
        "link": "https://www.sec.gov/Archives/edgar/data/1219601/000121960116000068/0001219601-16-000068-index.htm",
        "finalLink": "https://www.sec.gov/Archives/edgar/data/1219601/000121960116000068/cck-6302016xq2.htm"
    },
    {
        "date": "2016-03-31",
        "symbol": "CCK",
        "reportedCurrency": "USD",
        "cik": "0001219601",
        "fillingDate": "2016-04-29",
        "acceptedDate": "2016-04-29 15:04:45",
        "calendarYear": "2016",
        "period": "Q1",
        "revenue": 1893000000,
        "costOfRevenue": 1521000000,
        "grossProfit": 372000000,
        "grossProfitRatio": 0.1965134707,
        "researchAndDevelopmentExpenses": 0,
        "generalAndAdministrativeExpenses": 0,
        "sellingAndMarketingExpenses": 0,
        "sellingGeneralAndAdministrativeExpenses": 91000000,
        "otherExpenses": 62000000,
        "operatingExpenses": 153000000,
        "costAndExpenses": 1674000000,
        "interestIncome": 3000000,
        "interestExpense": 64000000,
        "depreciationAndAmortization": 60000000,
        "ebitda": 277000000,
        "ebitdaratio": 0.146328579,
        "operatingIncome": 219000000,
        "operatingIncomeRatio": 0.1156893819,
        "totalOtherIncomeExpensesNet": -82000000,
        "incomeBeforeTax": 137000000,
        "incomeBeforeTaxRatio": 0.0723718965,
        "incomeTaxExpense": 38000000,
        "netIncome": 79000000,
        "netIncomeRatio": 0.0417326994,
        "eps": 0.57,
        "epsdiluted": 0.57,
        "weightedAverageShsOut": 138596491,
        "weightedAverageShsOutDil": 139000000,
        "link": "https://www.sec.gov/Archives/edgar/data/1219601/000121960116000056/0001219601-16-000056-index.htm",
        "finalLink": "https://www.sec.gov/Archives/edgar/data/1219601/000121960116000056/cck-3312016xq1.htm"
    },
    {
        "date": "2015-12-31",
        "symbol": "CCK",
        "reportedCurrency": "USD",
        "cik": "0001219601",
        "fillingDate": "2016-02-29",
        "acceptedDate": "2016-02-29 11:50:56",
        "calendarYear": "2015",
        "period": "Q4",
        "revenue": 2027000000,
        "costOfRevenue": 1629000000,
        "grossProfit": 398000000,
        "grossProfitRatio": 0.1963492847,
        "researchAndDevelopmentExpenses": 39000000,
        "generalAndAdministrativeExpenses": 0,
        "sellingAndMarketingExpenses": 0,
        "sellingGeneralAndAdministrativeExpenses": 99000000,
        "otherExpenses": 59000000,
        "operatingExpenses": 197000000,
        "costAndExpenses": 1826000000,
        "interestIncome": 3000000,
        "interestExpense": 68000000,
        "depreciationAndAmortization": 63000000,
        "ebitda": 299000000,
        "ebitdaratio": 0.1475086334,
        "operatingIncome": 201000000,
        "operatingIncomeRatio": 0.0991613222,
        "totalOtherIncomeExpensesNet": -71000000,
        "incomeBeforeTax": 130000000,
        "incomeBeforeTaxRatio": 0.0641341885,
        "incomeTaxExpense": 44000000,
        "netIncome": 66000000,
        "netIncomeRatio": 0.0325604341,
        "eps": 0.48,
        "epsdiluted": 0.47,
        "weightedAverageShsOut": 139852434,
        "weightedAverageShsOutDil": 139269286,
        "link": "https://www.sec.gov/Archives/edgar/data/1219601/000121960116000052/0001219601-16-000052-index.htm",
        "finalLink": "https://www.sec.gov/Archives/edgar/data/1219601/000121960116000052/cck-12312015x10xk.htm"
    },
    {
        "date": "2015-09-30",
        "symbol": "CCK",
        "reportedCurrency": "USD",
        "cik": "0001219601",
        "fillingDate": "2015-10-23",
        "acceptedDate": "2015-10-23 15:35:25",
        "calendarYear": "2015",
        "period": "Q3",
        "revenue": 2460000000,
        "costOfRevenue": 1984000000,
        "grossProfit": 476000000,
        "grossProfitRatio": 0.193495935,
        "researchAndDevelopmentExpenses": 0,
        "generalAndAdministrativeExpenses": 0,
        "sellingAndMarketingExpenses": 0,
        "sellingGeneralAndAdministrativeExpenses": 94000000,
        "otherExpenses": 101000000,
        "operatingExpenses": 195000000,
        "costAndExpenses": 2179000000,
        "interestIncome": 4000000,
        "interestExpense": 68000000,
        "depreciationAndAmortization": 61000000,
        "ebitda": 376000000,
        "ebitdaratio": 0.1528455285,
        "operatingIncome": 281000000,
        "operatingIncomeRatio": 0.1142276423,
        "totalOtherIncomeExpensesNet": -73000000,
        "incomeBeforeTax": 208000000,
        "incomeBeforeTaxRatio": 0.0845528455,
        "incomeTaxExpense": 48000000,
        "netIncome": 141000000,
        "netIncomeRatio": 0.0573170732,
        "eps": 1.02,
        "epsdiluted": 1.01,
        "weightedAverageShsOut": 139603960,
        "weightedAverageShsOutDil": 139100000,
        "link": "https://www.sec.gov/Archives/edgar/data/1219601/000121960115000039/0001219601-15-000039-index.htm",
        "finalLink": "https://www.sec.gov/Archives/edgar/data/1219601/000121960115000039/cck-9302015xq3.htm"
    },
    {
        "date": "2015-06-30",
        "symbol": "CCK",
        "reportedCurrency": "USD",
        "cik": "0001219601",
        "fillingDate": "2015-07-30",
        "acceptedDate": "2015-07-30 16:00:46",
        "calendarYear": "2015",
        "period": "Q2",
        "revenue": 2278000000,
        "costOfRevenue": 1843000000,
        "grossProfit": 435000000,
        "grossProfitRatio": 0.1909569798,
        "researchAndDevelopmentExpenses": 0,
        "generalAndAdministrativeExpenses": 0,
        "sellingAndMarketingExpenses": 0,
        "sellingGeneralAndAdministrativeExpenses": 99000000,
        "otherExpenses": 59000000,
        "operatingExpenses": 158000000,
        "costAndExpenses": 2001000000,
        "interestIncome": 2000000,
        "interestExpense": 69000000,
        "depreciationAndAmortization": 62000000,
        "ebitda": 336000000,
        "ebitdaratio": 0.1474978051,
        "operatingIncome": 277000000,
        "operatingIncomeRatio": 0.1215978929,
        "totalOtherIncomeExpensesNet": -75000000,
        "incomeBeforeTax": 202000000,
        "incomeBeforeTaxRatio": 0.0886742757,
        "incomeTaxExpense": 49000000,
        "netIncome": 142000000,
        "netIncomeRatio": 0.0623353819,
        "eps": 1.03,
        "epsdiluted": 1.02,
        "weightedAverageShsOut": 139215686,
        "weightedAverageShsOutDil": 139300000,
        "link": "https://www.sec.gov/Archives/edgar/data/1219601/000121960115000034/0001219601-15-000034-index.htm",
        "finalLink": "https://www.sec.gov/Archives/edgar/data/1219601/000121960115000034/cck-6302015xq2.htm"
    },
    {
        "date": "2015-03-31",
        "symbol": "CCK",
        "reportedCurrency": "USD",
        "cik": "0001219601",
        "fillingDate": "2015-05-06",
        "acceptedDate": "2015-05-06 15:36:57",
        "calendarYear": "2015",
        "period": "Q1",
        "revenue": 1997000000,
        "costOfRevenue": 1654000000,
        "grossProfit": 343000000,
        "grossProfitRatio": 0.1717576365,
        "researchAndDevelopmentExpenses": 0,
        "generalAndAdministrativeExpenses": 0,
        "sellingAndMarketingExpenses": 0,
        "sellingGeneralAndAdministrativeExpenses": 98000000,
        "otherExpenses": 77000000,
        "operatingExpenses": 175000000,
        "costAndExpenses": 1829000000,
        "interestIncome": 2000000,
        "interestExpense": 65000000,
        "depreciationAndAmortization": 51000000,
        "ebitda": 245000000,
        "ebitdaratio": 0.122684026,
        "operatingIncome": 168000000,
        "operatingIncomeRatio": 0.0841261893,
        "totalOtherIncomeExpensesNet": -69000000,
        "incomeBeforeTax": 99000000,
        "incomeBeforeTaxRatio": 0.0495743615,
        "incomeTaxExpense": 37000000,
        "netIncome": 44000000,
        "netIncomeRatio": 0.0220330496,
        "eps": 0.32,
        "epsdiluted": 0.32,
        "weightedAverageShsOut": 137700095,
        "weightedAverageShsOutDil": 139000000,
        "link": "https://www.sec.gov/Archives/edgar/data/1219601/000121960115000017/0001219601-15-000017-index.htm",
        "finalLink": "https://www.sec.gov/Archives/edgar/data/1219601/000121960115000017/cck-3312015xq1.htm"
    },
    {
        "date": "2014-12-31",
        "symbol": "CCK",
        "reportedCurrency": "USD",
        "cik": "0001219601",
        "fillingDate": "2015-03-02",
        "acceptedDate": "2015-03-02 10:26:25",
        "calendarYear": "2014",
        "period": "Q4",
        "revenue": 2127000000,
        "costOfRevenue": 1785000000,
        "grossProfit": 342000000,
        "grossProfitRatio": 0.1607898449,
        "researchAndDevelopmentExpenses": 39000000,
        "generalAndAdministrativeExpenses": 0,
        "sellingAndMarketingExpenses": 0,
        "sellingGeneralAndAdministrativeExpenses": 96000000,
        "otherExpenses": -603000000,
        "operatingExpenses": -468000000,
        "costAndExpenses": 1317000000,
        "interestIncome": 2000000,
        "interestExpense": 65000000,
        "depreciationAndAmortization": 55000000,
        "ebitda": 246000000,
        "ebitdaratio": 0.1156558533,
        "operatingIncome": 810000000,
        "operatingIncomeRatio": 0.3808180536,
        "totalOtherIncomeExpensesNet": -775000000,
        "incomeBeforeTax": 35000000,
        "incomeBeforeTaxRatio": 0.0164551011,
        "incomeTaxExpense": 1000000,
        "netIncome": 13000000,
        "netIncomeRatio": 0.0061118947,
        "eps": 0.0946,
        "epsdiluted": 0.0926,
        "weightedAverageShsOut": 140453990,
        "weightedAverageShsOutDil": 138796080,
        "link": "https://www.sec.gov/Archives/edgar/data/1219601/000121960115000009/0001219601-15-000009-index.htm",
        "finalLink": "https://www.sec.gov/Archives/edgar/data/1219601/000121960115000009/cck-12312014x10xk.htm"
    },
    {
        "date": "2014-09-30",
        "symbol": "CCK",
        "reportedCurrency": "USD",
        "cik": "0001219601",
        "fillingDate": "2014-10-28",
        "acceptedDate": "2014-10-28 14:34:53",
        "calendarYear": "2014",
        "period": "Q3",
        "revenue": 2594000000,
        "costOfRevenue": 2115000000,
        "grossProfit": 479000000,
        "grossProfitRatio": 0.1846569005,
        "researchAndDevelopmentExpenses": 0,
        "generalAndAdministrativeExpenses": 0,
        "sellingAndMarketingExpenses": 0,
        "sellingGeneralAndAdministrativeExpenses": 95000000,
        "otherExpenses": 0,
        "operatingExpenses": 95000000,
        "costAndExpenses": 2210000000,
        "interestIncome": 2000000,
        "interestExpense": 64000000,
        "depreciationAndAmortization": 53000000,
        "ebitda": 384000000,
        "ebitdaratio": 0.1480339244,
        "operatingIncome": 384000000,
        "operatingIncomeRatio": 0.1480339244,
        "totalOtherIncomeExpensesNet": -159000000,
        "incomeBeforeTax": 225000000,
        "incomeBeforeTaxRatio": 0.0867386276,
        "incomeTaxExpense": 41000000,
        "netIncome": 244000000,
        "netIncomeRatio": 0.0940632228,
        "eps": 1.78,
        "epsdiluted": 1.76,
        "weightedAverageShsOut": 138636363,
        "weightedAverageShsOutDil": 138700000,
        "link": "https://www.sec.gov/Archives/edgar/data/1219601/000121960114000036/0001219601-14-000036-index.htm",
        "finalLink": "https://www.sec.gov/Archives/edgar/data/1219601/000121960114000036/cck-9302014xq3.htm"
    },
    {
        "date": "2014-06-30",
        "symbol": "CCK",
        "reportedCurrency": "USD",
        "cik": "0001219601",
        "fillingDate": "2014-07-30",
        "acceptedDate": "2014-07-30 16:58:25",
        "calendarYear": "2014",
        "period": "Q2",
        "revenue": 2383000000,
        "costOfRevenue": 1945000000,
        "grossProfit": 438000000,
        "grossProfitRatio": 0.1838019303,
        "researchAndDevelopmentExpenses": 0,
        "generalAndAdministrativeExpenses": 0,
        "sellingAndMarketingExpenses": 0,
        "sellingGeneralAndAdministrativeExpenses": 103000000,
        "otherExpenses": 0,
        "operatingExpenses": 103000000,
        "costAndExpenses": 2048000000,
        "interestIncome": 1000000,
        "interestExpense": 66000000,
        "depreciationAndAmortization": 47000000,
        "ebitda": 335000000,
        "ebitdaratio": 0.140579102,
        "operatingIncome": 335000000,
        "operatingIncomeRatio": 0.140579102,
        "totalOtherIncomeExpensesNet": -158000000,
        "incomeBeforeTax": 177000000,
        "incomeBeforeTaxRatio": 0.0742761225,
        "incomeTaxExpense": 50000000,
        "netIncome": 106000000,
        "netIncomeRatio": 0.0444817457,
        "eps": 0.77,
        "epsdiluted": 0.76,
        "weightedAverageShsOut": 139473684,
        "weightedAverageShsOutDil": 138600000,
        "link": "https://www.sec.gov/Archives/edgar/data/1219601/000121960114000027/0001219601-14-000027-index.htm",
        "finalLink": "https://www.sec.gov/Archives/edgar/data/1219601/000121960114000027/cck-6302014xq2.htm"
    },
    {
        "date": "2014-03-31",
        "symbol": "CCK",
        "reportedCurrency": "USD",
        "cik": "0001219601",
        "fillingDate": "2014-04-25",
        "acceptedDate": "2014-04-25 15:02:31",
        "calendarYear": "2014",
        "period": "Q1",
        "revenue": 1993000000,
        "costOfRevenue": 1661000000,
        "grossProfit": 332000000,
        "grossProfitRatio": 0.1665830406,
        "researchAndDevelopmentExpenses": 0,
        "generalAndAdministrativeExpenses": 0,
        "sellingAndMarketingExpenses": 0,
        "sellingGeneralAndAdministrativeExpenses": 104000000,
        "otherExpenses": 0,
        "operatingExpenses": 104000000,
        "costAndExpenses": 1765000000,
        "interestIncome": 2000000,
        "interestExpense": 58000000,
        "depreciationAndAmortization": 35000000,
        "ebitda": 228000000,
        "ebitdaratio": 0.1144004014,
        "operatingIncome": 228000000,
        "operatingIncomeRatio": 0.1144004014,
        "totalOtherIncomeExpensesNet": -149000000,
        "incomeBeforeTax": 79000000,
        "incomeBeforeTaxRatio": 0.0396387356,
        "incomeTaxExpense": 33000000,
        "netIncome": 24000000,
        "netIncomeRatio": 0.0120421475,
        "eps": 0.18,
        "epsdiluted": 0.17,
        "weightedAverageShsOut": 141176470,
        "weightedAverageShsOutDil": 137900000,
        "link": "https://www.sec.gov/Archives/edgar/data/1219601/000121960114000013/0001219601-14-000013-index.htm",
        "finalLink": "https://www.sec.gov/Archives/edgar/data/1219601/000121960114000013/cck-3312014xq1.htm"
    },
    {
        "date": "2013-12-31",
        "symbol": "CCK",
        "reportedCurrency": "USD",
        "cik": "0001219601",
        "fillingDate": "2014-03-03",
        "acceptedDate": "2014-03-03 12:39:38",
        "calendarYear": "2013",
        "period": "Q4",
        "revenue": 2071000000,
        "costOfRevenue": 1761000000,
        "grossProfit": 310000000,
        "grossProfitRatio": 0.149686142,
        "researchAndDevelopmentExpenses": 36000000,
        "generalAndAdministrativeExpenses": 0,
        "sellingAndMarketingExpenses": 0,
        "sellingGeneralAndAdministrativeExpenses": 70000000,
        "otherExpenses": 0,
        "operatingExpenses": 106000000,
        "costAndExpenses": 1867000000,
        "interestIncome": 1000000,
        "interestExpense": 57000000,
        "depreciationAndAmortization": 36000000,
        "ebitda": 204000000,
        "ebitdaratio": 0.0985031386,
        "operatingIncome": 204000000,
        "operatingIncomeRatio": 0.0985031386,
        "totalOtherIncomeExpensesNet": -123000000,
        "incomeBeforeTax": 81000000,
        "incomeBeforeTaxRatio": 0.0391115403,
        "incomeTaxExpense": 2000000,
        "netIncome": 49000000,
        "netIncomeRatio": 0.0236600676,
        "eps": 0.36,
        "epsdiluted": 0.35,
        "weightedAverageShsOut": 139615061,
        "weightedAverageShsOutDil": 137688660,
        "link": "https://www.sec.gov/Archives/edgar/data/1219601/000121960114000007/0001219601-14-000007-index.htm",
        "finalLink": "https://www.sec.gov/Archives/edgar/data/1219601/000121960114000007/cck-12312013x10xk.htm"
    },
    {
        "date": "2013-09-30",
        "symbol": "CCK",
        "reportedCurrency": "USD",
        "cik": "0001219601",
        "fillingDate": "2013-10-31",
        "acceptedDate": "2013-10-31 08:08:09",
        "calendarYear": "2013",
        "period": "Q3",
        "revenue": 2389000000,
        "costOfRevenue": 1961000000,
        "grossProfit": 428000000,
        "grossProfitRatio": 0.1791544579,
        "researchAndDevelopmentExpenses": 0,
        "generalAndAdministrativeExpenses": 0,
        "sellingAndMarketingExpenses": 0,
        "sellingGeneralAndAdministrativeExpenses": 113000000,
        "otherExpenses": 0,
        "operatingExpenses": 113000000,
        "costAndExpenses": 2074000000,
        "interestIncome": 1000000,
        "interestExpense": 58000000,
        "depreciationAndAmortization": 34000000,
        "ebitda": 315000000,
        "ebitdaratio": 0.1318543324,
        "operatingIncome": 315000000,
        "operatingIncomeRatio": 0.1318543324,
        "totalOtherIncomeExpensesNet": -121000000,
        "incomeBeforeTax": 194000000,
        "incomeBeforeTaxRatio": 0.0812055253,
        "incomeTaxExpense": 67000000,
        "netIncome": 101000000,
        "netIncomeRatio": 0.0422771034,
        "eps": 0.73,
        "epsdiluted": 0.73,
        "weightedAverageShsOut": 138356164,
        "weightedAverageShsOutDil": 139200000,
        "link": "https://www.sec.gov/Archives/edgar/data/1219601/000121960113000045/0001219601-13-000045-index.htm",
        "finalLink": "https://www.sec.gov/Archives/edgar/data/1219601/000121960113000045/cck-9302013xq3.htm"
    },
    {
        "date": "2013-06-30",
        "symbol": "CCK",
        "reportedCurrency": "USD",
        "cik": "0001219601",
        "fillingDate": "2013-07-26",
        "acceptedDate": "2013-07-26 16:58:36",
        "calendarYear": "2013",
        "period": "Q2",
        "revenue": 2223000000,
        "costOfRevenue": 1818000000,
        "grossProfit": 405000000,
        "grossProfitRatio": 0.1821862348,
        "researchAndDevelopmentExpenses": 0,
        "generalAndAdministrativeExpenses": 0,
        "sellingAndMarketingExpenses": 0,
        "sellingGeneralAndAdministrativeExpenses": 102000000,
        "otherExpenses": 0,
        "operatingExpenses": 135000000,
        "costAndExpenses": 1953000000,
        "interestIncome": 1000000,
        "interestExpense": 61000000,
        "depreciationAndAmortization": 30000000,
        "ebitda": 303000000,
        "ebitdaratio": 0.1363022942,
        "operatingIncome": 273000000,
        "operatingIncomeRatio": 0.1228070175,
        "totalOtherIncomeExpensesNet": -63000000,
        "incomeBeforeTax": 210000000,
        "incomeBeforeTaxRatio": 0.0944669366,
        "incomeTaxExpense": 55000000,
        "netIncome": 133000000,
        "netIncomeRatio": 0.0598290598,
        "eps": 0.94,
        "epsdiluted": 0.93,
        "weightedAverageShsOut": 143010752,
        "weightedAverageShsOutDil": 142500000,
        "link": "https://www.sec.gov/Archives/edgar/data/1219601/000121960113000032/0001219601-13-000032-index.htm",
        "finalLink": "https://www.sec.gov/Archives/edgar/data/1219601/000121960113000032/cck-6302013xq2.htm"
    },
    {
        "date": "2013-03-31",
        "symbol": "CCK",
        "reportedCurrency": "USD",
        "cik": "0001219601",
        "fillingDate": "2013-04-30",
        "acceptedDate": "2013-04-30 15:50:24",
        "calendarYear": "2013",
        "period": "Q1",
        "revenue": 1973000000,
        "costOfRevenue": 1640000000,
        "grossProfit": 333000000,
        "grossProfitRatio": 0.1687785099,
        "researchAndDevelopmentExpenses": 0,
        "generalAndAdministrativeExpenses": 0,
        "sellingAndMarketingExpenses": 0,
        "sellingGeneralAndAdministrativeExpenses": 104000000,
        "otherExpenses": 0,
        "operatingExpenses": 184000000,
        "costAndExpenses": 1824000000,
        "interestIncome": 2000000,
        "interestExpense": 60000000,
        "depreciationAndAmortization": 34000000,
        "ebitda": 229000000,
        "ebitdaratio": 0.1160669032,
        "operatingIncome": 195000000,
        "operatingIncomeRatio": 0.0988342625,
        "totalOtherIncomeExpensesNet": -104000000,
        "incomeBeforeTax": 91000000,
        "incomeBeforeTaxRatio": 0.0461226559,
        "incomeTaxExpense": 24000000,
        "netIncome": 41000000,
        "netIncomeRatio": 0.0207805373,
        "eps": 0.29,
        "epsdiluted": 0.28,
        "weightedAverageShsOut": 146428571,
        "weightedAverageShsOutDil": 144000000,
        "link": "https://www.sec.gov/Archives/edgar/data/1219601/000121960113000013/0001219601-13-000013-index.htm",
        "finalLink": "https://www.sec.gov/Archives/edgar/data/1219601/000121960113000013/cck-3312013xq1.htm"
    },
    {
        "date": "2012-12-31",
        "symbol": "CCK",
        "reportedCurrency": "USD",
        "cik": "0001219601",
        "fillingDate": "2013-03-01",
        "acceptedDate": "2013-03-01 14:30:12",
        "calendarYear": "2012",
        "period": "Q4",
        "revenue": 2037000000,
        "costOfRevenue": 1709000000,
        "grossProfit": 328000000,
        "grossProfitRatio": 0.1610211095,
        "researchAndDevelopmentExpenses": 43000000,
        "generalAndAdministrativeExpenses": 0,
        "sellingAndMarketingExpenses": 0,
        "sellingGeneralAndAdministrativeExpenses": 94000000,
        "otherExpenses": 0,
        "operatingExpenses": 190000000,
        "costAndExpenses": 1899000000,
        "interestIncome": 2000000,
        "interestExpense": 56000000,
        "depreciationAndAmortization": 47000000,
        "ebitda": 234000000,
        "ebitdaratio": 0.1148748159,
        "operatingIncome": 187000000,
        "operatingIncomeRatio": 0.0918016691,
        "totalOtherIncomeExpensesNet": -103000000,
        "incomeBeforeTax": 84000000,
        "incomeBeforeTaxRatio": 0.0412371134,
        "incomeTaxExpense": 11000000,
        "netIncome": 31000000,
        "netIncomeRatio": 0.0152184585,
        "eps": 0.22,
        "epsdiluted": 0.22,
        "weightedAverageShsOut": 143035112,
        "weightedAverageShsOutDil": 145322962,
        "link": "https://www.sec.gov/Archives/edgar/data/1219601/000121960113000007/0001219601-13-000007-index.htm",
        "finalLink": "https://www.sec.gov/Archives/edgar/data/1219601/000121960113000007/cck-12312012x10xk.htm"
    },
    {
        "date": "2012-09-30",
        "symbol": "CCK",
        "reportedCurrency": "USD",
        "cik": "0001219601",
        "fillingDate": "2012-11-06",
        "acceptedDate": "2012-11-06 15:50:18",
        "calendarYear": "2012",
        "period": "Q3",
        "revenue": 2302000000,
        "costOfRevenue": 1933000000,
        "grossProfit": 369000000,
        "grossProfitRatio": 0.1602953953,
        "researchAndDevelopmentExpenses": 0,
        "generalAndAdministrativeExpenses": 92000000,
        "sellingAndMarketingExpenses": 92000000,
        "sellingGeneralAndAdministrativeExpenses": 92000000,
        "otherExpenses": 0,
        "operatingExpenses": 92000000,
        "costAndExpenses": 2025000000,
        "interestIncome": 2000000,
        "interestExpense": 57000000,
        "depreciationAndAmortization": 46000000,
        "ebitda": 334000000,
        "ebitdaratio": 0.145091225,
        "operatingIncome": 270000000,
        "operatingIncomeRatio": 0.1172893136,
        "totalOtherIncomeExpensesNet": -39000000,
        "incomeBeforeTax": 231000000,
        "incomeBeforeTaxRatio": 0.1003475239,
        "incomeTaxExpense": -111000000,
        "netIncome": 325000000,
        "netIncomeRatio": 0.1411815812,
        "eps": 2.23,
        "epsdiluted": 2.2,
        "weightedAverageShsOut": 145473722,
        "weightedAverageShsOutDil": 147808232,
        "link": "https://www.sec.gov/Archives/edgar/data/1219601/000121960112000039/0001219601-12-000039-index.htm",
        "finalLink": "https://www.sec.gov/Archives/edgar/data/1219601/000121960112000039/cck-9302012xq3.htm"
    },
    {
        "date": "2012-06-30",
        "symbol": "CCK",
        "reportedCurrency": "USD",
        "cik": "0001219601",
        "fillingDate": "2012-08-09",
        "acceptedDate": "2012-08-09 15:48:09",
        "calendarYear": "2012",
        "period": "Q2",
        "revenue": 2184000000,
        "costOfRevenue": 1844000000,
        "grossProfit": 340000000,
        "grossProfitRatio": 0.1556776557,
        "researchAndDevelopmentExpenses": 0,
        "generalAndAdministrativeExpenses": 90000000,
        "sellingAndMarketingExpenses": 90000000,
        "sellingGeneralAndAdministrativeExpenses": 90000000,
        "otherExpenses": 0,
        "operatingExpenses": 90000000,
        "costAndExpenses": 1934000000,
        "interestIncome": 1000000,
        "interestExpense": 55000000,
        "depreciationAndAmortization": 45000000,
        "ebitda": 308000000,
        "ebitdaratio": 0.141025641,
        "operatingIncome": 247000000,
        "operatingIncomeRatio": 0.1130952381,
        "totalOtherIncomeExpensesNet": -39000000,
        "incomeBeforeTax": 208000000,
        "incomeBeforeTaxRatio": 0.0952380952,
        "incomeTaxExpense": 51000000,
        "netIncome": 134000000,
        "netIncomeRatio": 0.0613553114,
        "eps": 0.91,
        "epsdiluted": 0.89,
        "weightedAverageShsOut": 147982915,
        "weightedAverageShsOutDil": 150451173,
        "link": "https://www.sec.gov/Archives/edgar/data/1219601/000121960112000033/0001219601-12-000033-index.htm",
        "finalLink": "https://www.sec.gov/Archives/edgar/data/1219601/000121960112000033/cck-6302012xq2.htm"
    },
    {
        "date": "2012-03-31",
        "symbol": "CCK",
        "reportedCurrency": "USD",
        "cik": "0001219601",
        "fillingDate": "2012-05-09",
        "acceptedDate": "2012-05-09 16:18:40",
        "calendarYear": "2012",
        "period": "Q1",
        "revenue": 1947000000,
        "costOfRevenue": 1660000000,
        "grossProfit": 287000000,
        "grossProfitRatio": 0.1474062661,
        "researchAndDevelopmentExpenses": 0,
        "generalAndAdministrativeExpenses": 106000000,
        "sellingAndMarketingExpenses": 106000000,
        "sellingGeneralAndAdministrativeExpenses": 106000000,
        "otherExpenses": 0,
        "operatingExpenses": 106000000,
        "costAndExpenses": 1766000000,
        "interestIncome": 2000000,
        "interestExpense": 58000000,
        "depreciationAndAmortization": 42000000,
        "ebitda": 222000000,
        "ebitdaratio": 0.1140215716,
        "operatingIncome": 181000000,
        "operatingIncomeRatio": 0.0929635336,
        "totalOtherIncomeExpensesNet": -59000000,
        "incomeBeforeTax": 122000000,
        "incomeBeforeTaxRatio": 0.0626605033,
        "incomeTaxExpense": 32000000,
        "netIncome": 69000000,
        "netIncomeRatio": 0.0354391371,
        "eps": 0.47,
        "epsdiluted": 0.46,
        "weightedAverageShsOut": 147813672,
        "weightedAverageShsOutDil": 150017661,
        "link": "https://www.sec.gov/Archives/edgar/data/1219601/000121960112000020/0001219601-12-000020-index.htm",
        "finalLink": "https://www.sec.gov/Archives/edgar/data/1219601/000121960112000020/cck-3312012xq1.htm"
    },
    {
        "date": "2011-12-31",
        "symbol": "CCK",
        "reportedCurrency": "USD",
        "cik": "0001219601",
        "fillingDate": "2012-02-29",
        "acceptedDate": "2012-02-29 12:24:06",
        "calendarYear": "2011",
        "period": "Q4",
        "revenue": 2058000000,
        "costOfRevenue": 1769000000,
        "grossProfit": 289000000,
        "grossProfitRatio": 0.1404275996,
        "researchAndDevelopmentExpenses": 0,
        "generalAndAdministrativeExpenses": 0,
        "sellingAndMarketingExpenses": 97000000,
        "sellingGeneralAndAdministrativeExpenses": 97000000,
        "otherExpenses": 30000000,
        "operatingExpenses": 127000000,
        "costAndExpenses": 1896000000,
        "interestIncome": 3000000,
        "interestExpense": 58000000,
        "depreciationAndAmortization": 44000000,
        "ebitda": 209000000,
        "ebitdaratio": 0.1015549077,
        "operatingIncome": 165000000,
        "operatingIncomeRatio": 0.0801749271,
        "totalOtherIncomeExpensesNet": -113000000,
        "incomeBeforeTax": 49000000,
        "incomeBeforeTaxRatio": 0.0238095238,
        "incomeTaxExpense": -376000000,
        "netIncome": 8000000,
        "netIncomeRatio": 0.0038872692,
        "eps": 2.88,
        "epsdiluted": 2.88,
        "weightedAverageShsOut": 147813672,
        "weightedAverageShsOutDil": 147813672,
        "link": "https://www.sec.gov/Archives/edgar/data/1219601/000119312512087983/0001193125-12-087983-index.htm",
        "finalLink": "https://www.sec.gov/Archives/edgar/data/1219601/000119312512087983/d265151d10k.htm"
    },
    {
        "date": "2011-09-30",
        "symbol": "CCK",
        "reportedCurrency": "USD",
        "cik": "0001219601",
        "fillingDate": "2011-11-07",
        "acceptedDate": "2011-11-07 15:47:00",
        "calendarYear": "2011",
        "period": "Q3",
        "revenue": 2423000000,
        "costOfRevenue": 2027000000,
        "grossProfit": 396000000,
        "grossProfitRatio": 0.1634337598,
        "researchAndDevelopmentExpenses": 0,
        "generalAndAdministrativeExpenses": 0,
        "sellingAndMarketingExpenses": 96000000,
        "sellingGeneralAndAdministrativeExpenses": 96000000,
        "otherExpenses": -2000000,
        "operatingExpenses": 94000000,
        "costAndExpenses": 2121000000,
        "interestIncome": 2000000,
        "interestExpense": 58000000,
        "depreciationAndAmortization": 47000000,
        "ebitda": 350000000,
        "ebitdaratio": 0.1444490301,
        "operatingIncome": 300000000,
        "operatingIncomeRatio": 0.1238134544,
        "totalOtherIncomeExpensesNet": -55000000,
        "incomeBeforeTax": 245000000,
        "incomeBeforeTaxRatio": 0.1011143211,
        "incomeTaxExpense": 87000000,
        "netIncome": 129000000,
        "netIncomeRatio": 0.0532397854,
        "eps": 0.86,
        "epsdiluted": 0.84,
        "weightedAverageShsOut": 150100000,
        "weightedAverageShsOutDil": 152700000,
        "link": "https://www.sec.gov/Archives/edgar/data/1219601/000119312511299700/0001193125-11-299700-index.htm",
        "finalLink": "https://www.sec.gov/Archives/edgar/data/1219601/000119312511299700/d234101d10q.htm"
    },
    {
        "date": "2011-06-30",
        "symbol": "CCK",
        "reportedCurrency": "USD",
        "cik": "0001219601",
        "fillingDate": "2011-08-09",
        "acceptedDate": "2011-08-09 12:35:20",
        "calendarYear": "2011",
        "period": "Q2",
        "revenue": 2281000000,
        "costOfRevenue": 1910000000,
        "grossProfit": 371000000,
        "grossProfitRatio": 0.1626479614,
        "researchAndDevelopmentExpenses": 0,
        "generalAndAdministrativeExpenses": 0,
        "sellingAndMarketingExpenses": 100000000,
        "sellingGeneralAndAdministrativeExpenses": 100000000,
        "otherExpenses": 0,
        "operatingExpenses": 100000000,
        "costAndExpenses": 2010000000,
        "interestIncome": 2000000,
        "interestExpense": 60000000,
        "depreciationAndAmortization": 45000000,
        "ebitda": 315000000,
        "ebitdaratio": 0.1380973257,
        "operatingIncome": 271000000,
        "operatingIncomeRatio": 0.1188075406,
        "totalOtherIncomeExpensesNet": -61000000,
        "incomeBeforeTax": 210000000,
        "incomeBeforeTaxRatio": 0.0920648838,
        "incomeTaxExpense": 54000000,
        "netIncome": 129000000,
        "netIncomeRatio": 0.0565541429,
        "eps": 0.85,
        "epsdiluted": 0.83,
        "weightedAverageShsOut": 152300000,
        "weightedAverageShsOutDil": 155500000,
        "link": "https://www.sec.gov/Archives/edgar/data/1219601/000119312511215942/0001193125-11-215942-index.htm",
        "finalLink": "https://www.sec.gov/Archives/edgar/data/1219601/000119312511215942/d10q.htm"
    },
    {
        "date": "2011-03-31",
        "symbol": "CCK",
        "reportedCurrency": "USD",
        "cik": "0001219601",
        "fillingDate": "2011-05-04",
        "acceptedDate": "2011-05-04 16:53:46",
        "calendarYear": "2011",
        "period": "Q1",
        "revenue": 1882000000,
        "costOfRevenue": 1590000000,
        "grossProfit": 292000000,
        "grossProfitRatio": 0.1551540914,
        "researchAndDevelopmentExpenses": 0,
        "generalAndAdministrativeExpenses": 0,
        "sellingAndMarketingExpenses": 102000000,
        "sellingGeneralAndAdministrativeExpenses": 102000000,
        "otherExpenses": 0,
        "operatingExpenses": 102000000,
        "costAndExpenses": 1692000000,
        "interestIncome": 4000000,
        "interestExpense": 56000000,
        "depreciationAndAmortization": 40000000,
        "ebitda": 179000000,
        "ebitdaratio": 0.0951115834,
        "operatingIncome": 194000000,
        "operatingIncomeRatio": 0.1030818278,
        "totalOtherIncomeExpensesNet": -82000000,
        "incomeBeforeTax": 83000000,
        "incomeBeforeTaxRatio": 0.0441020191,
        "incomeTaxExpense": 41000000,
        "netIncome": 16000000,
        "netIncomeRatio": 0.008501594,
        "eps": 0.1,
        "epsdiluted": 0.1,
        "weightedAverageShsOut": 154600000,
        "weightedAverageShsOutDil": 157900000,
        "link": "https://www.sec.gov/Archives/edgar/data/1219601/000119312511126248/0001193125-11-126248-index.htm",
        "finalLink": "https://www.sec.gov/Archives/edgar/data/1219601/000119312511126248/d10q.htm"
    },
    {
        "date": "2010-12-31",
        "symbol": "CCK",
        "reportedCurrency": "USD",
        "cik": "0001219601",
        "fillingDate": "2011-02-28",
        "acceptedDate": "2011-02-28 16:59:22",
        "calendarYear": "2010",
        "period": "Q4",
        "revenue": 1949000000,
        "costOfRevenue": 1661000000,
        "grossProfit": 288000000,
        "grossProfitRatio": 0.1477680862,
        "researchAndDevelopmentExpenses": 0,
        "generalAndAdministrativeExpenses": 46000000,
        "sellingAndMarketingExpenses": 104000000,
        "sellingGeneralAndAdministrativeExpenses": 150000000,
        "otherExpenses": 0,
        "operatingExpenses": 150000000,
        "costAndExpenses": 1811000000,
        "interestIncome": 3000000,
        "interestExpense": 56000000,
        "depreciationAndAmortization": 44000000,
        "ebitda": 185000000,
        "ebitdaratio": 0.094920472,
        "operatingIncome": 141000000,
        "operatingIncomeRatio": 0.0723447922,
        "totalOtherIncomeExpensesNet": -39000000,
        "incomeBeforeTax": 99000000,
        "incomeBeforeTaxRatio": 0.0507952796,
        "incomeTaxExpense": 22000000,
        "netIncome": 45000000,
        "netIncomeRatio": 0.0230887635,
        "eps": 0.5,
        "epsdiluted": 0.5,
        "weightedAverageShsOut": 154610056,
        "weightedAverageShsOutDil": 154610056,
        "link": "https://www.sec.gov/Archives/edgar/data/1219601/000119312511050127/0001193125-11-050127-index.htm",
        "finalLink": "https://www.sec.gov/Archives/edgar/data/1219601/000119312511050127/d10k.htm"
    },
    {
        "date": "2010-09-30",
        "symbol": "CCK",
        "reportedCurrency": "USD",
        "cik": "0001219601",
        "fillingDate": "2010-11-05",
        "acceptedDate": "2010-11-05 15:54:34",
        "calendarYear": "2010",
        "period": "Q3",
        "revenue": 2205000000,
        "costOfRevenue": 1828000000,
        "grossProfit": 377000000,
        "grossProfitRatio": 0.1709750567,
        "researchAndDevelopmentExpenses": 0,
        "generalAndAdministrativeExpenses": 0,
        "sellingAndMarketingExpenses": 82000000,
        "sellingGeneralAndAdministrativeExpenses": 82000000,
        "otherExpenses": 14000000,
        "operatingExpenses": 96000000,
        "costAndExpenses": 1924000000,
        "interestIncome": 3000000,
        "interestExpense": 55000000,
        "depreciationAndAmortization": 40000000,
        "ebitda": 303000000,
        "ebitdaratio": 0.137414966,
        "operatingIncome": 284000000,
        "operatingIncomeRatio": 0.1287981859,
        "totalOtherIncomeExpensesNet": -66000000,
        "incomeBeforeTax": 223000000,
        "incomeBeforeTaxRatio": 0.1011337868,
        "incomeTaxExpense": 53000000,
        "netIncome": 126000000,
        "netIncomeRatio": 0.0571428571,
        "eps": 0.85,
        "epsdiluted": 0.84,
        "weightedAverageShsOut": 159181133,
        "weightedAverageShsOutDil": 161674329,
        "link": "https://www.sec.gov/Archives/edgar/data/1219601/000119312510250043/0001193125-10-250043-index.htm",
        "finalLink": "https://www.sec.gov/Archives/edgar/data/1219601/000119312510250043/d10q.htm"
    },
    {
        "date": "2010-06-30",
        "symbol": "CCK",
        "reportedCurrency": "USD",
        "cik": "0001219601",
        "fillingDate": "2010-08-06",
        "acceptedDate": "2010-08-06 14:59:35",
        "calendarYear": "2010",
        "period": "Q2",
        "revenue": 2010000000,
        "costOfRevenue": 1675000000,
        "grossProfit": 335000000,
        "grossProfitRatio": 0.1666666667,
        "researchAndDevelopmentExpenses": 0,
        "generalAndAdministrativeExpenses": 0,
        "sellingAndMarketingExpenses": 95000000,
        "sellingGeneralAndAdministrativeExpenses": 95000000,
        "otherExpenses": 0,
        "operatingExpenses": 95000000,
        "costAndExpenses": 1770000000,
        "interestIncome": 2000000,
        "interestExpense": 45000000,
        "depreciationAndAmortization": 44000000,
        "ebitda": 286000000,
        "ebitdaratio": 0.1422885572,
        "operatingIncome": 198000000,
        "operatingIncomeRatio": 0.0985074627,
        "totalOtherIncomeExpensesNet": -43000000,
        "incomeBeforeTax": 201000000,
        "incomeBeforeTaxRatio": 0.1,
        "incomeTaxExpense": 57000000,
        "netIncome": 112000000,
        "netIncomeRatio": 0.055721393,
        "eps": 0.7,
        "epsdiluted": 0.69,
        "weightedAverageShsOut": 160961879,
        "weightedAverageShsOutDil": 163292749,
        "link": "https://www.sec.gov/Archives/edgar/data/1219601/000119312510181200/0001193125-10-181200-index.htm",
        "finalLink": "https://www.sec.gov/Archives/edgar/data/1219601/000119312510181200/d10q.htm"
    },
    {
        "date": "2010-03-31",
        "symbol": "CCK",
        "reportedCurrency": "USD",
        "cik": "0001219601",
        "fillingDate": "2010-05-10",
        "acceptedDate": "2010-05-10 16:34:01",
        "calendarYear": "2010",
        "period": "Q1",
        "revenue": 1777000000,
        "costOfRevenue": 1527000000,
        "grossProfit": 250000000,
        "grossProfitRatio": 0.1406865504,
        "researchAndDevelopmentExpenses": 0,
        "generalAndAdministrativeExpenses": 0,
        "sellingAndMarketingExpenses": 79000000,
        "sellingGeneralAndAdministrativeExpenses": 79000000,
        "otherExpenses": 0,
        "operatingExpenses": 79000000,
        "costAndExpenses": 1606000000,
        "interestIncome": 1000000,
        "interestExpense": 47000000,
        "depreciationAndAmortization": 44000000,
        "ebitda": 197000000,
        "ebitdaratio": 0.1108610017,
        "operatingIncome": 130000000,
        "operatingIncomeRatio": 0.0731570062,
        "totalOtherIncomeExpensesNet": -65000000,
        "incomeBeforeTax": 106000000,
        "incomeBeforeTaxRatio": 0.0596510974,
        "incomeTaxExpense": 39000000,
        "netIncome": 41000000,
        "netIncomeRatio": 0.0230725943,
        "eps": 0.26,
        "epsdiluted": 0.25,
        "weightedAverageShsOut": 160714929,
        "weightedAverageShsOutDil": 163100074,
        "link": "https://www.sec.gov/Archives/edgar/data/1219601/000121960110000025/0001219601-10-000025-index.htm",
        "finalLink": "https://www.sec.gov/Archives/edgar/data/1219601/000121960110000025/f10q-march2010.htm"
    },
    {
        "date": "2009-12-31",
        "symbol": "CCK",
        "reportedCurrency": "USD",
        "cik": "0001219601",
        "fillingDate": "2010-03-01",
        "acceptedDate": "2010-03-01 15:34:10",
        "calendarYear": "2009",
        "period": "Q4",
        "revenue": 1917000000,
        "costOfRevenue": 1667000000,
        "grossProfit": 250000000,
        "grossProfitRatio": 0.1304121022,
        "researchAndDevelopmentExpenses": 0,
        "generalAndAdministrativeExpenses": 55000000,
        "sellingAndMarketingExpenses": 107000000,
        "sellingGeneralAndAdministrativeExpenses": 162000000,
        "otherExpenses": -7000000,
        "operatingExpenses": 155000000,
        "costAndExpenses": 1822000000,
        "interestIncome": 2000000,
        "interestExpense": 58000000,
        "depreciationAndAmortization": 2000000,
        "ebitda": 99000000,
        "ebitdaratio": 0.0516431925,
        "operatingIncome": 95000000,
        "operatingIncomeRatio": 0.0495565989,
        "totalOtherIncomeExpensesNet": -54000000,
        "incomeBeforeTax": 41000000,
        "incomeBeforeTaxRatio": 0.0213875848,
        "incomeTaxExpense": -64000000,
        "netIncome": 81000000,
        "netIncomeRatio": 0.0422535211,
        "eps": 0.5,
        "epsdiluted": 0.5,
        "weightedAverageShsOut": 159770668,
        "weightedAverageShsOutDil": 160714929,
        "link": "https://www.sec.gov/Archives/edgar/data/1219601/000121960110000012/0001219601-10-000012-index.htm",
        "finalLink": "https://www.sec.gov/Archives/edgar/data/1219601/000121960110000012/f10k2009.htm"
    },
    {
        "date": "2009-09-30",
        "symbol": "CCK",
        "reportedCurrency": "USD",
        "cik": "0001219601",
        "fillingDate": "2009-10-30",
        "acceptedDate": "2009-10-30 15:12:33",
        "calendarYear": "2009",
        "period": "Q3",
        "revenue": 2282000000,
        "costOfRevenue": 1917000000,
        "grossProfit": 365000000,
        "grossProfitRatio": 0.1599474145,
        "researchAndDevelopmentExpenses": 0,
        "generalAndAdministrativeExpenses": 0,
        "sellingAndMarketingExpenses": 95000000,
        "sellingGeneralAndAdministrativeExpenses": 95000000,
        "otherExpenses": 0,
        "operatingExpenses": 95000000,
        "costAndExpenses": 2012000000,
        "interestIncome": 1000000,
        "interestExpense": 66000000,
        "depreciationAndAmortization": 49000000,
        "ebitda": 259000000,
        "ebitdaratio": 0.1134969325,
        "operatingIncome": 195000000,
        "operatingIncomeRatio": 0.0854513585,
        "totalOtherIncomeExpensesNet": -104000000,
        "incomeBeforeTax": 144000000,
        "incomeBeforeTaxRatio": 0.0631025416,
        "incomeTaxExpense": 3000000,
        "netIncome": 108000000,
        "netIncomeRatio": 0.0473269062,
        "eps": 0.68,
        "epsdiluted": 0.67,
        "weightedAverageShsOut": 159208879,
        "weightedAverageShsOutDil": 162120722,
        "link": "https://www.sec.gov/Archives/edgar/data/1219601/000121960109000043/0001219601-09-000043-index.htm",
        "finalLink": "https://www.sec.gov/Archives/edgar/data/1219601/000121960109000043/f10q-sep2009.htm"
    },
    {
        "date": "2009-06-30",
        "symbol": "CCK",
        "reportedCurrency": "USD",
        "cik": "0001219601",
        "fillingDate": "2009-07-31",
        "acceptedDate": "2009-07-31 15:23:38",
        "calendarYear": "2009",
        "period": "Q2",
        "revenue": 2055000000,
        "costOfRevenue": 1722000000,
        "grossProfit": 333000000,
        "grossProfitRatio": 0.1620437956,
        "researchAndDevelopmentExpenses": 0,
        "generalAndAdministrativeExpenses": 0,
        "sellingAndMarketingExpenses": 90000000,
        "sellingGeneralAndAdministrativeExpenses": 90000000,
        "otherExpenses": 0,
        "operatingExpenses": 90000000,
        "costAndExpenses": 1812000000,
        "interestIncome": 1000000,
        "interestExpense": 62000000,
        "depreciationAndAmortization": 2000000,
        "ebitda": 244000000,
        "ebitdaratio": 0.1187347932,
        "operatingIncome": 243000000,
        "operatingIncomeRatio": 0.1182481752,
        "totalOtherIncomeExpensesNet": -61000000,
        "incomeBeforeTax": 182000000,
        "incomeBeforeTaxRatio": 0.0885644769,
        "incomeTaxExpense": 44000000,
        "netIncome": 105000000,
        "netIncomeRatio": 0.0510948905,
        "eps": 0.66,
        "epsdiluted": 0.65,
        "weightedAverageShsOut": 158920842,
        "weightedAverageShsOutDil": 161728278,
        "link": "https://www.sec.gov/Archives/edgar/data/1219601/000121960109000030/0001219601-09-000030-index.htm",
        "finalLink": "https://www.sec.gov/Archives/edgar/data/1219601/000121960109000030/f10q-june2009.htm"
    },
    {
        "date": "2009-03-31",
        "symbol": "CCK",
        "reportedCurrency": "USD",
        "cik": "0001219601",
        "fillingDate": "2009-05-05",
        "acceptedDate": "2009-05-05 07:59:17",
        "calendarYear": "2009",
        "period": "Q1",
        "revenue": 1684000000,
        "costOfRevenue": 1439000000,
        "grossProfit": 245000000,
        "grossProfitRatio": 0.1454869359,
        "researchAndDevelopmentExpenses": 0,
        "generalAndAdministrativeExpenses": 0,
        "sellingAndMarketingExpenses": 89000000,
        "sellingGeneralAndAdministrativeExpenses": 89000000,
        "otherExpenses": 0,
        "operatingExpenses": 89000000,
        "costAndExpenses": 1528000000,
        "interestIncome": 2000000,
        "interestExpense": 61000000,
        "depreciationAndAmortization": 2000000,
        "ebitda": 153000000,
        "ebitdaratio": 0.0908551069,
        "operatingIncome": 156000000,
        "operatingIncomeRatio": 0.0926365796,
        "totalOtherIncomeExpensesNet": -64000000,
        "incomeBeforeTax": 92000000,
        "incomeBeforeTaxRatio": 0.054631829,
        "incomeTaxExpense": 24000000,
        "netIncome": 40000000,
        "netIncomeRatio": 0.0237529691,
        "eps": 0.25,
        "epsdiluted": 0.25,
        "weightedAverageShsOut": 158491731,
        "weightedAverageShsOutDil": 161286880,
        "link": "https://www.sec.gov/Archives/edgar/data/1219601/000119312509098869/0001193125-09-098869-index.htm",
        "finalLink": "https://www.sec.gov/Archives/edgar/data/1219601/000119312509098869/d10q.htm"
    },
    {
        "date": "2008-12-31",
        "symbol": "CCK",
        "reportedCurrency": "USD",
        "cik": "0001219601",
        "fillingDate": "2009-02-27",
        "acceptedDate": "2009-02-27 17:17:51",
        "calendarYear": "2008",
        "period": "Q4",
        "revenue": 1877000000,
        "costOfRevenue": 1425000000,
        "grossProfit": 452000000,
        "grossProfitRatio": 0.2408098029,
        "researchAndDevelopmentExpenses": 0,
        "generalAndAdministrativeExpenses": 112000000,
        "sellingAndMarketingExpenses": 0,
        "sellingGeneralAndAdministrativeExpenses": 112000000,
        "otherExpenses": 47000000,
        "operatingExpenses": 159000000,
        "costAndExpenses": 1584000000,
        "interestIncome": 0,
        "interestExpense": 308000000,
        "depreciationAndAmortization": -225000000,
        "ebitda": 67000000,
        "ebitdaratio": 0.0356952584,
        "operatingIncome": 293000000,
        "operatingIncomeRatio": 0.1561001598,
        "totalOtherIncomeExpensesNet": -284000000,
        "incomeBeforeTax": 9000000,
        "incomeBeforeTaxRatio": 0.0047948855,
        "incomeTaxExpense": -1000000,
        "netIncome": -14000000,
        "netIncomeRatio": -0.0074587107,
        "eps": -0.0883,
        "epsdiluted": -0.0883,
        "weightedAverageShsOut": 158491731,
        "weightedAverageShsOutDil": 158491731,
        "link": "https://www.sec.gov/Archives/edgar/data/1219601/000121960109000010/0001219601-09-000010-index.htm",
        "finalLink": "https://www.sec.gov/Archives/edgar/data/1219601/000121960109000010/f10k2008.htm"
    },
    {
        "date": "2008-09-30",
        "symbol": "CCK",
        "reportedCurrency": "USD",
        "cik": "0001219601",
        "fillingDate": "2008-10-24",
        "acceptedDate": "2008-10-24 16:07:26",
        "calendarYear": "2008",
        "period": "Q3",
        "revenue": 2369000000,
        "costOfRevenue": 1991000000,
        "grossProfit": 378000000,
        "grossProfitRatio": 0.1595609962,
        "researchAndDevelopmentExpenses": 0,
        "generalAndAdministrativeExpenses": 102000000,
        "sellingAndMarketingExpenses": 0,
        "sellingGeneralAndAdministrativeExpenses": 102000000,
        "otherExpenses": 0,
        "operatingExpenses": 102000000,
        "costAndExpenses": 2093000000,
        "interestIncome": 0,
        "interestExpense": 114000000,
        "depreciationAndAmortization": 16000000,
        "ebitda": 276000000,
        "ebitdaratio": 0.1165048544,
        "operatingIncome": 273000000,
        "operatingIncomeRatio": 0.1152384973,
        "totalOtherIncomeExpensesNet": -83000000,
        "incomeBeforeTax": 190000000,
        "incomeBeforeTaxRatio": 0.0802026171,
        "incomeTaxExpense": 45000000,
        "netIncome": 114000000,
        "netIncomeRatio": 0.0481215703,
        "eps": 0.71,
        "epsdiluted": 0.7,
        "weightedAverageShsOut": 160006745,
        "weightedAverageShsOutDil": 163441406,
        "link": "https://www.sec.gov/Archives/edgar/data/1219601/000121960108000045/0001219601-08-000045-index.htm",
        "finalLink": "https://www.sec.gov/Archives/edgar/data/1219601/000121960108000045/f10q-sep08.htm"
    },
    {
        "date": "2008-06-30",
        "symbol": "CCK",
        "reportedCurrency": "USD",
        "cik": "0001219601",
        "fillingDate": "2008-07-28",
        "acceptedDate": "2008-07-28 15:33:06",
        "calendarYear": "2008",
        "period": "Q2",
        "revenue": 2196000000,
        "costOfRevenue": 1788000000,
        "grossProfit": 408000000,
        "grossProfitRatio": 0.1857923497,
        "researchAndDevelopmentExpenses": 0,
        "generalAndAdministrativeExpenses": 105000000,
        "sellingAndMarketingExpenses": 105000000,
        "sellingGeneralAndAdministrativeExpenses": 105000000,
        "otherExpenses": 56000000,
        "operatingExpenses": 161000000,
        "costAndExpenses": 1949000000,
        "interestIncome": 2000000,
        "interestExpense": 107000000,
        "depreciationAndAmortization": 56000000,
        "ebitda": 251000000,
        "ebitdaratio": 0.114298725,
        "operatingIncome": 191000000,
        "operatingIncomeRatio": 0.0869763206,
        "totalOtherIncomeExpensesNet": -19000000,
        "incomeBeforeTax": 169000000,
        "incomeBeforeTaxRatio": 0.0769581056,
        "incomeTaxExpense": 42000000,
        "netIncome": 99000000,
        "netIncomeRatio": 0.0450819672,
        "eps": 0.62,
        "epsdiluted": 0.61,
        "weightedAverageShsOut": 159631670,
        "weightedAverageShsOutDil": 163298467,
        "link": "https://www.sec.gov/Archives/edgar/data/1219601/000121960108000036/0001219601-08-000036-index.htm",
        "finalLink": "https://www.sec.gov/Archives/edgar/data/1219601/000121960108000036/f10q-jun08.htm"
    },
    {
        "date": "2008-03-31",
        "symbol": "CCK",
        "reportedCurrency": "USD",
        "cik": "0001219601",
        "fillingDate": "2008-05-09",
        "acceptedDate": "2008-05-09 15:12:12",
        "calendarYear": "2008",
        "period": "Q1",
        "revenue": 1863000000,
        "costOfRevenue": 1607000000,
        "grossProfit": 256000000,
        "grossProfitRatio": 0.1374127751,
        "researchAndDevelopmentExpenses": 0,
        "generalAndAdministrativeExpenses": 102000000,
        "sellingAndMarketingExpenses": 102000000,
        "sellingGeneralAndAdministrativeExpenses": 102000000,
        "otherExpenses": 0,
        "operatingExpenses": 102000000,
        "costAndExpenses": 1709000000,
        "interestIncome": 3000000,
        "interestExpense": 101000000,
        "depreciationAndAmortization": 6000000,
        "ebitda": 151000000,
        "ebitdaratio": 0.0810520666,
        "operatingIncome": 154000000,
        "operatingIncomeRatio": 0.0826623725,
        "totalOtherIncomeExpensesNet": -80000000,
        "incomeBeforeTax": 74000000,
        "incomeBeforeTaxRatio": 0.0397208803,
        "incomeTaxExpense": 26000000,
        "netIncome": 27000000,
        "netIncomeRatio": 0.0144927536,
        "eps": 0.17,
        "epsdiluted": 0.17,
        "weightedAverageShsOut": 159187316,
        "weightedAverageShsOutDil": 162776273,
        "link": "https://www.sec.gov/Archives/edgar/data/1219601/000121960108000025/0001219601-08-000025-index.htm",
        "finalLink": "https://www.sec.gov/Archives/edgar/data/1219601/000121960108000025/f10q-mar08.htm"
    },
    {
        "date": "2007-12-31",
        "symbol": "CCK",
        "reportedCurrency": "USD",
        "cik": "0001219601",
        "fillingDate": "2008-02-28",
        "acceptedDate": "2008-02-28 16:07:58",
        "calendarYear": "2007",
        "period": "Q4",
        "revenue": 1871000000,
        "costOfRevenue": 1651000000,
        "grossProfit": 220000000,
        "grossProfitRatio": 0.1175841796,
        "researchAndDevelopmentExpenses": 0,
        "generalAndAdministrativeExpenses": 129000000,
        "sellingAndMarketingExpenses": 0,
        "sellingGeneralAndAdministrativeExpenses": 129000000,
        "otherExpenses": 0,
        "operatingExpenses": 129000000,
        "costAndExpenses": 1780000000,
        "interestIncome": 0,
        "interestExpense": 215000000,
        "depreciationAndAmortization": 127000000,
        "ebitda": 212000000,
        "ebitdaratio": 0.1133083912,
        "operatingIncome": 85000000,
        "operatingIncomeRatio": 0.0454302512,
        "totalOtherIncomeExpensesNet": -196000000,
        "incomeBeforeTax": -111000000,
        "incomeBeforeTaxRatio": -0.0593265633,
        "incomeTaxExpense": -462000000,
        "netIncome": 332000000,
        "netIncomeRatio": 0.1774452165,
        "eps": 2.09,
        "epsdiluted": 2.09,
        "weightedAverageShsOut": 159187316,
        "weightedAverageShsOutDil": 159187316,
        "link": "https://www.sec.gov/Archives/edgar/data/1219601/000121960108000009/0001219601-08-000009-index.htm",
        "finalLink": "https://www.sec.gov/Archives/edgar/data/1219601/000121960108000009/f10k2007.htm"
    },
    {
        "date": "2007-09-30",
        "symbol": "CCK",
        "reportedCurrency": "USD",
        "cik": "0001219601",
        "fillingDate": "2007-10-31",
        "acceptedDate": "2007-10-31 14:35:24",
        "calendarYear": "2007",
        "period": "Q3",
        "revenue": 2153000000,
        "costOfRevenue": 1842000000,
        "grossProfit": 311000000,
        "grossProfitRatio": 0.1444496052,
        "researchAndDevelopmentExpenses": 0,
        "generalAndAdministrativeExpenses": 97000000,
        "sellingAndMarketingExpenses": 0,
        "sellingGeneralAndAdministrativeExpenses": 97000000,
        "otherExpenses": 0,
        "operatingExpenses": 97000000,
        "costAndExpenses": 1939000000,
        "interestIncome": 2000000,
        "interestExpense": 91000000,
        "depreciationAndAmortization": 9000000,
        "ebitda": 214000000,
        "ebitdaratio": 0.0993961914,
        "operatingIncome": 205000000,
        "operatingIncomeRatio": 0.0952159777,
        "totalOtherIncomeExpensesNet": -91000000,
        "incomeBeforeTax": 137000000,
        "incomeBeforeTaxRatio": 0.0636321412,
        "incomeTaxExpense": 22000000,
        "netIncome": 92000000,
        "netIncomeRatio": 0.0427310729,
        "eps": 0.57,
        "epsdiluted": 0.56,
        "weightedAverageShsOut": 161238844,
        "weightedAverageShsOutDil": 165217100,
        "link": "https://www.sec.gov/Archives/edgar/data/1219601/000121960107000041/0001219601-07-000041-index.htm",
        "finalLink": "https://www.sec.gov/Archives/edgar/data/1219601/000121960107000041/f10q-sep07.htm"
    },
    {
        "date": "2007-06-30",
        "symbol": "CCK",
        "reportedCurrency": "USD",
        "cik": "0001219601",
        "fillingDate": "2007-07-27",
        "acceptedDate": "2007-07-27 13:59:21",
        "calendarYear": "2007",
        "period": "Q2",
        "revenue": 1990000000,
        "costOfRevenue": 1707000000,
        "grossProfit": 283000000,
        "grossProfitRatio": 0.1422110553,
        "researchAndDevelopmentExpenses": 0,
        "generalAndAdministrativeExpenses": 93000000,
        "sellingAndMarketingExpenses": 0,
        "sellingGeneralAndAdministrativeExpenses": 93000000,
        "otherExpenses": 0,
        "operatingExpenses": 93000000,
        "costAndExpenses": 1800000000,
        "interestIncome": 4000000,
        "interestExpense": 75000000,
        "depreciationAndAmortization": -7000000,
        "ebitda": 190000000,
        "ebitdaratio": 0.0954773869,
        "operatingIncome": 185000000,
        "operatingIncomeRatio": 0.0929648241,
        "totalOtherIncomeExpensesNet": -56000000,
        "incomeBeforeTax": 129000000,
        "incomeBeforeTaxRatio": 0.0648241206,
        "incomeTaxExpense": 22000000,
        "netIncome": 88000000,
        "netIncomeRatio": 0.0442211055,
        "eps": 0.54,
        "epsdiluted": 0.53,
        "weightedAverageShsOut": 162900139,
        "weightedAverageShsOutDil": 167182198,
        "link": "https://www.sec.gov/Archives/edgar/data/1219601/000121960107000030/0001219601-07-000030-index.htm",
        "finalLink": "https://www.sec.gov/Archives/edgar/data/1219601/000121960107000030/f10q-jun07.htm"
    },
    {
        "date": "2007-03-31",
        "symbol": "CCK",
        "reportedCurrency": "USD",
        "cik": "0001219601",
        "fillingDate": "2007-05-03",
        "acceptedDate": "2007-05-03 09:05:47",
        "calendarYear": "2007",
        "period": "Q1",
        "revenue": 1713000000,
        "costOfRevenue": 1500000000,
        "grossProfit": 213000000,
        "grossProfitRatio": 0.1243432574,
        "researchAndDevelopmentExpenses": 0,
        "generalAndAdministrativeExpenses": 95000000,
        "sellingAndMarketingExpenses": 0,
        "sellingGeneralAndAdministrativeExpenses": 95000000,
        "otherExpenses": 0,
        "operatingExpenses": 95000000,
        "costAndExpenses": 1595000000,
        "interestIncome": 3000000,
        "interestExpense": 84000000,
        "depreciationAndAmortization": -1000000,
        "ebitda": 120000000,
        "ebitdaratio": 0.0700525394,
        "operatingIncome": 118000000,
        "operatingIncomeRatio": 0.0688849971,
        "totalOtherIncomeExpensesNet": -84000000,
        "incomeBeforeTax": 46000000,
        "incomeBeforeTaxRatio": 0.0268534734,
        "incomeTaxExpense": 18000000,
        "netIncome": 18000000,
        "netIncomeRatio": 0.0105078809,
        "eps": 0.11,
        "epsdiluted": 0.11,
        "weightedAverageShsOut": 162273457,
        "weightedAverageShsOutDil": 166681273,
        "link": "https://www.sec.gov/Archives/edgar/data/1219601/000121960107000020/0001219601-07-000020-index.htm",
        "finalLink": "https://www.sec.gov/Archives/edgar/data/1219601/000121960107000020/f10q-mar07.htm"
    },
    {
        "date": "2006-12-31",
        "symbol": "CCK",
        "reportedCurrency": "USD",
        "cik": "0001219601",
        "fillingDate": "2007-02-28",
        "acceptedDate": "2007-02-28 13:33:27",
        "calendarYear": "2006",
        "period": "Q4",
        "revenue": 1607000000,
        "costOfRevenue": 1408000000,
        "grossProfit": 199000000,
        "grossProfitRatio": 0.1238332296,
        "researchAndDevelopmentExpenses": 0,
        "generalAndAdministrativeExpenses": 92000000,
        "sellingAndMarketingExpenses": 0,
        "sellingGeneralAndAdministrativeExpenses": 92000000,
        "otherExpenses": 0,
        "operatingExpenses": 92000000,
        "costAndExpenses": 1500000000,
        "interestIncome": 0,
        "interestExpense": 43000000,
        "depreciationAndAmortization": -45000000,
        "ebitda": 61000000,
        "ebitdaratio": 0.0379589297,
        "operatingIncome": 106000000,
        "operatingIncomeRatio": 0.0659614188,
        "totalOtherIncomeExpensesNet": -25000000,
        "incomeBeforeTax": 81000000,
        "incomeBeforeTaxRatio": 0.0504044804,
        "incomeTaxExpense": -104000000,
        "netIncome": 167000000,
        "netIncomeRatio": 0.1039203485,
        "eps": 1.03,
        "epsdiluted": 1.03,
        "weightedAverageShsOut": 161104511,
        "weightedAverageShsOutDil": 162273457,
        "link": "https://www.sec.gov/Archives/edgar/data/1219601/000121960107000007/0001219601-07-000007-index.htm",
        "finalLink": "https://www.sec.gov/Archives/edgar/data/1219601/000121960107000007/f10k2006.htm"
    },
    {
        "date": "2006-09-30",
        "symbol": "CCK",
        "reportedCurrency": "USD",
        "cik": "0001219601",
        "fillingDate": "2006-11-01",
        "acceptedDate": "2006-11-01 14:16:52",
        "calendarYear": "2006",
        "period": "Q3",
        "revenue": 2022000000,
        "costOfRevenue": 1760000000,
        "grossProfit": 262000000,
        "grossProfitRatio": 0.1295746785,
        "researchAndDevelopmentExpenses": 0,
        "generalAndAdministrativeExpenses": 78000000,
        "sellingAndMarketingExpenses": 0,
        "sellingGeneralAndAdministrativeExpenses": 78000000,
        "otherExpenses": 0,
        "operatingExpenses": 78000000,
        "costAndExpenses": 1838000000,
        "interestIncome": 2000000,
        "interestExpense": 83000000,
        "depreciationAndAmortization": -2000000,
        "ebitda": 241000000,
        "ebitdaratio": 0.1191889219,
        "operatingIncome": 184000000,
        "operatingIncomeRatio": 0.0909990109,
        "totalOtherIncomeExpensesNet": -24000000,
        "incomeBeforeTax": 115000000,
        "incomeBeforeTaxRatio": 0.0568743818,
        "incomeTaxExpense": 16000000,
        "netIncome": 85000000,
        "netIncomeRatio": 0.0420375865,
        "eps": 0.51,
        "epsdiluted": 0.5,
        "weightedAverageShsOut": 165711447,
        "weightedAverageShsOutDil": 169829685,
        "link": "https://www.sec.gov/Archives/edgar/data/1219601/000121960106000048/0001219601-06-000048-index.htm",
        "finalLink": "https://www.sec.gov/Archives/edgar/data/1219601/000121960106000048/f10q-sep06.htm"
    },
    {
        "date": "2006-06-30",
        "symbol": "CCK",
        "reportedCurrency": "USD",
        "cik": "0001219601",
        "fillingDate": "2006-08-08",
        "acceptedDate": "2006-08-08 16:23:14",
        "calendarYear": "2006",
        "period": "Q2",
        "revenue": 1805000000,
        "costOfRevenue": 1500000000,
        "grossProfit": 305000000,
        "grossProfitRatio": 0.1689750693,
        "researchAndDevelopmentExpenses": 0,
        "generalAndAdministrativeExpenses": 75000000,
        "sellingAndMarketingExpenses": 0,
        "sellingGeneralAndAdministrativeExpenses": 75000000,
        "otherExpenses": 58000000,
        "operatingExpenses": 133000000,
        "costAndExpenses": 1633000000,
        "interestIncome": 3000000,
        "interestExpense": 100000000,
        "depreciationAndAmortization": 58000000,
        "ebitda": 227000000,
        "ebitdaratio": 0.1257617729,
        "operatingIncome": 109000000,
        "operatingIncomeRatio": 0.0603878116,
        "totalOtherIncomeExpensesNet": -58000000,
        "incomeBeforeTax": 108000000,
        "incomeBeforeTaxRatio": 0.059833795,
        "incomeTaxExpense": 19000000,
        "netIncome": 50000000,
        "netIncomeRatio": 0.027700831,
        "eps": 0.3,
        "epsdiluted": 0.29,
        "weightedAverageShsOut": 167085962,
        "weightedAverageShsOutDil": 170917175,
        "link": "https://www.sec.gov/Archives/edgar/data/1219601/000121960106000042/0001219601-06-000042-index.htm",
        "finalLink": "https://www.sec.gov/Archives/edgar/data/1219601/000121960106000042/f10q-jun06.htm"
    },
    {
        "date": "2006-03-31",
        "symbol": "CCK",
        "reportedCurrency": "USD",
        "cik": "0001219601",
        "fillingDate": "2006-05-05",
        "acceptedDate": "2006-05-05 12:02:38",
        "calendarYear": "2006",
        "period": "Q1",
        "revenue": 1579000000,
        "costOfRevenue": 1340000000,
        "grossProfit": 239000000,
        "grossProfitRatio": 0.1513616213,
        "researchAndDevelopmentExpenses": 0,
        "generalAndAdministrativeExpenses": 92000000,
        "sellingAndMarketingExpenses": 0,
        "sellingGeneralAndAdministrativeExpenses": 92000000,
        "otherExpenses": 55000000,
        "operatingExpenses": 147000000,
        "costAndExpenses": 1487000000,
        "interestIncome": 3000000,
        "interestExpense": 78000000,
        "depreciationAndAmortization": 55000000,
        "ebitda": 150000000,
        "ebitdaratio": 0.0949968334,
        "operatingIncome": 37000000,
        "operatingIncomeRatio": 0.0234325522,
        "totalOtherIncomeExpensesNet": -23000000,
        "incomeBeforeTax": 28000000,
        "incomeBeforeTaxRatio": 0.0177327422,
        "incomeTaxExpense": 7000000,
        "netIncome": 7000000,
        "netIncomeRatio": 0.0044331856,
        "eps": 0.0419,
        "epsdiluted": 0.0408,
        "weightedAverageShsOut": 167075638,
        "weightedAverageShsOutDil": 171640555,
        "link": "https://www.sec.gov/Archives/edgar/data/1219601/000121960106000021/0001219601-06-000021-index.htm",
        "finalLink": "https://www.sec.gov/Archives/edgar/data/1219601/000121960106000021/f10q-mar06.htm"
    },
    {
        "date": "2005-12-31",
        "symbol": "CCK",
        "reportedCurrency": "USD",
        "cik": "0001219601",
        "fillingDate": "2006-03-16",
        "acceptedDate": "2006-03-16 10:03:41",
        "calendarYear": "2005",
        "period": "Q4",
        "revenue": 1629000000,
        "costOfRevenue": 1378000000,
        "grossProfit": 251000000,
        "grossProfitRatio": 0.1540822591,
        "researchAndDevelopmentExpenses": 0,
        "generalAndAdministrativeExpenses": 87000000,
        "sellingAndMarketingExpenses": 0,
        "sellingGeneralAndAdministrativeExpenses": 87000000,
        "otherExpenses": 61000000,
        "operatingExpenses": 148000000,
        "costAndExpenses": 1526000000,
        "interestIncome": 0,
        "interestExpense": 1030000000,
        "depreciationAndAmortization": 61000000,
        "ebitda": 164000000,
        "ebitdaratio": 0.1006752609,
        "operatingIncome": 29000000,
        "operatingIncomeRatio": 0.0178023327,
        "totalOtherIncomeExpensesNet": -455000000,
        "incomeBeforeTax": -426000000,
        "incomeBeforeTaxRatio": -0.2615101289,
        "incomeTaxExpense": -15000000,
        "netIncome": -458000000,
        "netIncomeRatio": -0.2811540823,
        "eps": -2.74,
        "epsdiluted": -2.74,
        "weightedAverageShsOut": 167075638,
        "weightedAverageShsOutDil": 167075638,
        "link": "https://www.sec.gov/Archives/edgar/data/1219601/000121960106000014/0001219601-06-000014-index.htm",
        "finalLink": "https://www.sec.gov/Archives/edgar/data/1219601/000121960106000014/f10k2005v2.htm"
    },
    {
        "date": "2005-09-30",
        "symbol": "CCK",
        "reportedCurrency": "USD",
        "cik": "0001219601",
        "fillingDate": "2005-10-28",
        "acceptedDate": "2005-10-28 17:06:41",
        "calendarYear": "2005",
        "period": "Q3",
        "revenue": 1928000000,
        "costOfRevenue": 1593000000,
        "grossProfit": 335000000,
        "grossProfitRatio": 0.1737551867,
        "researchAndDevelopmentExpenses": 0,
        "generalAndAdministrativeExpenses": 88000000,
        "sellingAndMarketingExpenses": 0,
        "sellingGeneralAndAdministrativeExpenses": 88000000,
        "otherExpenses": 63000000,
        "operatingExpenses": 151000000,
        "costAndExpenses": 1744000000,
        "interestIncome": 0,
        "interestExpense": 0,
        "depreciationAndAmortization": 63000000,
        "ebitda": 185000000,
        "ebitdaratio": 0.0959543568,
        "operatingIncome": 118000000,
        "operatingIncomeRatio": 0.0612033195,
        "totalOtherIncomeExpensesNet": -9000000,
        "incomeBeforeTax": 108000000,
        "incomeBeforeTaxRatio": 0.0560165975,
        "incomeTaxExpense": 17000000,
        "netIncome": 78000000,
        "netIncomeRatio": 0.0404564315,
        "eps": 0.47,
        "epsdiluted": 0.45,
        "weightedAverageShsOut": 165867132,
        "weightedAverageShsOutDil": 171909751,
        "link": "https://www.sec.gov/Archives/edgar/data/1219601/000121960105000104/0001219601-05-000104-index.htm",
        "finalLink": "https://www.sec.gov/Archives/edgar/data/1219601/000121960105000104/f10q-sep05.htm"
    },
    {
        "date": "2005-06-30",
        "symbol": "CCK",
        "reportedCurrency": "USD",
        "cik": "0001219601",
        "fillingDate": "2005-08-05",
        "acceptedDate": "2005-08-04 18:07:19",
        "calendarYear": "2005",
        "period": "Q2",
        "revenue": 2017000000,
        "costOfRevenue": 1654000000,
        "grossProfit": 363000000,
        "grossProfitRatio": 0.1799702529,
        "researchAndDevelopmentExpenses": 0,
        "generalAndAdministrativeExpenses": 102000000,
        "sellingAndMarketingExpenses": 0,
        "sellingGeneralAndAdministrativeExpenses": 102000000,
        "otherExpenses": 75000000,
        "operatingExpenses": 177000000,
        "costAndExpenses": 1831000000,
        "interestIncome": 0,
        "interestExpense": 200000000,
        "depreciationAndAmortization": 75000000,
        "ebitda": 231000000,
        "ebitdaratio": 0.1145265245,
        "operatingIncome": 111000000,
        "operatingIncomeRatio": 0.0550322261,
        "totalOtherIncomeExpensesNet": -81000000,
        "incomeBeforeTax": 43000000,
        "incomeBeforeTaxRatio": 0.0213187903,
        "incomeTaxExpense": 8000000,
        "netIncome": 28000000,
        "netIncomeRatio": 0.013882003,
        "eps": 0.17,
        "epsdiluted": 0.16,
        "weightedAverageShsOut": 165694221,
        "weightedAverageShsOutDil": 171526145,
        "link": "https://www.sec.gov/Archives/edgar/data/1219601/000121960105000091/0001219601-05-000091-index.htm",
        "finalLink": "https://www.sec.gov/Archives/edgar/data/1219601/000121960105000091/f10qa-jun05.htm"
    },
    {
        "date": "2005-03-31",
        "symbol": "CCK",
        "reportedCurrency": "USD",
        "cik": "0001219601",
        "fillingDate": "2005-05-04",
        "acceptedDate": "2005-05-04 15:17:31",
        "calendarYear": "2005",
        "period": "Q1",
        "revenue": 1703000000,
        "costOfRevenue": 1424000000,
        "grossProfit": 279000000,
        "grossProfitRatio": 0.1638285379,
        "researchAndDevelopmentExpenses": 0,
        "generalAndAdministrativeExpenses": 96000000,
        "sellingAndMarketingExpenses": 0,
        "sellingGeneralAndAdministrativeExpenses": 96000000,
        "otherExpenses": 72000000,
        "operatingExpenses": 168000000,
        "costAndExpenses": 1592000000,
        "interestIncome": 0,
        "interestExpense": 0,
        "depreciationAndAmortization": 72000000,
        "ebitda": 159000000,
        "ebitdaratio": 0.0933646506,
        "operatingIncome": 39000000,
        "operatingIncomeRatio": 0.0229007634,
        "totalOtherIncomeExpensesNet": -43000000,
        "incomeBeforeTax": -6000000,
        "incomeBeforeTaxRatio": -0.0035231944,
        "incomeTaxExpense": 146000000,
        "netIncome": -10000000,
        "netIncomeRatio": -0.0058719906,
        "eps": -0.0603,
        "epsdiluted": -0.0582,
        "weightedAverageShsOut": 165819217,
        "weightedAverageShsOutDil": 171863163,
        "link": "https://www.sec.gov/Archives/edgar/data/1219601/000121960105000075/0001219601-05-000075-index.htm",
        "finalLink": "https://www.sec.gov/Archives/edgar/data/1219601/000121960105000075/f10q-mar05.htm"
    },
    {
        "date": "2004-12-31",
        "symbol": "CCK",
        "reportedCurrency": "USD",
        "cik": "0001219601",
        "fillingDate": "2005-03-11",
        "acceptedDate": "2005-03-11 14:06:30",
        "calendarYear": "2004",
        "period": "Q4",
        "revenue": 1748000000,
        "costOfRevenue": 1480000000,
        "grossProfit": 268000000,
        "grossProfitRatio": 0.1533180778,
        "researchAndDevelopmentExpenses": 0,
        "generalAndAdministrativeExpenses": 94000000,
        "sellingAndMarketingExpenses": 0,
        "sellingGeneralAndAdministrativeExpenses": 94000000,
        "otherExpenses": 78000000,
        "operatingExpenses": 172000000,
        "costAndExpenses": 1652000000,
        "interestIncome": 0,
        "interestExpense": 96000000,
        "depreciationAndAmortization": 78000000,
        "ebitda": 174000000,
        "ebitdaratio": 0.0995423341,
        "operatingIncome": 12000000,
        "operatingIncomeRatio": 0.0068649886,
        "totalOtherIncomeExpensesNet": -31000000,
        "incomeBeforeTax": -19000000,
        "incomeBeforeTaxRatio": -0.0108695652,
        "incomeTaxExpense": 26000000,
        "netIncome": -27000000,
        "netIncomeRatio": -0.0154462243,
        "eps": -0.16,
        "epsdiluted": -0.16,
        "weightedAverageShsOut": 165184807,
        "weightedAverageShsOutDil": 165819217,
        "link": "https://www.sec.gov/Archives/edgar/data/1219601/000121960105000069/0001219601-05-000069-index.htm",
        "finalLink": "https://www.sec.gov/Archives/edgar/data/1219601/000121960105000069/f10k2004.htm"
    },
    {
        "date": "2004-09-30",
        "symbol": "CCK",
        "reportedCurrency": "USD",
        "cik": "0001219601",
        "fillingDate": "2004-11-05",
        "acceptedDate": "2004-11-05 12:48:53",
        "calendarYear": "2004",
        "period": "Q3",
        "revenue": 1992000000,
        "costOfRevenue": 1642000000,
        "grossProfit": 350000000,
        "grossProfitRatio": 0.1757028112,
        "researchAndDevelopmentExpenses": 0,
        "generalAndAdministrativeExpenses": 87000000,
        "sellingAndMarketingExpenses": 0,
        "sellingGeneralAndAdministrativeExpenses": 87000000,
        "otherExpenses": 77000000,
        "operatingExpenses": 164000000,
        "costAndExpenses": 1806000000,
        "interestIncome": 2000000,
        "interestExpense": 96000000,
        "depreciationAndAmortization": 77000000,
        "ebitda": 239000000,
        "ebitdaratio": 0.1199799197,
        "operatingIncome": 108000000,
        "operatingIncomeRatio": 0.0542168675,
        "totalOtherIncomeExpensesNet": -22000000,
        "incomeBeforeTax": 97000000,
        "incomeBeforeTaxRatio": 0.0486947791,
        "incomeTaxExpense": 32000000,
        "netIncome": 58000000,
        "netIncomeRatio": 0.0291164659,
        "eps": 0.35,
        "epsdiluted": 0.35,
        "weightedAverageShsOut": 165310712,
        "weightedAverageShsOutDil": 168000750,
        "link": "https://www.sec.gov/Archives/edgar/data/1219601/000121960104000206/0001219601-04-000206-index.htm",
        "finalLink": "https://www.sec.gov/Archives/edgar/data/1219601/000121960104000206/f10q04-sep.htm"
    },
    {
        "date": "2004-06-30",
        "symbol": "CCK",
        "reportedCurrency": "USD",
        "cik": "0001219601",
        "fillingDate": "2004-08-03",
        "acceptedDate": "2004-08-02 19:20:49",
        "calendarYear": "2004",
        "period": "Q2",
        "revenue": 1836000000,
        "costOfRevenue": 1504000000,
        "grossProfit": 332000000,
        "grossProfitRatio": 0.1808278867,
        "researchAndDevelopmentExpenses": 0,
        "generalAndAdministrativeExpenses": 90000000,
        "sellingAndMarketingExpenses": 0,
        "sellingGeneralAndAdministrativeExpenses": 90000000,
        "otherExpenses": 76000000,
        "operatingExpenses": 166000000,
        "costAndExpenses": 1670000000,
        "interestIncome": 0,
        "interestExpense": 0,
        "depreciationAndAmortization": 76000000,
        "ebitda": 242000000,
        "ebitdaratio": 0.1318082789,
        "operatingIncome": 90000000,
        "operatingIncomeRatio": 0.0490196078,
        "totalOtherIncomeExpensesNet": -35000000,
        "incomeBeforeTax": 55000000,
        "incomeBeforeTaxRatio": 0.029956427,
        "incomeTaxExpense": 16000000,
        "netIncome": 33000000,
        "netIncomeRatio": 0.0179738562,
        "eps": 0.2,
        "epsdiluted": 0.2,
        "weightedAverageShsOut": 165165133,
        "weightedAverageShsOutDil": 167343493,
        "link": "https://www.sec.gov/Archives/edgar/data/1219601/000121960104000178/0001219601-04-000178-index.htm",
        "finalLink": "https://www.sec.gov/Archives/edgar/data/1219601/000121960104000178/f10q04jun.htm"
    },
    {
        "date": "2004-03-31",
        "symbol": "CCK",
        "reportedCurrency": "USD",
        "cik": "0001219601",
        "fillingDate": "2004-05-07",
        "acceptedDate": "2004-05-07 11:14:23",
        "calendarYear": "2004",
        "period": "Q1",
        "revenue": 1623000000,
        "costOfRevenue": 1363000000,
        "grossProfit": 260000000,
        "grossProfitRatio": 0.1601971657,
        "researchAndDevelopmentExpenses": 0,
        "generalAndAdministrativeExpenses": 92000000,
        "sellingAndMarketingExpenses": 0,
        "sellingGeneralAndAdministrativeExpenses": 92000000,
        "otherExpenses": 77000000,
        "operatingExpenses": 169000000,
        "costAndExpenses": 1532000000,
        "interestIncome": 0,
        "interestExpense": 109000000,
        "depreciationAndAmortization": 77000000,
        "ebitda": 170000000,
        "ebitdaratio": 0.1047443007,
        "operatingIncome": 14000000,
        "operatingIncomeRatio": 0.0086260012,
        "totalOtherIncomeExpensesNet": -19000000,
        "incomeBeforeTax": -5000000,
        "incomeBeforeTaxRatio": -0.0030807147,
        "incomeTaxExpense": 8000000,
        "netIncome": -18000000,
        "netIncomeRatio": -0.011090573,
        "eps": -0.11,
        "epsdiluted": -0.11,
        "weightedAverageShsOut": 165075996,
        "weightedAverageShsOutDil": 165075996,
        "link": "https://www.sec.gov/Archives/edgar/data/1219601/000121960104000145/0001219601-04-000145-index.htm",
        "finalLink": "https://www.sec.gov/Archives/edgar/data/1219601/000121960104000145/f10q-mar04.htm"
    },
    {
        "date": "2003-12-31",
        "symbol": "CCK",
        "reportedCurrency": "USD",
        "cik": "0001219601",
        "fillingDate": "2004-03-12",
        "acceptedDate": "2004-03-11 18:34:24",
        "calendarYear": "2003",
        "period": "Q4",
        "revenue": 1591000000,
        "costOfRevenue": 1354000000,
        "grossProfit": 237000000,
        "grossProfitRatio": 0.1489629164,
        "researchAndDevelopmentExpenses": 0,
        "generalAndAdministrativeExpenses": 95000000,
        "sellingAndMarketingExpenses": 0,
        "sellingGeneralAndAdministrativeExpenses": 95000000,
        "otherExpenses": 79000000,
        "operatingExpenses": 174000000,
        "costAndExpenses": 1528000000,
        "interestIncome": 0,
        "interestExpense": 109000000,
        "depreciationAndAmortization": 79000000,
        "ebitda": 142000000,
        "ebitdaratio": 0.0892520427,
        "operatingIncome": 294000000,
        "operatingIncomeRatio": 0.1847894406,
        "totalOtherIncomeExpensesNet": -337000000,
        "incomeBeforeTax": -43000000,
        "incomeBeforeTaxRatio": -0.027027027,
        "incomeTaxExpense": 11000000,
        "netIncome": -54000000,
        "netIncomeRatio": -0.0339409177,
        "eps": -0.33,
        "epsdiluted": -0.33,
        "weightedAverageShsOut": 164569322,
        "weightedAverageShsOutDil": 165075996,
        "link": "https://www.sec.gov/Archives/edgar/data/1219601/000095015904000274/0000950159-04-000274-index.htm",
        "finalLink": "https://www.sec.gov/Archives/edgar/data/1219601/000095015904000274/ccs10k2003.htm"
    },
    {
        "date": "2003-09-30",
        "symbol": "CCK",
        "reportedCurrency": "USD",
        "cik": "0001219601",
        "fillingDate": "2003-11-07",
        "acceptedDate": "2003-11-07 15:43:54",
        "calendarYear": "2003",
        "period": "Q3",
        "revenue": 1853000000,
        "costOfRevenue": 1529000000,
        "grossProfit": 324000000,
        "grossProfitRatio": 0.174851592,
        "researchAndDevelopmentExpenses": 0,
        "generalAndAdministrativeExpenses": 80000000,
        "sellingAndMarketingExpenses": 0,
        "sellingGeneralAndAdministrativeExpenses": 80000000,
        "otherExpenses": 84000000,
        "operatingExpenses": 164000000,
        "costAndExpenses": 1693000000,
        "interestIncome": 2000000,
        "interestExpense": 110000000,
        "depreciationAndAmortization": 84000000,
        "ebitda": 244000000,
        "ebitdaratio": 0.1316783594,
        "operatingIncome": 73000000,
        "operatingIncomeRatio": 0.0393955747,
        "totalOtherIncomeExpensesNet": -22000000,
        "incomeBeforeTax": 51000000,
        "incomeBeforeTaxRatio": 0.0275229358,
        "incomeTaxExpense": 45000000,
        "netIncome": 6000000,
        "netIncomeRatio": 0.0032379924,
        "eps": 0.04,
        "epsdiluted": 0.04,
        "weightedAverageShsOut": 164942505,
        "weightedAverageShsOutDil": 166182474,
        "link": "https://www.sec.gov/Archives/edgar/data/1219601/000121960103000088/0001219601-03-000088-index.htm",
        "finalLink": "https://www.sec.gov/Archives/edgar/data/1219601/000121960103000088/f10q03-sep.htm"
    },
    {
        "date": "2003-06-30",
        "symbol": "CCK",
        "reportedCurrency": "USD",
        "cik": "0001219601",
        "fillingDate": "2003-08-08",
        "acceptedDate": "2003-08-08 15:19:48",
        "calendarYear": "2003",
        "period": "Q2",
        "revenue": 1726000000,
        "costOfRevenue": 1422000000,
        "grossProfit": 304000000,
        "grossProfitRatio": 0.1761297798,
        "researchAndDevelopmentExpenses": 0,
        "generalAndAdministrativeExpenses": 81000000,
        "sellingAndMarketingExpenses": 0,
        "sellingGeneralAndAdministrativeExpenses": 81000000,
        "otherExpenses": 85000000,
        "operatingExpenses": 166000000,
        "costAndExpenses": 1588000000,
        "interestIncome": 0,
        "interestExpense": 0,
        "depreciationAndAmortization": 85000000,
        "ebitda": 223000000,
        "ebitdaratio": 0.1292004635,
        "operatingIncome": 138000000,
        "operatingIncomeRatio": 0.0799536501,
        "totalOtherIncomeExpensesNet": -37000000,
        "incomeBeforeTax": 101000000,
        "incomeBeforeTaxRatio": 0.0585168019,
        "incomeTaxExpense": 20000000,
        "netIncome": 72000000,
        "netIncomeRatio": 0.0417149479,
        "eps": 0.44,
        "epsdiluted": 0.43,
        "weightedAverageShsOut": 164910274,
        "weightedAverageShsOutDil": 165843258,
        "link": "https://www.sec.gov/Archives/edgar/data/1219601/000121960103000053/0001219601-03-000053-index.htm",
        "finalLink": "https://www.sec.gov/Archives/edgar/data/1219601/000121960103000053/f10q03-jun.htm"
    },
    {
        "date": "2003-03-31",
        "symbol": "CCK",
        "reportedCurrency": "USD",
        "cik": "0001219601",
        "fillingDate": "2003-05-15",
        "acceptedDate": "2003-05-15 16:45:37",
        "calendarYear": "2003",
        "period": "Q1",
        "revenue": 1460000000,
        "costOfRevenue": 1234000000,
        "grossProfit": 226000000,
        "grossProfitRatio": 0.1547945205,
        "researchAndDevelopmentExpenses": 0,
        "generalAndAdministrativeExpenses": 81000000,
        "sellingAndMarketingExpenses": 0,
        "sellingGeneralAndAdministrativeExpenses": 81000000,
        "otherExpenses": 78000000,
        "operatingExpenses": 159000000,
        "costAndExpenses": 1393000000,
        "interestIncome": 0,
        "interestExpense": 0,
        "depreciationAndAmortization": 78000000,
        "ebitda": 145000000,
        "ebitdaratio": 0.0993150685,
        "operatingIncome": 67000000,
        "operatingIncomeRatio": 0.045890411,
        "totalOtherIncomeExpensesNet": -82000000,
        "incomeBeforeTax": -15000000,
        "incomeBeforeTaxRatio": -0.0102739726,
        "incomeTaxExpense": 19000000,
        "netIncome": -34000000,
        "netIncomeRatio": -0.0232876712,
        "eps": -0.21,
        "epsdiluted": -0.21,
        "weightedAverageShsOut": 163840000,
        "weightedAverageShsOutDil": 163840000,
        "link": "https://www.sec.gov/Archives/edgar/data/1219601/000121960103000009/0001219601-03-000009-index.htm",
        "finalLink": "https://www.sec.gov/Archives/edgar/data/1219601/000121960103000009/f10q-mar03.htm"
    },
    {
        "date": "2002-12-31",
        "symbol": "CCK",
        "reportedCurrency": "USD",
        "cik": "0001219601",
        "fillingDate": "2003-03-31",
        "acceptedDate": "2003-03-31 14:30:41",
        "calendarYear": "2002",
        "period": "Q4",
        "revenue": 1544000000,
        "costOfRevenue": 1313000000,
        "grossProfit": 231000000,
        "grossProfitRatio": 0.149611399,
        "researchAndDevelopmentExpenses": 0,
        "generalAndAdministrativeExpenses": 233000000,
        "sellingAndMarketingExpenses": -149000000,
        "sellingGeneralAndAdministrativeExpenses": 84000000,
        "otherExpenses": 90000000,
        "operatingExpenses": 174000000,
        "costAndExpenses": 1487000000,
        "interestIncome": 0,
        "interestExpense": 589000000,
        "depreciationAndAmortization": 90000000,
        "ebitda": 147000000,
        "ebitdaratio": 0.0952072539,
        "operatingIncome": 41000000,
        "operatingIncomeRatio": 0.0265544041,
        "totalOtherIncomeExpensesNet": -304000000,
        "incomeBeforeTax": -263000000,
        "incomeBeforeTaxRatio": -0.1703367876,
        "incomeTaxExpense": -19000000,
        "netIncome": -272000000,
        "netIncomeRatio": -0.1761658031,
        "eps": -1.72,
        "epsdiluted": -1.72,
        "weightedAverageShsOut": 158436064,
        "weightedAverageShsOutDil": 158436064,
        "link": "https://www.sec.gov/Archives/edgar/data/1219601/000095015903000282/0000950159-03-000282-index.htm",
        "finalLink": "https://www.sec.gov/Archives/edgar/data/1219601/000095015903000282/ccs2002k.htm"
    },
    {
        "date": "2002-09-30",
        "symbol": "CCK",
        "reportedCurrency": "USD",
        "cik": "0001219601",
        "fillingDate": "2002-09-30",
        "acceptedDate": "2002-09-30 00:00:00",
        "calendarYear": "2002",
        "period": "Q3",
        "revenue": 1892000000,
        "costOfRevenue": 1546000000,
        "grossProfit": 346000000,
        "grossProfitRatio": 0.1828752643,
        "researchAndDevelopmentExpenses": 0,
        "generalAndAdministrativeExpenses": 81000000,
        "sellingAndMarketingExpenses": 0,
        "sellingGeneralAndAdministrativeExpenses": 81000000,
        "otherExpenses": 100000000,
        "operatingExpenses": 181000000,
        "costAndExpenses": 1727000000,
        "interestIncome": 0,
        "interestExpense": 101000000,
        "depreciationAndAmortization": 100000000,
        "ebitda": 265000000,
        "ebitdaratio": 0.1400634249,
        "operatingIncome": 164000000,
        "operatingIncomeRatio": 0.0866807611,
        "totalOtherIncomeExpensesNet": -93000000,
        "incomeBeforeTax": 71000000,
        "incomeBeforeTaxRatio": 0.0375264271,
        "incomeTaxExpense": 3000000,
        "netIncome": 71000000,
        "netIncomeRatio": 0.0375264271,
        "eps": 0.45,
        "epsdiluted": 0.45,
        "weightedAverageShsOut": 158436064,
        "weightedAverageShsOutDil": 159050051,
        "link": null,
        "finalLink": null
    },
    {
        "date": "2002-06-30",
        "symbol": "CCK",
        "reportedCurrency": "USD",
        "cik": "0001219601",
        "fillingDate": "2002-06-30",
        "acceptedDate": "2002-06-30 00:00:00",
        "calendarYear": "2002",
        "period": "Q2",
        "revenue": 1789000000,
        "costOfRevenue": 1455000000,
        "grossProfit": 334000000,
        "grossProfitRatio": 0.1866964785,
        "researchAndDevelopmentExpenses": 0,
        "generalAndAdministrativeExpenses": 76000000,
        "sellingAndMarketingExpenses": 0,
        "sellingGeneralAndAdministrativeExpenses": 76000000,
        "otherExpenses": 94000000,
        "operatingExpenses": 170000000,
        "costAndExpenses": 1625000000,
        "interestIncome": 0,
        "interestExpense": 83000000,
        "depreciationAndAmortization": 94000000,
        "ebitda": 258000000,
        "ebitdaratio": 0.1442146451,
        "operatingIncome": 164000000,
        "operatingIncomeRatio": 0.0916713248,
        "totalOtherIncomeExpensesNet": -99000000,
        "incomeBeforeTax": 65000000,
        "incomeBeforeTaxRatio": 0.036333147,
        "incomeTaxExpense": 26000000,
        "netIncome": 64000000,
        "netIncomeRatio": 0.0357741755,
        "eps": 0.49,
        "epsdiluted": 0.48,
        "weightedAverageShsOut": 131160900,
        "weightedAverageShsOutDil": 133238280,
        "link": null,
        "finalLink": null
    },
    {
        "date": "2002-03-31",
        "symbol": "CCK",
        "reportedCurrency": "USD",
        "cik": "0001219601",
        "fillingDate": "2002-03-31",
        "acceptedDate": "2002-03-31 00:00:00",
        "calendarYear": "2002",
        "period": "Q1",
        "revenue": 1567000000,
        "costOfRevenue": 1305000000,
        "grossProfit": 262000000,
        "grossProfitRatio": 0.1671984684,
        "researchAndDevelopmentExpenses": 0,
        "generalAndAdministrativeExpenses": 76000000,
        "sellingAndMarketingExpenses": 0,
        "sellingGeneralAndAdministrativeExpenses": 76000000,
        "otherExpenses": 91000000,
        "operatingExpenses": 167000000,
        "costAndExpenses": 1472000000,
        "interestIncome": 0,
        "interestExpense": 164000000,
        "depreciationAndAmortization": 91000000,
        "ebitda": 186000000,
        "ebitdaratio": 0.1186981493,
        "operatingIncome": 93000000,
        "operatingIncomeRatio": 0.0593490747,
        "totalOtherIncomeExpensesNet": -127000000,
        "incomeBeforeTax": -34000000,
        "incomeBeforeTaxRatio": -0.0216975112,
        "incomeTaxExpense": 20000000,
        "netIncome": -54000000,
        "netIncomeRatio": -0.034460753,
        "eps": -0.43,
        "epsdiluted": -0.43,
        "weightedAverageShsOut": 125731235,
        "weightedAverageShsOutDil": 125731235,
        "link": null,
        "finalLink": null
    },
    {
        "date": "2001-12-31",
        "symbol": "CCK",
        "reportedCurrency": "USD",
        "cik": "0001219601",
        "fillingDate": "2001-12-31",
        "acceptedDate": "2001-12-31 00:00:00",
        "calendarYear": "2001",
        "period": "Q4",
        "revenue": 1666000000,
        "costOfRevenue": 1458000000,
        "grossProfit": 208000000,
        "grossProfitRatio": 0.12484994,
        "researchAndDevelopmentExpenses": 0,
        "generalAndAdministrativeExpenses": 0,
        "sellingAndMarketingExpenses": 0,
        "sellingGeneralAndAdministrativeExpenses": 75000000,
        "otherExpenses": 124000000,
        "operatingExpenses": 199000000,
        "costAndExpenses": 1657000000,
        "interestIncome": 0,
        "interestExpense": 717000000,
        "depreciationAndAmortization": 124000000,
        "ebitda": 133000000,
        "ebitdaratio": 0.0798319328,
        "operatingIncome": -39000000,
        "operatingIncomeRatio": -0.0234093637,
        "totalOtherIncomeExpensesNet": -365000000,
        "incomeBeforeTax": -404000000,
        "incomeBeforeTaxRatio": -0.2424969988,
        "incomeTaxExpense": 518000000,
        "netIncome": -918000000,
        "netIncomeRatio": -0.5510204082,
        "eps": -7.32,
        "epsdiluted": -7.31,
        "weightedAverageShsOut": 125486678,
        "weightedAverageShsOutDil": 125653337,
        "link": null,
        "finalLink": null
    },
    {
        "date": "2001-09-30",
        "symbol": "CCK",
        "reportedCurrency": "USD",
        "cik": "0001219601",
        "fillingDate": "2001-09-30",
        "acceptedDate": "2001-09-30 00:00:00",
        "calendarYear": "2001",
        "period": "Q3",
        "revenue": 1985000000,
        "costOfRevenue": 1667000000,
        "grossProfit": 318000000,
        "grossProfitRatio": 0.1602015113,
        "researchAndDevelopmentExpenses": 0,
        "generalAndAdministrativeExpenses": 79000000,
        "sellingAndMarketingExpenses": 0,
        "sellingGeneralAndAdministrativeExpenses": 79000000,
        "otherExpenses": 127000000,
        "operatingExpenses": 206000000,
        "costAndExpenses": 1873000000,
        "interestIncome": 0,
        "interestExpense": 121000000,
        "depreciationAndAmortization": 127000000,
        "ebitda": 239000000,
        "ebitdaratio": 0.1204030227,
        "operatingIncome": 112000000,
        "operatingIncomeRatio": 0.0564231738,
        "totalOtherIncomeExpensesNet": -116000000,
        "incomeBeforeTax": -4000000,
        "incomeBeforeTaxRatio": -0.0020151134,
        "incomeTaxExpense": 7000000,
        "netIncome": -13000000,
        "netIncomeRatio": -0.0065491184,
        "eps": -0.1,
        "epsdiluted": -0.1,
        "weightedAverageShsOut": 125653337,
        "weightedAverageShsOutDil": 125653337,
        "link": null,
        "finalLink": null
    },
    {
        "date": "2001-06-30",
        "symbol": "CCK",
        "reportedCurrency": "USD",
        "cik": "0001219601",
        "fillingDate": "2001-06-30",
        "acceptedDate": "2001-06-30 00:00:00",
        "calendarYear": "2001",
        "period": "Q2",
        "revenue": 1878000000,
        "costOfRevenue": 1543000000,
        "grossProfit": 335000000,
        "grossProfitRatio": 0.1783812567,
        "researchAndDevelopmentExpenses": 0,
        "generalAndAdministrativeExpenses": 70000000,
        "sellingAndMarketingExpenses": 0,
        "sellingGeneralAndAdministrativeExpenses": 70000000,
        "otherExpenses": 124000000,
        "operatingExpenses": 194000000,
        "costAndExpenses": 1737000000,
        "interestIncome": 0,
        "interestExpense": 127000000,
        "depreciationAndAmortization": 124000000,
        "ebitda": 265000000,
        "ebitdaratio": 0.1411075612,
        "operatingIncome": 141000000,
        "operatingIncomeRatio": 0.0750798722,
        "totalOtherIncomeExpensesNet": -120000000,
        "incomeBeforeTax": 21000000,
        "incomeBeforeTaxRatio": 0.0111821086,
        "incomeTaxExpense": 14000000,
        "netIncome": 5000000,
        "netIncomeRatio": 0.0026624068,
        "eps": 0.04,
        "epsdiluted": 0.04,
        "weightedAverageShsOut": 125635607,
        "weightedAverageShsOutDil": 125635607,
        "link": null,
        "finalLink": null
    },
    {
        "date": "2001-03-31",
        "symbol": "CCK",
        "reportedCurrency": "USD",
        "cik": "0001219601",
        "fillingDate": "2001-03-31",
        "acceptedDate": "2001-03-31 00:00:00",
        "calendarYear": "2001",
        "period": "Q1",
        "revenue": 1658000000,
        "costOfRevenue": 1395000000,
        "grossProfit": 263000000,
        "grossProfitRatio": 0.1586248492,
        "researchAndDevelopmentExpenses": 0,
        "generalAndAdministrativeExpenses": 86000000,
        "sellingAndMarketingExpenses": 0,
        "sellingGeneralAndAdministrativeExpenses": 86000000,
        "otherExpenses": 124000000,
        "operatingExpenses": 210000000,
        "costAndExpenses": 1605000000,
        "interestIncome": 0,
        "interestExpense": 115000000,
        "depreciationAndAmortization": 124000000,
        "ebitda": 177000000,
        "ebitdaratio": 0.1067551267,
        "operatingIncome": 51000000,
        "operatingIncomeRatio": 0.0307599517,
        "totalOtherIncomeExpensesNet": -112000000,
        "incomeBeforeTax": -61000000,
        "incomeBeforeTaxRatio": -0.0367913148,
        "incomeTaxExpense": -11000000,
        "netIncome": -46000000,
        "netIncomeRatio": -0.0277442702,
        "eps": -0.37,
        "epsdiluted": -0.37,
        "weightedAverageShsOut": 125624056,
        "weightedAverageShsOutDil": 125624056,
        "link": null,
        "finalLink": null
    },
    {
        "date": "2000-12-31",
        "symbol": "CCK",
        "reportedCurrency": "USD",
        "cik": "0001219601",
        "fillingDate": "2000-12-31",
        "acceptedDate": "2000-12-31 00:00:00",
        "calendarYear": "2000",
        "period": "Q4",
        "revenue": 1819000000,
        "costOfRevenue": 1615000000,
        "grossProfit": 204000000,
        "grossProfitRatio": 0.1121495327,
        "researchAndDevelopmentExpenses": 0,
        "generalAndAdministrativeExpenses": 0,
        "sellingAndMarketingExpenses": 0,
        "sellingGeneralAndAdministrativeExpenses": 74000000,
        "otherExpenses": 117000000,
        "operatingExpenses": 191000000,
        "costAndExpenses": 1806000000,
        "interestIncome": 0,
        "interestExpense": 619000000,
        "depreciationAndAmortization": 117000000,
        "ebitda": 130000000,
        "ebitdaratio": 0.0714678395,
        "operatingIncome": 13000000,
        "operatingIncomeRatio": 0.0071467839,
        "totalOtherIncomeExpensesNet": -358000000,
        "incomeBeforeTax": -345000000,
        "incomeBeforeTaxRatio": -0.1896646509,
        "incomeTaxExpense": -108000000,
        "netIncome": -237000000,
        "netIncomeRatio": -0.1302913689,
        "eps": -1.89,
        "epsdiluted": -1.88,
        "weightedAverageShsOut": 125687385,
        "weightedAverageShsOutDil": 125788021,
        "link": null,
        "finalLink": null
    },
    {
        "date": "2000-09-30",
        "symbol": "CCK",
        "reportedCurrency": "USD",
        "cik": "0001219601",
        "fillingDate": "2000-09-30",
        "acceptedDate": "2000-09-30 00:00:00",
        "calendarYear": "2000",
        "period": "Q3",
        "revenue": 1954000000,
        "costOfRevenue": 1581000000,
        "grossProfit": 373000000,
        "grossProfitRatio": 0.1908904811,
        "researchAndDevelopmentExpenses": 0,
        "generalAndAdministrativeExpenses": 77000000,
        "sellingAndMarketingExpenses": 0,
        "sellingGeneralAndAdministrativeExpenses": 77000000,
        "otherExpenses": 125000000,
        "operatingExpenses": 202000000,
        "costAndExpenses": 1783000000,
        "interestIncome": 0,
        "interestExpense": 106000000,
        "depreciationAndAmortization": 125000000,
        "ebitda": 296000000,
        "ebitdaratio": 0.1514841351,
        "operatingIncome": 171000000,
        "operatingIncomeRatio": 0.0875127943,
        "totalOtherIncomeExpensesNet": -104000000,
        "incomeBeforeTax": 67000000,
        "incomeBeforeTaxRatio": 0.0342886387,
        "incomeTaxExpense": 23000000,
        "netIncome": 44000000,
        "netIncomeRatio": 0.022517912,
        "eps": 0.35,
        "epsdiluted": 0.35,
        "weightedAverageShsOut": 125788021,
        "weightedAverageShsOutDil": 125788021,
        "link": null,
        "finalLink": null
    },
    {
        "date": "2000-06-30",
        "symbol": "CCK",
        "reportedCurrency": "USD",
        "cik": "0001219601",
        "fillingDate": "2000-06-30",
        "acceptedDate": "2000-06-30 00:00:00",
        "calendarYear": "2000",
        "period": "Q2",
        "revenue": 1876000000,
        "costOfRevenue": 1493000000,
        "grossProfit": 383000000,
        "grossProfitRatio": 0.2041577825,
        "researchAndDevelopmentExpenses": 0,
        "generalAndAdministrativeExpenses": 78000000,
        "sellingAndMarketingExpenses": 0,
        "sellingGeneralAndAdministrativeExpenses": 78000000,
        "otherExpenses": 125000000,
        "operatingExpenses": 203000000,
        "costAndExpenses": 1696000000,
        "interestIncome": 0,
        "interestExpense": 255000000,
        "depreciationAndAmortization": 125000000,
        "ebitda": 305000000,
        "ebitdaratio": 0.1625799574,
        "operatingIncome": 180000000,
        "operatingIncomeRatio": 0.0959488273,
        "totalOtherIncomeExpensesNet": -176000000,
        "incomeBeforeTax": 4000000,
        "incomeBeforeTaxRatio": 0.0021321962,
        "incomeTaxExpense": 8000000,
        "netIncome": -4000000,
        "netIncomeRatio": -0.0021321962,
        "eps": -0.0314,
        "epsdiluted": -0.0314,
        "weightedAverageShsOut": 127433082,
        "weightedAverageShsOutDil": 127433082,
        "link": null,
        "finalLink": null
    },
    {
        "date": "2000-03-31",
        "symbol": "CCK",
        "reportedCurrency": "USD",
        "cik": "0001219601",
        "fillingDate": "2000-03-31",
        "acceptedDate": "2000-03-31 00:00:00",
        "calendarYear": "2000",
        "period": "Q1",
        "revenue": 1640000000,
        "costOfRevenue": 1293000000,
        "grossProfit": 347000000,
        "grossProfitRatio": 0.2115853659,
        "researchAndDevelopmentExpenses": 0,
        "generalAndAdministrativeExpenses": 85000000,
        "sellingAndMarketingExpenses": 0,
        "sellingGeneralAndAdministrativeExpenses": 85000000,
        "otherExpenses": 128000000,
        "operatingExpenses": 213000000,
        "costAndExpenses": 1506000000,
        "interestIncome": 0,
        "interestExpense": 92000000,
        "depreciationAndAmortization": 128000000,
        "ebitda": 262000000,
        "ebitdaratio": 0.1597560976,
        "operatingIncome": 134000000,
        "operatingIncomeRatio": 0.0817073171,
        "totalOtherIncomeExpensesNet": -92000000,
        "incomeBeforeTax": 42000000,
        "incomeBeforeTaxRatio": 0.0256097561,
        "incomeTaxExpense": 19000000,
        "netIncome": 21000000,
        "netIncomeRatio": 0.012804878,
        "eps": 0.17,
        "epsdiluted": 0.17,
        "weightedAverageShsOut": 123870438,
        "weightedAverageShsOutDil": 128569627,
        "link": null,
        "finalLink": null
    },
    {
        "date": "1999-12-31",
        "symbol": "CCK",
        "reportedCurrency": "USD",
        "cik": "0001219601",
        "fillingDate": "1999-12-31",
        "acceptedDate": "1999-12-31 00:00:00",
        "calendarYear": "1999",
        "period": "Q4",
        "revenue": 1801000000,
        "costOfRevenue": 1440200000,
        "grossProfit": 360800000,
        "grossProfitRatio": 0.2003331483,
        "researchAndDevelopmentExpenses": 0,
        "generalAndAdministrativeExpenses": 0,
        "sellingAndMarketingExpenses": 0,
        "sellingGeneralAndAdministrativeExpenses": 80700000,
        "otherExpenses": 126000000,
        "operatingExpenses": 206700000,
        "costAndExpenses": 1646900000,
        "interestIncome": 0,
        "interestExpense": 419100000,
        "depreciationAndAmortization": 126000000,
        "ebitda": 280100000,
        "ebitdaratio": 0.1555247085,
        "operatingIncome": 154100000,
        "operatingIncomeRatio": 0.0855635758,
        "totalOtherIncomeExpensesNet": -255700000,
        "incomeBeforeTax": -101600000,
        "incomeBeforeTaxRatio": -0.0564131038,
        "incomeTaxExpense": -35500000,
        "netIncome": -66100000,
        "netIncomeRatio": -0.0367018323,
        "eps": -0.55,
        "epsdiluted": -0.54,
        "weightedAverageShsOut": 121226640,
        "weightedAverageShsOutDil": 122580645,
        "link": null,
        "finalLink": null
    },
    {
        "date": "1999-09-30",
        "symbol": "CCK",
        "reportedCurrency": "USD",
        "cik": "0001219601",
        "fillingDate": "1999-09-30",
        "acceptedDate": "1999-09-30 00:00:00",
        "calendarYear": "1999",
        "period": "Q3",
        "revenue": 2140000000,
        "costOfRevenue": 1672800000,
        "grossProfit": 467200000,
        "grossProfitRatio": 0.218317757,
        "researchAndDevelopmentExpenses": 0,
        "generalAndAdministrativeExpenses": 85300000,
        "sellingAndMarketingExpenses": 0,
        "sellingGeneralAndAdministrativeExpenses": 85300000,
        "otherExpenses": 132000000,
        "operatingExpenses": 217300000,
        "costAndExpenses": 1890100000,
        "interestIncome": 0,
        "interestExpense": 56200000,
        "depreciationAndAmortization": 132000000,
        "ebitda": 382000000,
        "ebitdaratio": 0.1785046729,
        "operatingIncome": 249900000,
        "operatingIncomeRatio": 0.1167757009,
        "totalOtherIncomeExpensesNet": -75000000,
        "incomeBeforeTax": 175100000,
        "incomeBeforeTaxRatio": 0.0818224299,
        "incomeTaxExpense": 57100000,
        "netIncome": 114000000,
        "netIncomeRatio": 0.053271028,
        "eps": 0.93,
        "epsdiluted": 0.91,
        "weightedAverageShsOut": 122332141,
        "weightedAverageShsOutDil": 129963348,
        "link": null,
        "finalLink": null
    },
    {
        "date": "1999-06-30",
        "symbol": "CCK",
        "reportedCurrency": "USD",
        "cik": "0001219601",
        "fillingDate": "1999-06-30",
        "acceptedDate": "1999-06-30 00:00:00",
        "calendarYear": "1999",
        "period": "Q2",
        "revenue": 1997400000,
        "costOfRevenue": 1529000000,
        "grossProfit": 468400000,
        "grossProfitRatio": 0.2345048563,
        "researchAndDevelopmentExpenses": 0,
        "generalAndAdministrativeExpenses": 91000000,
        "sellingAndMarketingExpenses": 0,
        "sellingGeneralAndAdministrativeExpenses": 91000000,
        "otherExpenses": 131000000,
        "operatingExpenses": 222000000,
        "costAndExpenses": 1751000000,
        "interestIncome": 0,
        "interestExpense": 84200000,
        "depreciationAndAmortization": 131000000,
        "ebitda": 377400000,
        "ebitdaratio": 0.1889456293,
        "operatingIncome": 246400000,
        "operatingIncomeRatio": 0.1233603685,
        "totalOtherIncomeExpensesNet": -91800000,
        "incomeBeforeTax": 154600000,
        "incomeBeforeTaxRatio": 0.0774006208,
        "incomeTaxExpense": 55000000,
        "netIncome": 95700000,
        "netIncomeRatio": 0.047912286,
        "eps": 0.78,
        "epsdiluted": 0.77,
        "weightedAverageShsOut": 122692308,
        "weightedAverageShsOutDil": 124285714,
        "link": null,
        "finalLink": null
    },
    {
        "date": "1999-03-31",
        "symbol": "CCK",
        "reportedCurrency": "USD",
        "cik": "0001219601",
        "fillingDate": "1999-03-31",
        "acceptedDate": "1999-03-31 00:00:00",
        "calendarYear": "1999",
        "period": "Q1",
        "revenue": 1793600000,
        "costOfRevenue": 1418000000,
        "grossProfit": 375600000,
        "grossProfitRatio": 0.20941124,
        "researchAndDevelopmentExpenses": 0,
        "generalAndAdministrativeExpenses": 91000000,
        "sellingAndMarketingExpenses": 0,
        "sellingGeneralAndAdministrativeExpenses": 91000000,
        "otherExpenses": 133000000,
        "operatingExpenses": 224000000,
        "costAndExpenses": 1642000000,
        "interestIncome": 0,
        "interestExpense": 92700000,
        "depreciationAndAmortization": 133000000,
        "ebitda": 284600000,
        "ebitdaratio": 0.1586752899,
        "operatingIncome": 151600000,
        "operatingIncomeRatio": 0.0845227475,
        "totalOtherIncomeExpensesNet": -93700000,
        "incomeBeforeTax": 57900000,
        "incomeBeforeTaxRatio": 0.0322814451,
        "incomeTaxExpense": 28400000,
        "netIncome": 25600000,
        "netIncomeRatio": 0.0142729706,
        "eps": 0.21,
        "epsdiluted": 0.21,
        "weightedAverageShsOut": 121904762,
        "weightedAverageShsOutDil": 121904762,
        "link": null,
        "finalLink": null
    },
    {
        "date": "1998-12-31",
        "symbol": "CCK",
        "reportedCurrency": "USD",
        "cik": "0001219601",
        "fillingDate": "1998-12-31",
        "acceptedDate": "1998-12-31 00:00:00",
        "calendarYear": "1998",
        "period": "Q4",
        "revenue": 1871600000,
        "costOfRevenue": 1493900000,
        "grossProfit": 377700000,
        "grossProfitRatio": 0.2018059414,
        "researchAndDevelopmentExpenses": 0,
        "generalAndAdministrativeExpenses": 0,
        "sellingAndMarketingExpenses": 0,
        "sellingGeneralAndAdministrativeExpenses": 415100000,
        "otherExpenses": 126400000,
        "operatingExpenses": 541500000,
        "costAndExpenses": 2035400000,
        "interestIncome": 0,
        "interestExpense": 0,
        "depreciationAndAmortization": 126400000,
        "ebitda": -37400000,
        "ebitdaratio": -0.0199829023,
        "operatingIncome": -163800000,
        "operatingIncomeRatio": -0.0875187006,
        "totalOtherIncomeExpensesNet": 108000000,
        "incomeBeforeTax": -55800000,
        "incomeBeforeTaxRatio": -0.0298140628,
        "incomeTaxExpense": -14500000,
        "netIncome": -41300000,
        "netIncomeRatio": -0.0220666809,
        "eps": -0.33,
        "epsdiluted": -0.33,
        "weightedAverageShsOut": 126000000,
        "weightedAverageShsOutDil": 126000000,
        "link": null,
        "finalLink": null
    },
    {
        "date": "1998-09-30",
        "symbol": "CCK",
        "reportedCurrency": "USD",
        "cik": "0001219601",
        "fillingDate": "1998-09-30",
        "acceptedDate": "1998-09-30 00:00:00",
        "calendarYear": "1998",
        "period": "Q3",
        "revenue": 2291000000,
        "costOfRevenue": 1803700000,
        "grossProfit": 487300000,
        "grossProfitRatio": 0.2127018769,
        "researchAndDevelopmentExpenses": 0,
        "generalAndAdministrativeExpenses": 91100000,
        "sellingAndMarketingExpenses": 0,
        "sellingGeneralAndAdministrativeExpenses": 91100000,
        "otherExpenses": 133900000,
        "operatingExpenses": 225000000,
        "costAndExpenses": 2028700000,
        "interestIncome": 0,
        "interestExpense": 469200000,
        "depreciationAndAmortization": 133900000,
        "ebitda": 396200000,
        "ebitdaratio": 0.1729375818,
        "operatingIncome": 262300000,
        "operatingIncomeRatio": 0.1144914884,
        "totalOtherIncomeExpensesNet": -287200000,
        "incomeBeforeTax": -24900000,
        "incomeBeforeTaxRatio": -0.0108686163,
        "incomeTaxExpense": -3800000,
        "netIncome": -21100000,
        "netIncomeRatio": -0.009209952,
        "eps": -0.17,
        "epsdiluted": -0.17,
        "weightedAverageShsOut": 126000000,
        "weightedAverageShsOutDil": 126000000,
        "link": null,
        "finalLink": null
    },
    {
        "date": "1998-06-30",
        "symbol": "CCK",
        "reportedCurrency": "USD",
        "cik": "0001219601",
        "fillingDate": "1998-06-30",
        "acceptedDate": "1998-06-30 00:00:00",
        "calendarYear": "1998",
        "period": "Q2",
        "revenue": 2245000000,
        "costOfRevenue": 1727200000,
        "grossProfit": 517800000,
        "grossProfitRatio": 0.2306458797,
        "researchAndDevelopmentExpenses": 0,
        "generalAndAdministrativeExpenses": 93200000,
        "sellingAndMarketingExpenses": 0,
        "sellingGeneralAndAdministrativeExpenses": 93200000,
        "otherExpenses": 136100000,
        "operatingExpenses": 229300000,
        "costAndExpenses": 1956500000,
        "interestIncome": 0,
        "interestExpense": 91800000,
        "depreciationAndAmortization": 136100000,
        "ebitda": 424600000,
        "ebitdaratio": 0.1891314031,
        "operatingIncome": 288500000,
        "operatingIncomeRatio": 0.1285077951,
        "totalOtherIncomeExpensesNet": -98400000,
        "incomeBeforeTax": 190100000,
        "incomeBeforeTaxRatio": 0.0846770601,
        "incomeTaxExpense": 64400000,
        "netIncome": 121600000,
        "netIncomeRatio": 0.0541648107,
        "eps": 0.98,
        "epsdiluted": 0.95,
        "weightedAverageShsOut": 124081633,
        "weightedAverageShsOutDil": 128000000,
        "link": null,
        "finalLink": null
    },
    {
        "date": "1998-03-31",
        "symbol": "CCK",
        "reportedCurrency": "USD",
        "cik": "0001219601",
        "fillingDate": "1998-03-31",
        "acceptedDate": "1998-03-31 00:00:00",
        "calendarYear": "1998",
        "period": "Q1",
        "revenue": 1892400000,
        "costOfRevenue": 1502200000,
        "grossProfit": 390200000,
        "grossProfitRatio": 0.2061931938,
        "researchAndDevelopmentExpenses": 0,
        "generalAndAdministrativeExpenses": 97600000,
        "sellingAndMarketingExpenses": 0,
        "sellingGeneralAndAdministrativeExpenses": 97600000,
        "otherExpenses": 136600000,
        "operatingExpenses": 234200000,
        "costAndExpenses": 1736400000,
        "interestIncome": 0,
        "interestExpense": 80700000,
        "depreciationAndAmortization": 136600000,
        "ebitda": 292600000,
        "ebitdaratio": 0.1546184739,
        "operatingIncome": 156000000,
        "operatingIncomeRatio": 0.0824350032,
        "totalOtherIncomeExpensesNet": -86400000,
        "incomeBeforeTax": 69600000,
        "incomeBeforeTaxRatio": 0.0367786937,
        "incomeTaxExpense": 27900000,
        "netIncome": 36600000,
        "netIncomeRatio": 0.01934052,
        "eps": 0.29,
        "epsdiluted": 0.29,
        "weightedAverageShsOut": 126206897,
        "weightedAverageShsOutDil": 126206897,
        "link": null,
        "finalLink": null
    },
    {
        "date": "1997-12-31",
        "symbol": "CCK",
        "reportedCurrency": "USD",
        "cik": "0001219601",
        "fillingDate": "1997-12-31",
        "acceptedDate": "1997-12-31 00:00:00",
        "calendarYear": "1997",
        "period": "Q4",
        "revenue": 1929400000,
        "costOfRevenue": 1541400000,
        "grossProfit": 388000000,
        "grossProfitRatio": 0.2010987872,
        "researchAndDevelopmentExpenses": 0,
        "generalAndAdministrativeExpenses": 0,
        "sellingAndMarketingExpenses": 0,
        "sellingGeneralAndAdministrativeExpenses": 102300000,
        "otherExpenses": 125200000,
        "operatingExpenses": 227500000,
        "costAndExpenses": 1768900000,
        "interestIncome": 0,
        "interestExpense": 102200000,
        "depreciationAndAmortization": 125200000,
        "ebitda": 285700000,
        "ebitdaratio": 0.1480771224,
        "operatingIncome": 160500000,
        "operatingIncomeRatio": 0.0831864828,
        "totalOtherIncomeExpensesNet": -92700000,
        "incomeBeforeTax": 67800000,
        "incomeBeforeTaxRatio": 0.0351404582,
        "incomeTaxExpense": 22500000,
        "netIncome": 31900000,
        "netIncomeRatio": 0.0165336374,
        "eps": 0.29,
        "epsdiluted": 0.29,
        "weightedAverageShsOut": 128064516,
        "weightedAverageShsOutDil": 128064516,
        "link": null,
        "finalLink": null
    },
    {
        "date": "1997-09-30",
        "symbol": "CCK",
        "reportedCurrency": "USD",
        "cik": "0001219601",
        "fillingDate": "1997-09-30",
        "acceptedDate": "1997-09-30 00:00:00",
        "calendarYear": "1997",
        "period": "Q3",
        "revenue": 2341300000,
        "costOfRevenue": 1835900000,
        "grossProfit": 505400000,
        "grossProfitRatio": 0.2158629821,
        "researchAndDevelopmentExpenses": 0,
        "generalAndAdministrativeExpenses": 169400000,
        "sellingAndMarketingExpenses": 0,
        "sellingGeneralAndAdministrativeExpenses": 169400000,
        "otherExpenses": 136600000,
        "operatingExpenses": 306000000,
        "costAndExpenses": 2141900000,
        "interestIncome": 0,
        "interestExpense": 78100000,
        "depreciationAndAmortization": 136600000,
        "ebitda": 336000000,
        "ebitdaratio": 0.1435100158,
        "operatingIncome": 199400000,
        "operatingIncomeRatio": 0.0851663606,
        "totalOtherIncomeExpensesNet": -78800000,
        "incomeBeforeTax": 120600000,
        "incomeBeforeTaxRatio": 0.051509845,
        "incomeTaxExpense": 35300000,
        "netIncome": 79400000,
        "netIncomeRatio": 0.0339127835,
        "eps": 0.62,
        "epsdiluted": 0.61,
        "weightedAverageShsOut": 128064516,
        "weightedAverageShsOutDil": 130163934,
        "link": null,
        "finalLink": null
    },
    {
        "date": "1997-06-30",
        "symbol": "CCK",
        "reportedCurrency": "USD",
        "cik": "0001219601",
        "fillingDate": "1997-06-30",
        "acceptedDate": "1997-06-30 00:00:00",
        "calendarYear": "1997",
        "period": "Q2",
        "revenue": 2286600000,
        "costOfRevenue": 1786000000,
        "grossProfit": 500600000,
        "grossProfitRatio": 0.2189276655,
        "researchAndDevelopmentExpenses": 0,
        "generalAndAdministrativeExpenses": 104600000,
        "sellingAndMarketingExpenses": 0,
        "sellingGeneralAndAdministrativeExpenses": 104600000,
        "otherExpenses": 138900000,
        "operatingExpenses": 243500000,
        "costAndExpenses": 2029500000,
        "interestIncome": 0,
        "interestExpense": 34600000,
        "depreciationAndAmortization": 138900000,
        "ebitda": 396000000,
        "ebitdaratio": 0.1731828916,
        "operatingIncome": 257100000,
        "operatingIncomeRatio": 0.1124376804,
        "totalOtherIncomeExpensesNet": -61000000,
        "incomeBeforeTax": 196100000,
        "incomeBeforeTaxRatio": 0.0857605178,
        "incomeTaxExpense": 64100000,
        "netIncome": 126200000,
        "netIncomeRatio": 0.0551911134,
        "eps": 0.98,
        "epsdiluted": 0.94,
        "weightedAverageShsOut": 128775510,
        "weightedAverageShsOutDil": 134255319,
        "link": null,
        "finalLink": null
    },
    {
        "date": "1997-03-31",
        "symbol": "CCK",
        "reportedCurrency": "USD",
        "cik": "0001219601",
        "fillingDate": "1997-03-31",
        "acceptedDate": "1997-03-31 00:00:00",
        "calendarYear": "1997",
        "period": "Q1",
        "revenue": 1937300000,
        "costOfRevenue": 1544400000,
        "grossProfit": 392900000,
        "grossProfitRatio": 0.2028080318,
        "researchAndDevelopmentExpenses": 0,
        "generalAndAdministrativeExpenses": 103900000,
        "sellingAndMarketingExpenses": 0,
        "sellingGeneralAndAdministrativeExpenses": 103900000,
        "otherExpenses": 139300000,
        "operatingExpenses": 243200000,
        "costAndExpenses": 1787600000,
        "interestIncome": 0,
        "interestExpense": 79900000,
        "depreciationAndAmortization": 139300000,
        "ebitda": 289000000,
        "ebitdaratio": 0.1491766892,
        "operatingIncome": 149700000,
        "operatingIncomeRatio": 0.0772724926,
        "totalOtherIncomeExpensesNet": -84900000,
        "incomeBeforeTax": 64800000,
        "incomeBeforeTaxRatio": 0.0334486141,
        "incomeTaxExpense": 25800000,
        "netIncome": 33100000,
        "netIncomeRatio": 0.0170856346,
        "eps": 0.26,
        "epsdiluted": 0.26,
        "weightedAverageShsOut": 127307692,
        "weightedAverageShsOutDil": 127307692,
        "link": null,
        "finalLink": null
    },
    {
        "date": "1996-12-31",
        "symbol": "CCK",
        "reportedCurrency": "USD",
        "cik": "0001219601",
        "fillingDate": "1996-12-31",
        "acceptedDate": "1996-12-31 00:00:00",
        "calendarYear": "1996",
        "period": "Q4",
        "revenue": 1964900000,
        "costOfRevenue": 1563400000,
        "grossProfit": 401500000,
        "grossProfitRatio": 0.2043360985,
        "researchAndDevelopmentExpenses": 0,
        "generalAndAdministrativeExpenses": 0,
        "sellingAndMarketingExpenses": 0,
        "sellingGeneralAndAdministrativeExpenses": 120000000,
        "otherExpenses": 136100000,
        "operatingExpenses": 256100000,
        "costAndExpenses": 1819500000,
        "interestIncome": 0,
        "interestExpense": 134300000,
        "depreciationAndAmortization": 136100000,
        "ebitda": 281500000,
        "ebitdaratio": 0.1432642883,
        "operatingIncome": 145400000,
        "operatingIncomeRatio": 0.0739986768,
        "totalOtherIncomeExpensesNet": -79500000,
        "incomeBeforeTax": 65900000,
        "incomeBeforeTaxRatio": 0.0335386025,
        "incomeTaxExpense": 26700000,
        "netIncome": 33300000,
        "netIncomeRatio": 0.0169474273,
        "eps": 0.31,
        "epsdiluted": 0.31,
        "weightedAverageShsOut": 127777778,
        "weightedAverageShsOutDil": 127777778,
        "link": null,
        "finalLink": null
    },
    {
        "date": "1996-09-30",
        "symbol": "CCK",
        "reportedCurrency": "USD",
        "cik": "0001219601",
        "fillingDate": "1996-09-30",
        "acceptedDate": "1996-09-30 00:00:00",
        "calendarYear": "1996",
        "period": "Q3",
        "revenue": 2462100000,
        "costOfRevenue": 1988600000,
        "grossProfit": 473500000,
        "grossProfitRatio": 0.192315503,
        "researchAndDevelopmentExpenses": 0,
        "generalAndAdministrativeExpenses": 101600000,
        "sellingAndMarketingExpenses": 0,
        "sellingGeneralAndAdministrativeExpenses": 101600000,
        "otherExpenses": 130000000,
        "operatingExpenses": 231600000,
        "costAndExpenses": 2220200000,
        "interestIncome": 0,
        "interestExpense": 47100000,
        "depreciationAndAmortization": 130000000,
        "ebitda": 371900000,
        "ebitdaratio": 0.1510499167,
        "operatingIncome": 241900000,
        "operatingIncomeRatio": 0.0982494618,
        "totalOtherIncomeExpensesNet": -78400000,
        "incomeBeforeTax": 163500000,
        "incomeBeforeTaxRatio": 0.066406726,
        "incomeTaxExpense": 54100000,
        "netIncome": 103500000,
        "netIncomeRatio": 0.0420372852,
        "eps": 0.81,
        "epsdiluted": 0.78,
        "weightedAverageShsOut": 127777778,
        "weightedAverageShsOutDil": 132692308,
        "link": null,
        "finalLink": null
    },
    {
        "date": "1996-06-30",
        "symbol": "CCK",
        "reportedCurrency": "USD",
        "cik": "0001219601",
        "fillingDate": "1996-06-30",
        "acceptedDate": "1996-06-30 00:00:00",
        "calendarYear": "1996",
        "period": "Q2",
        "revenue": 2353700000,
        "costOfRevenue": 1894000000,
        "grossProfit": 459700000,
        "grossProfitRatio": 0.1953095127,
        "researchAndDevelopmentExpenses": 0,
        "generalAndAdministrativeExpenses": 106200000,
        "sellingAndMarketingExpenses": 0,
        "sellingGeneralAndAdministrativeExpenses": 106200000,
        "otherExpenses": 135200000,
        "operatingExpenses": 241400000,
        "costAndExpenses": 2135400000,
        "interestIncome": 0,
        "interestExpense": 45900000,
        "depreciationAndAmortization": 135200000,
        "ebitda": 353500000,
        "ebitdaratio": 0.150189064,
        "operatingIncome": 218300000,
        "operatingIncomeRatio": 0.0927475889,
        "totalOtherIncomeExpensesNet": -79500000,
        "incomeBeforeTax": 138800000,
        "incomeBeforeTaxRatio": 0.0589709819,
        "incomeTaxExpense": 34700000,
        "netIncome": 98300000,
        "netIncomeRatio": 0.0417640311,
        "eps": 0.77,
        "epsdiluted": 0.75,
        "weightedAverageShsOut": 127662338,
        "weightedAverageShsOutDil": 131066667,
        "link": null,
        "finalLink": null
    },
    {
        "date": "1996-03-31",
        "symbol": "CCK",
        "reportedCurrency": "USD",
        "cik": "0001219601",
        "fillingDate": "1996-03-31",
        "acceptedDate": "1996-03-31 00:00:00",
        "calendarYear": "1996",
        "period": "Q1",
        "revenue": 1551200000,
        "costOfRevenue": 1276300000,
        "grossProfit": 274900000,
        "grossProfitRatio": 0.177217638,
        "researchAndDevelopmentExpenses": 0,
        "generalAndAdministrativeExpenses": 69600000,
        "sellingAndMarketingExpenses": 0,
        "sellingGeneralAndAdministrativeExpenses": 69600000,
        "otherExpenses": 94600000,
        "operatingExpenses": 164200000,
        "costAndExpenses": 1440500000,
        "interestIncome": 0,
        "interestExpense": 50100000,
        "depreciationAndAmortization": 94600000,
        "ebitda": 205300000,
        "ebitdaratio": 0.132349149,
        "operatingIncome": 110700000,
        "operatingIncomeRatio": 0.0713641052,
        "totalOtherIncomeExpensesNet": -60500000,
        "incomeBeforeTax": 50200000,
        "incomeBeforeTaxRatio": 0.0323620423,
        "incomeTaxExpense": 18900000,
        "netIncome": 29100000,
        "netIncomeRatio": 0.0187596699,
        "eps": 0.28,
        "epsdiluted": 0.28,
        "weightedAverageShsOut": 103928571,
        "weightedAverageShsOutDil": 103928571,
        "link": null,
        "finalLink": null
    },
    {
        "date": "1995-12-31",
        "symbol": "CCK",
        "reportedCurrency": "USD",
        "cik": "0001219601",
        "fillingDate": "1995-12-31",
        "acceptedDate": "1995-12-31 00:00:00",
        "calendarYear": "1995",
        "period": "Q4",
        "revenue": 1114200000,
        "costOfRevenue": 975500000,
        "grossProfit": 138700000,
        "grossProfitRatio": 0.1244839347,
        "researchAndDevelopmentExpenses": 0,
        "generalAndAdministrativeExpenses": 0,
        "sellingAndMarketingExpenses": 0,
        "sellingGeneralAndAdministrativeExpenses": 134200000,
        "otherExpenses": 59800000,
        "operatingExpenses": 194000000,
        "costAndExpenses": 1169500000,
        "interestIncome": 0,
        "interestExpense": 0,
        "depreciationAndAmortization": 59800000,
        "ebitda": 4500000,
        "ebitdaratio": 0.0040387722,
        "operatingIncome": -55300000,
        "operatingIncomeRatio": -0.049632023,
        "totalOtherIncomeExpensesNet": 68900000,
        "incomeBeforeTax": 13600000,
        "incomeBeforeTaxRatio": 0.0122060671,
        "incomeTaxExpense": 7500000,
        "netIncome": 6100000,
        "netIncomeRatio": 0.0054747801,
        "eps": 0.0674,
        "epsdiluted": 0.0674,
        "weightedAverageShsOut": 89384908,
        "weightedAverageShsOutDil": 90454545,
        "link": null,
        "finalLink": null
    },
    {
        "date": "1995-09-30",
        "symbol": "CCK",
        "reportedCurrency": "USD",
        "cik": "0001219601",
        "fillingDate": "1995-09-30",
        "acceptedDate": "1995-09-30 00:00:00",
        "calendarYear": "1995",
        "period": "Q3",
        "revenue": 1427100000,
        "costOfRevenue": 1249700000,
        "grossProfit": 177400000,
        "grossProfitRatio": 0.1243080373,
        "researchAndDevelopmentExpenses": 0,
        "generalAndAdministrativeExpenses": 36000000,
        "sellingAndMarketingExpenses": 0,
        "sellingGeneralAndAdministrativeExpenses": 36000000,
        "otherExpenses": 67300000,
        "operatingExpenses": 103300000,
        "costAndExpenses": 1353000000,
        "interestIncome": 0,
        "interestExpense": 195300000,
        "depreciationAndAmortization": 67300000,
        "ebitda": 141400000,
        "ebitdaratio": 0.0990820545,
        "operatingIncome": 74100000,
        "operatingIncomeRatio": 0.0519234812,
        "totalOtherIncomeExpensesNet": -117900000,
        "incomeBeforeTax": -43800000,
        "incomeBeforeTaxRatio": -0.0306916124,
        "incomeTaxExpense": -23900000,
        "netIncome": -19900000,
        "netIncomeRatio": -0.0139443627,
        "eps": -0.22,
        "epsdiluted": -0.22,
        "weightedAverageShsOut": 90454545,
        "weightedAverageShsOutDil": 90454545,
        "link": null,
        "finalLink": null
    },
    {
        "date": "1995-06-30",
        "symbol": "CCK",
        "reportedCurrency": "USD",
        "cik": "0001219601",
        "fillingDate": "1995-06-30",
        "acceptedDate": "1995-06-30 00:00:00",
        "calendarYear": "1995",
        "period": "Q2",
        "revenue": 1385800000,
        "costOfRevenue": 1153800000,
        "grossProfit": 232000000,
        "grossProfitRatio": 0.167412325,
        "researchAndDevelopmentExpenses": 0,
        "generalAndAdministrativeExpenses": 56200000,
        "sellingAndMarketingExpenses": 0,
        "sellingGeneralAndAdministrativeExpenses": 56200000,
        "otherExpenses": 65000000,
        "operatingExpenses": 121200000,
        "costAndExpenses": 1275000000,
        "interestIncome": 0,
        "interestExpense": 33200000,
        "depreciationAndAmortization": 65000000,
        "ebitda": 175800000,
        "ebitdaratio": 0.1268581325,
        "operatingIncome": 110800000,
        "operatingIncomeRatio": 0.0799538173,
        "totalOtherIncomeExpensesNet": -37000000,
        "incomeBeforeTax": 73800000,
        "incomeBeforeTaxRatio": 0.0532544379,
        "incomeTaxExpense": 21600000,
        "netIncome": 52200000,
        "netIncomeRatio": 0.0376677731,
        "eps": 0.58,
        "epsdiluted": 0.58,
        "weightedAverageShsOut": 90000000,
        "weightedAverageShsOutDil": 90000000,
        "link": null,
        "finalLink": null
    },
    {
        "date": "1995-03-31",
        "symbol": "CCK",
        "reportedCurrency": "USD",
        "cik": "0001219601",
        "fillingDate": "1995-03-31",
        "acceptedDate": "1995-03-31 00:00:00",
        "calendarYear": "1995",
        "period": "Q1",
        "revenue": 1126700000,
        "costOfRevenue": 932000000,
        "grossProfit": 194700000,
        "grossProfitRatio": 0.1728055383,
        "researchAndDevelopmentExpenses": 0,
        "generalAndAdministrativeExpenses": 35800000,
        "sellingAndMarketingExpenses": 0,
        "sellingGeneralAndAdministrativeExpenses": 35800000,
        "otherExpenses": 64200000,
        "operatingExpenses": 100000000,
        "costAndExpenses": 1032000000,
        "interestIncome": 0,
        "interestExpense": 37300000,
        "depreciationAndAmortization": 64200000,
        "ebitda": 158900000,
        "ebitdaratio": 0.1410313304,
        "operatingIncome": 94700000,
        "operatingIncomeRatio": 0.0840507677,
        "totalOtherIncomeExpensesNet": -38500000,
        "incomeBeforeTax": 56200000,
        "incomeBeforeTaxRatio": 0.0498801811,
        "incomeTaxExpense": 19700000,
        "netIncome": 36500000,
        "netIncomeRatio": 0.0323954913,
        "eps": 0.41,
        "epsdiluted": 0.41,
        "weightedAverageShsOut": 89024390,
        "weightedAverageShsOutDil": 89024390,
        "link": null,
        "finalLink": null
    },
    {
        "date": "1994-12-31",
        "symbol": "CCK",
        "reportedCurrency": "USD",
        "cik": "0001219601",
        "fillingDate": "1994-12-31",
        "acceptedDate": "1994-12-31 00:00:00",
        "calendarYear": "1994",
        "period": "Q4",
        "revenue": 1091400000,
        "costOfRevenue": 1027100000,
        "grossProfit": 64300000,
        "grossProfitRatio": 0.0589151548,
        "researchAndDevelopmentExpenses": 0,
        "generalAndAdministrativeExpenses": 0,
        "sellingAndMarketingExpenses": 0,
        "sellingGeneralAndAdministrativeExpenses": 34400000,
        "otherExpenses": 58000000,
        "operatingExpenses": 92400000,
        "costAndExpenses": 1119500000,
        "interestIncome": 0,
        "interestExpense": 0,
        "depreciationAndAmortization": 58000000,
        "ebitda": 29900000,
        "ebitdaratio": 0.0273960051,
        "operatingIncome": -28100000,
        "operatingIncomeRatio": -0.0257467473,
        "totalOtherIncomeExpensesNet": 81700000,
        "incomeBeforeTax": 53600000,
        "incomeBeforeTaxRatio": 0.0491112333,
        "incomeTaxExpense": 13500000,
        "netIncome": 40100000,
        "netIncomeRatio": 0.0367417995,
        "eps": 0.43,
        "epsdiluted": 0.43,
        "weightedAverageShsOut": 89109644,
        "weightedAverageShsOutDil": 93750000,
        "link": null,
        "finalLink": null
    },
    {
        "date": "1994-09-30",
        "symbol": "CCK",
        "reportedCurrency": "USD",
        "cik": "0001219601",
        "fillingDate": "1994-09-30",
        "acceptedDate": "1994-09-30 00:00:00",
        "calendarYear": "1994",
        "period": "Q3",
        "revenue": 1283300000,
        "costOfRevenue": 1074400000,
        "grossProfit": 208900000,
        "grossProfitRatio": 0.1627834489,
        "researchAndDevelopmentExpenses": 0,
        "generalAndAdministrativeExpenses": 34700000,
        "sellingAndMarketingExpenses": 0,
        "sellingGeneralAndAdministrativeExpenses": 34700000,
        "otherExpenses": 53100000,
        "operatingExpenses": 87800000,
        "costAndExpenses": 1162200000,
        "interestIncome": 0,
        "interestExpense": 249200000,
        "depreciationAndAmortization": 53100000,
        "ebitda": 174200000,
        "ebitdaratio": 0.1357437856,
        "operatingIncome": 121100000,
        "operatingIncomeRatio": 0.0943660874,
        "totalOtherIncomeExpensesNet": -137000000,
        "incomeBeforeTax": -15900000,
        "incomeBeforeTaxRatio": -0.0123899322,
        "incomeTaxExpense": -8400000,
        "netIncome": -7500000,
        "netIncomeRatio": -0.0058443076,
        "eps": -0.08,
        "epsdiluted": -0.08,
        "weightedAverageShsOut": 93750000,
        "weightedAverageShsOutDil": 93750000,
        "link": null,
        "finalLink": null
    },
    {
        "date": "1994-06-30",
        "symbol": "CCK",
        "reportedCurrency": "USD",
        "cik": "0001219601",
        "fillingDate": "1994-06-30",
        "acceptedDate": "1994-06-30 00:00:00",
        "calendarYear": "1994",
        "period": "Q2",
        "revenue": 1134500000,
        "costOfRevenue": 932700000,
        "grossProfit": 201800000,
        "grossProfitRatio": 0.1778757162,
        "researchAndDevelopmentExpenses": 0,
        "generalAndAdministrativeExpenses": 33200000,
        "sellingAndMarketingExpenses": 0,
        "sellingGeneralAndAdministrativeExpenses": 33200000,
        "otherExpenses": 54700000,
        "operatingExpenses": 87900000,
        "costAndExpenses": 1020600000,
        "interestIncome": 0,
        "interestExpense": 20100000,
        "depreciationAndAmortization": 54700000,
        "ebitda": 168600000,
        "ebitdaratio": 0.1486117232,
        "operatingIncome": 113900000,
        "operatingIncomeRatio": 0.1003966505,
        "totalOtherIncomeExpensesNet": -19100000,
        "incomeBeforeTax": 94800000,
        "incomeBeforeTaxRatio": 0.0835610401,
        "incomeTaxExpense": 30000000,
        "netIncome": 64800000,
        "netIncomeRatio": 0.057117673,
        "eps": 0.73,
        "epsdiluted": 0.73,
        "weightedAverageShsOut": 88767123,
        "weightedAverageShsOutDil": 88767123,
        "link": null,
        "finalLink": null
    },
    {
        "date": "1994-03-31",
        "symbol": "CCK",
        "reportedCurrency": "USD",
        "cik": "0001219601",
        "fillingDate": "1994-03-31",
        "acceptedDate": "1994-03-31 00:00:00",
        "calendarYear": "1994",
        "period": "Q1",
        "revenue": 943000000,
        "costOfRevenue": 779900000,
        "grossProfit": 163100000,
        "grossProfitRatio": 0.1729586426,
        "researchAndDevelopmentExpenses": 0,
        "generalAndAdministrativeExpenses": 33100000,
        "sellingAndMarketingExpenses": 0,
        "sellingGeneralAndAdministrativeExpenses": 33100000,
        "otherExpenses": 52500000,
        "operatingExpenses": 85600000,
        "costAndExpenses": 865500000,
        "interestIncome": 0,
        "interestExpense": 24800000,
        "depreciationAndAmortization": 52500000,
        "ebitda": 130000000,
        "ebitdaratio": 0.1378579003,
        "operatingIncome": 77500000,
        "operatingIncomeRatio": 0.0821845175,
        "totalOtherIncomeExpensesNet": -23400000,
        "incomeBeforeTax": 54100000,
        "incomeBeforeTaxRatio": 0.0573700954,
        "incomeTaxExpense": 20500000,
        "netIncome": 33600000,
        "netIncomeRatio": 0.035630965,
        "eps": 0.38,
        "epsdiluted": 0.38,
        "weightedAverageShsOut": 88421053,
        "weightedAverageShsOutDil": 88421053,
        "link": null,
        "finalLink": null
    },
    {
        "date": "1993-12-31",
        "symbol": "CCK",
        "reportedCurrency": "USD",
        "cik": "0001219601",
        "fillingDate": "1993-12-31",
        "acceptedDate": "1993-12-31 00:00:00",
        "calendarYear": "1993",
        "period": "Q4",
        "revenue": 935200000,
        "costOfRevenue": 778400000,
        "grossProfit": 156800000,
        "grossProfitRatio": 0.1676646707,
        "researchAndDevelopmentExpenses": 0,
        "generalAndAdministrativeExpenses": 0,
        "sellingAndMarketingExpenses": 0,
        "sellingGeneralAndAdministrativeExpenses": 30300000,
        "otherExpenses": 53100000,
        "operatingExpenses": 83400000,
        "costAndExpenses": 861800000,
        "interestIncome": 0,
        "interestExpense": 41300000,
        "depreciationAndAmortization": 53100000,
        "ebitda": 126500000,
        "ebitdaratio": 0.1352651839,
        "operatingIncome": 73400000,
        "operatingIncomeRatio": 0.0784858854,
        "totalOtherIncomeExpensesNet": -23400000,
        "incomeBeforeTax": 50000000,
        "incomeBeforeTaxRatio": 0.0534644996,
        "incomeTaxExpense": 14800000,
        "netIncome": 19100000,
        "netIncomeRatio": 0.0204234388,
        "eps": 0.4,
        "epsdiluted": 0.4,
        "weightedAverageShsOut": 86849733,
        "weightedAverageShsOutDil": 87794118,
        "link": null,
        "finalLink": null
    },
    {
        "date": "1993-09-30",
        "symbol": "CCK",
        "reportedCurrency": "USD",
        "cik": "0001219601",
        "fillingDate": "1993-09-30",
        "acceptedDate": "1993-09-30 00:00:00",
        "calendarYear": "1993",
        "period": "Q3",
        "revenue": 1145700000,
        "costOfRevenue": 948100000,
        "grossProfit": 197600000,
        "grossProfitRatio": 0.1724709784,
        "researchAndDevelopmentExpenses": 0,
        "generalAndAdministrativeExpenses": 31600000,
        "sellingAndMarketingExpenses": 0,
        "sellingGeneralAndAdministrativeExpenses": 31600000,
        "otherExpenses": 49200000,
        "operatingExpenses": 80800000,
        "costAndExpenses": 1028900000,
        "interestIncome": 0,
        "interestExpense": 22700000,
        "depreciationAndAmortization": 49200000,
        "ebitda": 166000000,
        "ebitdaratio": 0.1448895872,
        "operatingIncome": 116800000,
        "operatingIncomeRatio": 0.1019464083,
        "totalOtherIncomeExpensesNet": -23600000,
        "incomeBeforeTax": 93200000,
        "incomeBeforeTaxRatio": 0.0813476477,
        "incomeTaxExpense": 33500000,
        "netIncome": 59700000,
        "netIncomeRatio": 0.0521078816,
        "eps": 0.68,
        "epsdiluted": 0.68,
        "weightedAverageShsOut": 87794118,
        "weightedAverageShsOutDil": 87794118,
        "link": null,
        "finalLink": null
    },
    {
        "date": "1993-06-30",
        "symbol": "CCK",
        "reportedCurrency": "USD",
        "cik": "0001219601",
        "fillingDate": "1993-06-30",
        "acceptedDate": "1993-06-30 00:00:00",
        "calendarYear": "1993",
        "period": "Q2",
        "revenue": 1168600000,
        "costOfRevenue": 976500000,
        "grossProfit": 192100000,
        "grossProfitRatio": 0.1643847339,
        "researchAndDevelopmentExpenses": 0,
        "generalAndAdministrativeExpenses": 32800000,
        "sellingAndMarketingExpenses": 0,
        "sellingGeneralAndAdministrativeExpenses": 32800000,
        "otherExpenses": 46500000,
        "operatingExpenses": 79300000,
        "costAndExpenses": 1055800000,
        "interestIncome": 0,
        "interestExpense": 25000000,
        "depreciationAndAmortization": 46500000,
        "ebitda": 159300000,
        "ebitdaratio": 0.1363169605,
        "operatingIncome": 112800000,
        "operatingIncomeRatio": 0.0965257573,
        "totalOtherIncomeExpensesNet": -24800000,
        "incomeBeforeTax": 88000000,
        "incomeBeforeTaxRatio": 0.0753037823,
        "incomeTaxExpense": 31400000,
        "netIncome": 56600000,
        "netIncomeRatio": 0.0484340236,
        "eps": 0.65,
        "epsdiluted": 0.65,
        "weightedAverageShsOut": 87076923,
        "weightedAverageShsOutDil": 87076923,
        "link": null,
        "finalLink": null
    },
    {
        "date": "1993-03-31",
        "symbol": "CCK",
        "reportedCurrency": "USD",
        "cik": "0001219601",
        "fillingDate": "1993-03-31",
        "acceptedDate": "1993-03-31 00:00:00",
        "calendarYear": "1993",
        "period": "Q1",
        "revenue": 913100000,
        "costOfRevenue": 771000000,
        "grossProfit": 142100000,
        "grossProfitRatio": 0.1556236995,
        "researchAndDevelopmentExpenses": 0,
        "generalAndAdministrativeExpenses": 31900000,
        "sellingAndMarketingExpenses": 0,
        "sellingGeneralAndAdministrativeExpenses": 31900000,
        "otherExpenses": 42900000,
        "operatingExpenses": 74800000,
        "costAndExpenses": 845800000,
        "interestIncome": 0,
        "interestExpense": 85800000,
        "depreciationAndAmortization": 42900000,
        "ebitda": 110200000,
        "ebitdaratio": 0.1206877669,
        "operatingIncome": 67300000,
        "operatingIncomeRatio": 0.0737049611,
        "totalOtherIncomeExpensesNet": -20200000,
        "incomeBeforeTax": 47100000,
        "incomeBeforeTaxRatio": 0.0515825211,
        "incomeTaxExpense": 17700000,
        "netIncome": -36300000,
        "netIncomeRatio": -0.0397546819,
        "eps": -0.43,
        "epsdiluted": -0.43,
        "weightedAverageShsOut": 84418605,
        "weightedAverageShsOutDil": 84418605,
        "link": null,
        "finalLink": null
    },
    {
        "date": "1992-12-31",
        "symbol": "CCK",
        "reportedCurrency": "USD",
        "cik": "0001219601",
        "fillingDate": "1992-12-31",
        "acceptedDate": "1992-12-31 00:00:00",
        "calendarYear": "1992",
        "period": "Q4",
        "revenue": 902300000,
        "costOfRevenue": 766800000,
        "grossProfit": 135500000,
        "grossProfitRatio": 0.1501717832,
        "researchAndDevelopmentExpenses": 0,
        "generalAndAdministrativeExpenses": 0,
        "sellingAndMarketingExpenses": 0,
        "sellingGeneralAndAdministrativeExpenses": 29300000,
        "otherExpenses": 42700000,
        "operatingExpenses": 72000000,
        "costAndExpenses": 838800000,
        "interestIncome": 0,
        "interestExpense": 24500000,
        "depreciationAndAmortization": 42700000,
        "ebitda": 106200000,
        "ebitdaratio": 0.1176992131,
        "operatingIncome": 63500000,
        "operatingIncomeRatio": 0.0703757065,
        "totalOtherIncomeExpensesNet": -25500000,
        "incomeBeforeTax": 38000000,
        "incomeBeforeTaxRatio": 0.042114596,
        "incomeTaxExpense": 8200000,
        "netIncome": 29800000,
        "netIncomeRatio": 0.0330267095,
        "eps": 0.34,
        "epsdiluted": 0.34,
        "weightedAverageShsOut": 85595903,
        "weightedAverageShsOutDil": 87068966,
        "link": null,
        "finalLink": null
    },
    {
        "date": "1992-09-30",
        "symbol": "CCK",
        "reportedCurrency": "USD",
        "cik": "0001219601",
        "fillingDate": "1992-09-30",
        "acceptedDate": "1992-09-30 00:00:00",
        "calendarYear": "1992",
        "period": "Q3",
        "revenue": 1020900000,
        "costOfRevenue": 859100000,
        "grossProfit": 161800000,
        "grossProfitRatio": 0.158487609,
        "researchAndDevelopmentExpenses": 0,
        "generalAndAdministrativeExpenses": 28000000,
        "sellingAndMarketingExpenses": 0,
        "sellingGeneralAndAdministrativeExpenses": 28000000,
        "otherExpenses": 33300000,
        "operatingExpenses": 61300000,
        "costAndExpenses": 920400000,
        "interestIncome": 0,
        "interestExpense": 16600000,
        "depreciationAndAmortization": 33300000,
        "ebitda": 133800000,
        "ebitdaratio": 0.1310608287,
        "operatingIncome": 100500000,
        "operatingIncomeRatio": 0.0984425507,
        "totalOtherIncomeExpensesNet": -16000000,
        "incomeBeforeTax": 84500000,
        "incomeBeforeTaxRatio": 0.0827701048,
        "incomeTaxExpense": 34000000,
        "netIncome": 50500000,
        "netIncomeRatio": 0.0494661573,
        "eps": 0.58,
        "epsdiluted": 0.58,
        "weightedAverageShsOut": 87068966,
        "weightedAverageShsOutDil": 87068966,
        "link": null,
        "finalLink": null
    },
    {
        "date": "1992-06-30",
        "symbol": "CCK",
        "reportedCurrency": "USD",
        "cik": "0001219601",
        "fillingDate": "1992-06-30",
        "acceptedDate": "1992-06-30 00:00:00",
        "calendarYear": "1992",
        "period": "Q2",
        "revenue": 1018100000,
        "costOfRevenue": 855400000,
        "grossProfit": 162700000,
        "grossProfitRatio": 0.1598074845,
        "researchAndDevelopmentExpenses": 0,
        "generalAndAdministrativeExpenses": 26200000,
        "sellingAndMarketingExpenses": 0,
        "sellingGeneralAndAdministrativeExpenses": 26200000,
        "otherExpenses": 32900000,
        "operatingExpenses": 59100000,
        "costAndExpenses": 914500000,
        "interestIncome": 0,
        "interestExpense": 13400000,
        "depreciationAndAmortization": 32900000,
        "ebitda": 136500000,
        "ebitdaratio": 0.1340732737,
        "operatingIncome": 103600000,
        "operatingIncomeRatio": 0.101758177,
        "totalOtherIncomeExpensesNet": -15600000,
        "incomeBeforeTax": 88000000,
        "incomeBeforeTaxRatio": 0.0864355171,
        "incomeTaxExpense": 39300000,
        "netIncome": 48700000,
        "netIncomeRatio": 0.047834201,
        "eps": 0.56,
        "epsdiluted": 0.56,
        "weightedAverageShsOut": 86964286,
        "weightedAverageShsOutDil": 86964286,
        "link": null,
        "finalLink": null
    },
    {
        "date": "1992-03-31",
        "symbol": "CCK",
        "reportedCurrency": "USD",
        "cik": "0001219601",
        "fillingDate": "1992-03-31",
        "acceptedDate": "1992-03-31 00:00:00",
        "calendarYear": "1992",
        "period": "Q1",
        "revenue": 839400000,
        "costOfRevenue": 716100000,
        "grossProfit": 123300000,
        "grossProfitRatio": 0.1468906362,
        "researchAndDevelopmentExpenses": 0,
        "generalAndAdministrativeExpenses": 28600000,
        "sellingAndMarketingExpenses": 0,
        "sellingGeneralAndAdministrativeExpenses": 28600000,
        "otherExpenses": 33500000,
        "operatingExpenses": 62100000,
        "costAndExpenses": 778200000,
        "interestIncome": 0,
        "interestExpense": 12900000,
        "depreciationAndAmortization": 33500000,
        "ebitda": 94700000,
        "ebitdaratio": 0.11281868,
        "operatingIncome": 61200000,
        "operatingIncomeRatio": 0.0729092209,
        "totalOtherIncomeExpensesNet": -15300000,
        "incomeBeforeTax": 45900000,
        "incomeBeforeTaxRatio": 0.0546819157,
        "incomeTaxExpense": 19500000,
        "netIncome": 26400000,
        "netIncomeRatio": 0.0314510365,
        "eps": 0.3,
        "epsdiluted": 0.3,
        "weightedAverageShsOut": 88000000,
        "weightedAverageShsOutDil": 88000000,
        "link": null,
        "finalLink": null
    },
    {
        "date": "1991-12-31",
        "symbol": "CCK",
        "reportedCurrency": "USD",
        "cik": "0001219601",
        "fillingDate": "1991-12-31",
        "acceptedDate": "1991-12-31 00:00:00",
        "calendarYear": "1991",
        "period": "Q4",
        "revenue": 874500000,
        "costOfRevenue": 768300000,
        "grossProfit": 106200000,
        "grossProfitRatio": 0.1214408233,
        "researchAndDevelopmentExpenses": 0,
        "generalAndAdministrativeExpenses": 0,
        "sellingAndMarketingExpenses": 0,
        "sellingGeneralAndAdministrativeExpenses": 25400000,
        "otherExpenses": 25800000,
        "operatingExpenses": 51200000,
        "costAndExpenses": 819500000,
        "interestIncome": 0,
        "interestExpense": 5400000,
        "depreciationAndAmortization": 25800000,
        "ebitda": 80800000,
        "ebitdaratio": 0.0923956547,
        "operatingIncome": 55000000,
        "operatingIncomeRatio": 0.0628930818,
        "totalOtherIncomeExpensesNet": -13300000,
        "incomeBeforeTax": 41700000,
        "incomeBeforeTaxRatio": 0.0476843911,
        "incomeTaxExpense": 15900000,
        "netIncome": 25800000,
        "netIncomeRatio": 0.0295025729,
        "eps": 0.3,
        "epsdiluted": 0.3,
        "weightedAverageShsOut": 86131470,
        "weightedAverageShsOutDil": 86808511,
        "link": null,
        "finalLink": null
    },
    {
        "date": "1991-09-30",
        "symbol": "CCK",
        "reportedCurrency": "USD",
        "cik": "0001219601",
        "fillingDate": "1991-09-30",
        "acceptedDate": "1991-09-30 00:00:00",
        "calendarYear": "1991",
        "period": "Q3",
        "revenue": 1050900000,
        "costOfRevenue": 907800000,
        "grossProfit": 143100000,
        "grossProfitRatio": 0.136168998,
        "researchAndDevelopmentExpenses": 0,
        "generalAndAdministrativeExpenses": 27000000,
        "sellingAndMarketingExpenses": 0,
        "sellingGeneralAndAdministrativeExpenses": 27000000,
        "otherExpenses": 33000000,
        "operatingExpenses": 60000000,
        "costAndExpenses": 967800000,
        "interestIncome": 0,
        "interestExpense": 13800000,
        "depreciationAndAmortization": 33000000,
        "ebitda": 116100000,
        "ebitdaratio": 0.1104767342,
        "operatingIncome": 83100000,
        "operatingIncomeRatio": 0.0790750785,
        "totalOtherIncomeExpensesNet": -16500000,
        "incomeBeforeTax": 66600000,
        "incomeBeforeTaxRatio": 0.0633742506,
        "incomeTaxExpense": 25800000,
        "netIncome": 40800000,
        "netIncomeRatio": 0.0388238653,
        "eps": 0.47,
        "epsdiluted": 0.47,
        "weightedAverageShsOut": 86808511,
        "weightedAverageShsOutDil": 86808511,
        "link": null,
        "finalLink": null
    },
    {
        "date": "1991-06-30",
        "symbol": "CCK",
        "reportedCurrency": "USD",
        "cik": "0001219601",
        "fillingDate": "1991-06-30",
        "acceptedDate": "1991-06-30 00:00:00",
        "calendarYear": "1991",
        "period": "Q2",
        "revenue": 1050400000,
        "costOfRevenue": 907800000,
        "grossProfit": 142600000,
        "grossProfitRatio": 0.1357578065,
        "researchAndDevelopmentExpenses": 0,
        "generalAndAdministrativeExpenses": 26000000,
        "sellingAndMarketingExpenses": 0,
        "sellingGeneralAndAdministrativeExpenses": 26000000,
        "otherExpenses": 36100000,
        "operatingExpenses": 62100000,
        "costAndExpenses": 969900000,
        "interestIncome": 0,
        "interestExpense": 18100000,
        "depreciationAndAmortization": 36100000,
        "ebitda": 116600000,
        "ebitdaratio": 0.1110053313,
        "operatingIncome": 80500000,
        "operatingIncomeRatio": 0.0766374714,
        "totalOtherIncomeExpensesNet": -17800000,
        "incomeBeforeTax": 62700000,
        "incomeBeforeTaxRatio": 0.0596915461,
        "incomeTaxExpense": 24000000,
        "netIncome": 38700000,
        "netIncomeRatio": 0.0368431074,
        "eps": 0.45,
        "epsdiluted": 0.45,
        "weightedAverageShsOut": 86000000,
        "weightedAverageShsOutDil": 86000000,
        "link": null,
        "finalLink": null
    },
    {
        "date": "1991-03-31",
        "symbol": "CCK",
        "reportedCurrency": "USD",
        "cik": "0001219601",
        "fillingDate": "1991-03-31",
        "acceptedDate": "1991-03-31 00:00:00",
        "calendarYear": "1991",
        "period": "Q1",
        "revenue": 831600000,
        "costOfRevenue": 714300000,
        "grossProfit": 117300000,
        "grossProfitRatio": 0.1410533911,
        "researchAndDevelopmentExpenses": 0,
        "generalAndAdministrativeExpenses": 27000000,
        "sellingAndMarketingExpenses": 0,
        "sellingGeneralAndAdministrativeExpenses": 27000000,
        "otherExpenses": 33500000,
        "operatingExpenses": 60500000,
        "costAndExpenses": 774800000,
        "interestIncome": 0,
        "interestExpense": 16300000,
        "depreciationAndAmortization": 33500000,
        "ebitda": 90300000,
        "ebitdaratio": 0.1085858586,
        "operatingIncome": 56800000,
        "operatingIncomeRatio": 0.0683020683,
        "totalOtherIncomeExpensesNet": -16000000,
        "incomeBeforeTax": 40800000,
        "incomeBeforeTaxRatio": 0.0490620491,
        "incomeTaxExpense": 18100000,
        "netIncome": 22700000,
        "netIncomeRatio": 0.0272967773,
        "eps": 0.26,
        "epsdiluted": 0.26,
        "weightedAverageShsOut": 87307692,
        "weightedAverageShsOutDil": 87307692,
        "link": null,
        "finalLink": null
    },
    {
        "date": "1990-12-31",
        "symbol": "CCK",
        "reportedCurrency": "USD",
        "cik": "0001219601",
        "fillingDate": "1990-12-31",
        "acceptedDate": "1990-12-31 00:00:00",
        "calendarYear": "1990",
        "period": "Q4",
        "revenue": 846400000,
        "costOfRevenue": 687300000,
        "grossProfit": 159100000,
        "grossProfitRatio": 0.1879725898,
        "researchAndDevelopmentExpenses": 0,
        "generalAndAdministrativeExpenses": 0,
        "sellingAndMarketingExpenses": 0,
        "sellingGeneralAndAdministrativeExpenses": 22500000,
        "otherExpenses": 102000000,
        "operatingExpenses": 124500000,
        "costAndExpenses": 811800000,
        "interestIncome": 0,
        "interestExpense": 0,
        "depreciationAndAmortization": -18000000,
        "ebitda": 16600000,
        "ebitdaratio": 0.0196124764,
        "operatingIncome": 34600000,
        "operatingIncomeRatio": 0.040879017,
        "totalOtherIncomeExpensesNet": 500000,
        "incomeBeforeTax": 35100000,
        "incomeBeforeTaxRatio": 0.0414697543,
        "incomeTaxExpense": 13600000,
        "netIncome": 21500000,
        "netIncomeRatio": 0.0254017013,
        "eps": 0.25,
        "epsdiluted": 0.25,
        "weightedAverageShsOut": 86089932,
        "weightedAverageShsOutDil": 87027027,
        "link": null,
        "finalLink": null
    },
    {
        "date": "1990-09-30",
        "symbol": "CCK",
        "reportedCurrency": "USD",
        "cik": "0001219601",
        "fillingDate": "1990-09-30",
        "acceptedDate": "1990-09-30 00:00:00",
        "calendarYear": "1990",
        "period": "Q3",
        "revenue": 984000000,
        "costOfRevenue": 874300000,
        "grossProfit": 109700000,
        "grossProfitRatio": 0.1114837398,
        "researchAndDevelopmentExpenses": 0,
        "generalAndAdministrativeExpenses": 30300000,
        "sellingAndMarketingExpenses": 0,
        "sellingGeneralAndAdministrativeExpenses": 30300000,
        "otherExpenses": 0,
        "operatingExpenses": 30300000,
        "costAndExpenses": 904600000,
        "interestIncome": 0,
        "interestExpense": 23300000,
        "depreciationAndAmortization": 3500000,
        "ebitda": 79400000,
        "ebitdaratio": 0.0806910569,
        "operatingIncome": 79400000,
        "operatingIncomeRatio": 0.0806910569,
        "totalOtherIncomeExpensesNet": -23300000,
        "incomeBeforeTax": 56100000,
        "incomeBeforeTaxRatio": 0.0570121951,
        "incomeTaxExpense": 23900000,
        "netIncome": 32200000,
        "netIncomeRatio": 0.0327235772,
        "eps": 0.37,
        "epsdiluted": 0.37,
        "weightedAverageShsOut": 87027027,
        "weightedAverageShsOutDil": 87027027,
        "link": null,
        "finalLink": null
    },
    {
        "date": "1990-06-30",
        "symbol": "CCK",
        "reportedCurrency": "USD",
        "cik": "0001219601",
        "fillingDate": "1990-06-30",
        "acceptedDate": "1990-06-30 00:00:00",
        "calendarYear": "1990",
        "period": "Q2",
        "revenue": 675100000,
        "costOfRevenue": 591500000,
        "grossProfit": 83600000,
        "grossProfitRatio": 0.1238335061,
        "researchAndDevelopmentExpenses": 0,
        "generalAndAdministrativeExpenses": 16300000,
        "sellingAndMarketingExpenses": 0,
        "sellingGeneralAndAdministrativeExpenses": 16300000,
        "otherExpenses": 0,
        "operatingExpenses": 16300000,
        "costAndExpenses": 607800000,
        "interestIncome": 0,
        "interestExpense": 15700000,
        "depreciationAndAmortization": 3100000,
        "ebitda": 67300000,
        "ebitdaratio": 0.099688935,
        "operatingIncome": 67300000,
        "operatingIncomeRatio": 0.099688935,
        "totalOtherIncomeExpensesNet": -15700000,
        "incomeBeforeTax": 51600000,
        "incomeBeforeTaxRatio": 0.076433121,
        "incomeTaxExpense": 19500000,
        "netIncome": 32100000,
        "netIncomeRatio": 0.0475485113,
        "eps": 0.37,
        "epsdiluted": 0.37,
        "weightedAverageShsOut": 86756757,
        "weightedAverageShsOutDil": 86756757,
        "link": null,
        "finalLink": null
    },
    {
        "date": "1990-03-31",
        "symbol": "CCK",
        "reportedCurrency": "USD",
        "cik": "0001219601",
        "fillingDate": "1990-03-31",
        "acceptedDate": "1990-03-31 00:00:00",
        "calendarYear": "1990",
        "period": "Q1",
        "revenue": 566600000,
        "costOfRevenue": 500800000,
        "grossProfit": 65800000,
        "grossProfitRatio": 0.1161313096,
        "researchAndDevelopmentExpenses": 0,
        "generalAndAdministrativeExpenses": 17100000,
        "sellingAndMarketingExpenses": 0,
        "sellingGeneralAndAdministrativeExpenses": 17100000,
        "otherExpenses": 0,
        "operatingExpenses": 17100000,
        "costAndExpenses": 517900000,
        "interestIncome": 0,
        "interestExpense": 13000000,
        "depreciationAndAmortization": 3000000,
        "ebitda": 48700000,
        "ebitdaratio": 0.0859512884,
        "operatingIncome": 48700000,
        "operatingIncomeRatio": 0.0859512884,
        "totalOtherIncomeExpensesNet": -13000000,
        "incomeBeforeTax": 35700000,
        "incomeBeforeTaxRatio": 0.0630074126,
        "incomeTaxExpense": 14300000,
        "netIncome": 21400000,
        "netIncomeRatio": 0.0377691493,
        "eps": 0.25,
        "epsdiluted": 0.25,
        "weightedAverageShsOut": 85600000,
        "weightedAverageShsOutDil": 85600000,
        "link": null,
        "finalLink": null
    },
    {
        "date": "1989-12-31",
        "symbol": "CCK",
        "reportedCurrency": "USD",
        "cik": "0001219601",
        "fillingDate": "1989-12-31",
        "acceptedDate": "1989-12-31 00:00:00",
        "calendarYear": "1989",
        "period": "Q4",
        "revenue": 453500000,
        "costOfRevenue": 0,
        "grossProfit": 453500000,
        "grossProfitRatio": 1,
        "researchAndDevelopmentExpenses": 0,
        "generalAndAdministrativeExpenses": 0,
        "sellingAndMarketingExpenses": 0,
        "sellingGeneralAndAdministrativeExpenses": 0,
        "otherExpenses": -1766100000,
        "operatingExpenses": -1766100000,
        "costAndExpenses": -1766100000,
        "interestIncome": 0,
        "interestExpense": 0,
        "depreciationAndAmortization": 0,
        "ebitda": -1312600000,
        "ebitdaratio": -2.8943770673,
        "operatingIncome": -1312600000,
        "operatingIncomeRatio": -2.8943770673,
        "totalOtherIncomeExpensesNet": 1312600000,
        "incomeBeforeTax": 0,
        "incomeBeforeTaxRatio": 0,
        "incomeTaxExpense": 0,
        "netIncome": 18800000,
        "netIncomeRatio": 0.0414553473,
        "eps": 0.24,
        "epsdiluted": 0.24,
        "weightedAverageShsOut": 78644068,
        "weightedAverageShsOutDil": 78644068,
        "link": null,
        "finalLink": null
    },
    {
        "date": "1989-09-30",
        "symbol": "CCK",
        "reportedCurrency": "USD",
        "cik": "0001219601",
        "fillingDate": "1989-09-30",
        "acceptedDate": "1989-09-30 00:00:00",
        "calendarYear": "1989",
        "period": "Q3",
        "revenue": 509800000,
        "costOfRevenue": 0,
        "grossProfit": 509800000,
        "grossProfitRatio": 1,
        "researchAndDevelopmentExpenses": 0,
        "generalAndAdministrativeExpenses": 0,
        "sellingAndMarketingExpenses": 0,
        "sellingGeneralAndAdministrativeExpenses": 0,
        "otherExpenses": 0,
        "operatingExpenses": 0,
        "costAndExpenses": 0,
        "interestIncome": 0,
        "interestExpense": 0,
        "depreciationAndAmortization": 0,
        "ebitda": 509800000,
        "ebitdaratio": 1,
        "operatingIncome": 509800000,
        "operatingIncomeRatio": 1,
        "totalOtherIncomeExpensesNet": -509800000,
        "incomeBeforeTax": 0,
        "incomeBeforeTaxRatio": 0,
        "incomeTaxExpense": 0,
        "netIncome": 29000000,
        "netIncomeRatio": 0.056885053,
        "eps": 0.37,
        "epsdiluted": 0.37,
        "weightedAverageShsOut": 78644068,
        "weightedAverageShsOutDil": 78644068,
        "link": null,
        "finalLink": null
    },
    {
        "date": "1989-06-30",
        "symbol": "CCK",
        "reportedCurrency": "USD",
        "cik": "0001219601",
        "fillingDate": "1989-06-30",
        "acceptedDate": "1989-06-30 00:00:00",
        "calendarYear": "1989",
        "period": "Q2",
        "revenue": 514700000,
        "costOfRevenue": 452600000,
        "grossProfit": 62100000,
        "grossProfitRatio": 0.1206528075,
        "researchAndDevelopmentExpenses": 0,
        "generalAndAdministrativeExpenses": 13600000,
        "sellingAndMarketingExpenses": 0,
        "sellingGeneralAndAdministrativeExpenses": 13600000,
        "otherExpenses": 0,
        "operatingExpenses": 13600000,
        "costAndExpenses": 466200000,
        "interestIncome": 0,
        "interestExpense": 6100000,
        "depreciationAndAmortization": 2700000,
        "ebitda": 48500000,
        "ebitdaratio": 0.0942296483,
        "operatingIncome": 48500000,
        "operatingIncomeRatio": 0.0942296483,
        "totalOtherIncomeExpensesNet": -6100000,
        "incomeBeforeTax": 42400000,
        "incomeBeforeTaxRatio": 0.0823780843,
        "incomeTaxExpense": 15200000,
        "netIncome": 27200000,
        "netIncomeRatio": 0.0528463182,
        "eps": 0.35,
        "epsdiluted": 0.35,
        "weightedAverageShsOut": 77714286,
        "weightedAverageShsOutDil": 77714286,
        "link": null,
        "finalLink": null
    },
    {
        "date": "1989-03-31",
        "symbol": "CCK",
        "reportedCurrency": "USD",
        "cik": "0001219601",
        "fillingDate": "1989-03-31",
        "acceptedDate": "1989-03-31 00:00:00",
        "calendarYear": "1989",
        "period": "Q1",
        "revenue": 431800000,
        "costOfRevenue": 0,
        "grossProfit": 431800000,
        "grossProfitRatio": 1,
        "researchAndDevelopmentExpenses": 0,
        "generalAndAdministrativeExpenses": 0,
        "sellingAndMarketingExpenses": 0,
        "sellingGeneralAndAdministrativeExpenses": 0,
        "otherExpenses": 0,
        "operatingExpenses": 0,
        "costAndExpenses": 0,
        "interestIncome": 0,
        "interestExpense": 0,
        "depreciationAndAmortization": 0,
        "ebitda": 431800000,
        "ebitdaratio": 1,
        "operatingIncome": 431800000,
        "operatingIncomeRatio": 1,
        "totalOtherIncomeExpensesNet": -431800000,
        "incomeBeforeTax": 0,
        "incomeBeforeTaxRatio": 0,
        "incomeTaxExpense": 0,
        "netIncome": 19200000,
        "netIncomeRatio": 0.0444650301,
        "eps": 0.24,
        "epsdiluted": 0.24,
        "weightedAverageShsOut": 79928000,
        "weightedAverageShsOutDil": 79928000,
        "link": null,
        "finalLink": null
    },
    {
        "date": "1988-12-31",
        "symbol": "CCK",
        "reportedCurrency": "USD",
        "cik": "0001219601",
        "fillingDate": "1988-12-31",
        "acceptedDate": "1988-12-31 00:00:00",
        "calendarYear": "1988",
        "period": "Q4",
        "revenue": 413400000,
        "costOfRevenue": 0,
        "grossProfit": 413400000,
        "grossProfitRatio": 1,
        "researchAndDevelopmentExpenses": 0,
        "generalAndAdministrativeExpenses": 0,
        "sellingAndMarketingExpenses": 0,
        "sellingGeneralAndAdministrativeExpenses": 0,
        "otherExpenses": -1677600000,
        "operatingExpenses": -1677600000,
        "costAndExpenses": -1677600000,
        "interestIncome": 0,
        "interestExpense": 0,
        "depreciationAndAmortization": 0,
        "ebitda": -1264200000,
        "ebitdaratio": -3.0580551524,
        "operatingIncome": -1264200000,
        "operatingIncomeRatio": -3.0580551524,
        "totalOtherIncomeExpensesNet": 1264200000,
        "incomeBeforeTax": 0,
        "incomeBeforeTaxRatio": 0,
        "incomeTaxExpense": 0,
        "netIncome": 18200000,
        "netIncomeRatio": 0.0440251572,
        "eps": 0.22,
        "epsdiluted": 0.22,
        "weightedAverageShsOut": 81135000,
        "weightedAverageShsOutDil": 83303000,
        "link": null,
        "finalLink": null
    },
    {
        "date": "1988-09-30",
        "symbol": "CCK",
        "reportedCurrency": "USD",
        "cik": "0001219601",
        "fillingDate": "1988-09-30",
        "acceptedDate": "1988-09-30 00:00:00",
        "calendarYear": "1988",
        "period": "Q3",
        "revenue": 485600000,
        "costOfRevenue": 0,
        "grossProfit": 485600000,
        "grossProfitRatio": 1,
        "researchAndDevelopmentExpenses": 0,
        "generalAndAdministrativeExpenses": 0,
        "sellingAndMarketingExpenses": 0,
        "sellingGeneralAndAdministrativeExpenses": 0,
        "otherExpenses": 0,
        "operatingExpenses": 0,
        "costAndExpenses": 0,
        "interestIncome": 0,
        "interestExpense": 0,
        "depreciationAndAmortization": 0,
        "ebitda": 485600000,
        "ebitdaratio": 1,
        "operatingIncome": 485600000,
        "operatingIncomeRatio": 1,
        "totalOtherIncomeExpensesNet": -485600000,
        "incomeBeforeTax": 0,
        "incomeBeforeTaxRatio": 0,
        "incomeTaxExpense": 0,
        "netIncome": 28900000,
        "netIncomeRatio": 0.0595140033,
        "eps": 0.35,
        "epsdiluted": 0.35,
        "weightedAverageShsOut": 83303000,
        "weightedAverageShsOutDil": 83303000,
        "link": null,
        "finalLink": null
    },
    {
        "date": "1988-06-30",
        "symbol": "CCK",
        "reportedCurrency": "USD",
        "cik": "0001219601",
        "fillingDate": "1988-06-30",
        "acceptedDate": "1988-06-30 00:00:00",
        "calendarYear": "1988",
        "period": "Q2",
        "revenue": 519300000,
        "costOfRevenue": 0,
        "grossProfit": 519300000,
        "grossProfitRatio": 1,
        "researchAndDevelopmentExpenses": 0,
        "generalAndAdministrativeExpenses": 0,
        "sellingAndMarketingExpenses": 0,
        "sellingGeneralAndAdministrativeExpenses": 0,
        "otherExpenses": 0,
        "operatingExpenses": 0,
        "costAndExpenses": 0,
        "interestIncome": 0,
        "interestExpense": 0,
        "depreciationAndAmortization": 0,
        "ebitda": 519300000,
        "ebitdaratio": 1,
        "operatingIncome": 519300000,
        "operatingIncomeRatio": 1,
        "totalOtherIncomeExpensesNet": -519300000,
        "incomeBeforeTax": 0,
        "incomeBeforeTaxRatio": 0,
        "incomeTaxExpense": 0,
        "netIncome": 28000000,
        "netIncomeRatio": 0.0539187368,
        "eps": 0.33,
        "epsdiluted": 0.32,
        "weightedAverageShsOut": 84339000,
        "weightedAverageShsOutDil": 86273000,
        "link": null,
        "finalLink": null
    },
    {
        "date": "1988-03-31",
        "symbol": "CCK",
        "reportedCurrency": "USD",
        "cik": "0001219601",
        "fillingDate": "1988-03-31",
        "acceptedDate": "1988-03-31 00:00:00",
        "calendarYear": "1988",
        "period": "Q1",
        "revenue": 415800000,
        "costOfRevenue": 0,
        "grossProfit": 415800000,
        "grossProfitRatio": 1,
        "researchAndDevelopmentExpenses": 0,
        "generalAndAdministrativeExpenses": 0,
        "sellingAndMarketingExpenses": 0,
        "sellingGeneralAndAdministrativeExpenses": 0,
        "otherExpenses": 0,
        "operatingExpenses": 0,
        "costAndExpenses": 0,
        "interestIncome": 0,
        "interestExpense": 0,
        "depreciationAndAmortization": 0,
        "ebitda": 415800000,
        "ebitdaratio": 1,
        "operatingIncome": 415800000,
        "operatingIncomeRatio": 1,
        "totalOtherIncomeExpensesNet": -415800000,
        "incomeBeforeTax": 0,
        "incomeBeforeTaxRatio": 0,
        "incomeTaxExpense": 0,
        "netIncome": 18400000,
        "netIncomeRatio": 0.0442520443,
        "eps": 0.22,
        "epsdiluted": 0.21,
        "weightedAverageShsOut": 84339000,
        "weightedAverageShsOutDil": 86273000,
        "link": null,
        "finalLink": null
    },
    {
        "date": "1987-12-31",
        "symbol": "CCK",
        "reportedCurrency": "USD",
        "cik": "0001219601",
        "fillingDate": "1987-12-31",
        "acceptedDate": "1987-12-31 00:00:00",
        "calendarYear": "1987",
        "period": "Q4",
        "revenue": 393800000,
        "costOfRevenue": 0,
        "grossProfit": 393800000,
        "grossProfitRatio": 1,
        "researchAndDevelopmentExpenses": 0,
        "generalAndAdministrativeExpenses": 0,
        "sellingAndMarketingExpenses": 0,
        "sellingGeneralAndAdministrativeExpenses": 0,
        "otherExpenses": -1551600000,
        "operatingExpenses": -1551600000,
        "costAndExpenses": -1551600000,
        "interestIncome": 0,
        "interestExpense": 0,
        "depreciationAndAmortization": 0,
        "ebitda": -1157800000,
        "ebitdaratio": -2.9400711021,
        "operatingIncome": -1157800000,
        "operatingIncomeRatio": -2.9400711021,
        "totalOtherIncomeExpensesNet": 1157800000,
        "incomeBeforeTax": 0,
        "incomeBeforeTaxRatio": 0,
        "incomeTaxExpense": 0,
        "netIncome": 16500000,
        "netIncomeRatio": 0.0418994413,
        "eps": 0.18,
        "epsdiluted": 0.18,
        "weightedAverageShsOut": 85375000,
        "weightedAverageShsOutDil": 89243000,
        "link": null,
        "finalLink": null
    },
    {
        "date": "1987-09-30",
        "symbol": "CCK",
        "reportedCurrency": "USD",
        "cik": "0001219601",
        "fillingDate": "1987-09-30",
        "acceptedDate": "1987-09-30 00:00:00",
        "calendarYear": "1987",
        "period": "Q3",
        "revenue": 462000000,
        "costOfRevenue": 0,
        "grossProfit": 462000000,
        "grossProfitRatio": 1,
        "researchAndDevelopmentExpenses": 0,
        "generalAndAdministrativeExpenses": 0,
        "sellingAndMarketingExpenses": 0,
        "sellingGeneralAndAdministrativeExpenses": 0,
        "otherExpenses": 0,
        "operatingExpenses": 0,
        "costAndExpenses": 0,
        "interestIncome": 0,
        "interestExpense": 0,
        "depreciationAndAmortization": 0,
        "ebitda": 462000000,
        "ebitdaratio": 1,
        "operatingIncome": 462000000,
        "operatingIncomeRatio": 1,
        "totalOtherIncomeExpensesNet": -462000000,
        "incomeBeforeTax": 0,
        "incomeBeforeTaxRatio": 0,
        "incomeTaxExpense": 0,
        "netIncome": 27900000,
        "netIncomeRatio": 0.0603896104,
        "eps": 0.3,
        "epsdiluted": 0.3,
        "weightedAverageShsOut": 89243000,
        "weightedAverageShsOutDil": 89243000,
        "link": null,
        "finalLink": null
    },
    {
        "date": "1987-06-30",
        "symbol": "CCK",
        "reportedCurrency": "USD",
        "cik": "0001219601",
        "fillingDate": "1987-06-30",
        "acceptedDate": "1987-06-30 00:00:00",
        "calendarYear": "1987",
        "period": "Q2",
        "revenue": 483800000,
        "costOfRevenue": 0,
        "grossProfit": 483800000,
        "grossProfitRatio": 1,
        "researchAndDevelopmentExpenses": 0,
        "generalAndAdministrativeExpenses": 0,
        "sellingAndMarketingExpenses": 0,
        "sellingGeneralAndAdministrativeExpenses": 0,
        "otherExpenses": 0,
        "operatingExpenses": 0,
        "costAndExpenses": 0,
        "interestIncome": 0,
        "interestExpense": 0,
        "depreciationAndAmortization": 0,
        "ebitda": 483800000,
        "ebitdaratio": 1,
        "operatingIncome": 483800000,
        "operatingIncomeRatio": 1,
        "totalOtherIncomeExpensesNet": -483800000,
        "incomeBeforeTax": 0,
        "incomeBeforeTaxRatio": 0,
        "incomeTaxExpense": 0,
        "netIncome": 26700000,
        "netIncomeRatio": 0.0551880943,
        "eps": 0.28,
        "epsdiluted": 0.28,
        "weightedAverageShsOut": 89784000,
        "weightedAverageShsOutDil": 89784000,
        "link": null,
        "finalLink": null
    },
    {
        "date": "1987-03-31",
        "symbol": "CCK",
        "reportedCurrency": "USD",
        "cik": "0001219601",
        "fillingDate": "1987-03-31",
        "acceptedDate": "1987-03-31 00:00:00",
        "calendarYear": "1987",
        "period": "Q1",
        "revenue": 378300000,
        "costOfRevenue": 0,
        "grossProfit": 378300000,
        "grossProfitRatio": 1,
        "researchAndDevelopmentExpenses": 0,
        "generalAndAdministrativeExpenses": 0,
        "sellingAndMarketingExpenses": 0,
        "sellingGeneralAndAdministrativeExpenses": 0,
        "otherExpenses": 0,
        "operatingExpenses": 0,
        "costAndExpenses": 0,
        "interestIncome": 0,
        "interestExpense": 0,
        "depreciationAndAmortization": 0,
        "ebitda": 378300000,
        "ebitdaratio": 1,
        "operatingIncome": 378300000,
        "operatingIncomeRatio": 1,
        "totalOtherIncomeExpensesNet": -378300000,
        "incomeBeforeTax": 0,
        "incomeBeforeTaxRatio": 0,
        "incomeTaxExpense": 0,
        "netIncome": 17100000,
        "netIncomeRatio": 0.0452022205,
        "eps": 0.18,
        "epsdiluted": 0.18,
        "weightedAverageShsOut": 89640000,
        "weightedAverageShsOutDil": 89640000,
        "link": null,
        "finalLink": null
    },
    {
        "date": "1986-12-31",
        "symbol": "CCK",
        "reportedCurrency": "USD",
        "cik": "0001219601",
        "fillingDate": "1986-12-31",
        "acceptedDate": "1986-12-31 00:00:00",
        "calendarYear": "1986",
        "period": "Q4",
        "revenue": 358600000,
        "costOfRevenue": 0,
        "grossProfit": 358600000,
        "grossProfitRatio": 1,
        "researchAndDevelopmentExpenses": 0,
        "generalAndAdministrativeExpenses": 0,
        "sellingAndMarketingExpenses": 0,
        "sellingGeneralAndAdministrativeExpenses": 0,
        "otherExpenses": -1464100000,
        "operatingExpenses": -1464100000,
        "costAndExpenses": -1464100000,
        "interestIncome": 0,
        "interestExpense": 0,
        "depreciationAndAmortization": 0,
        "ebitda": -1105500000,
        "ebitdaratio": -3.0828220859,
        "operatingIncome": -1105500000,
        "operatingIncomeRatio": -3.0828220859,
        "totalOtherIncomeExpensesNet": 1105500000,
        "incomeBeforeTax": 0,
        "incomeBeforeTaxRatio": 0,
        "incomeTaxExpense": 0,
        "netIncome": 15500000,
        "netIncomeRatio": 0.0432236475,
        "eps": 0.17,
        "epsdiluted": 0.17,
        "weightedAverageShsOut": 89784000,
        "weightedAverageShsOutDil": 91544000,
        "link": null,
        "finalLink": null
    },
    {
        "date": "1986-09-30",
        "symbol": "CCK",
        "reportedCurrency": "USD",
        "cik": "0001219601",
        "fillingDate": "1986-09-30",
        "acceptedDate": "1986-09-30 00:00:00",
        "calendarYear": "1986",
        "period": "Q3",
        "revenue": 438100000,
        "costOfRevenue": 0,
        "grossProfit": 438100000,
        "grossProfitRatio": 1,
        "researchAndDevelopmentExpenses": 0,
        "generalAndAdministrativeExpenses": 0,
        "sellingAndMarketingExpenses": 0,
        "sellingGeneralAndAdministrativeExpenses": 0,
        "otherExpenses": 0,
        "operatingExpenses": 0,
        "costAndExpenses": 0,
        "interestIncome": 0,
        "interestExpense": 0,
        "depreciationAndAmortization": 0,
        "ebitda": 438100000,
        "ebitdaratio": 1,
        "operatingIncome": 438100000,
        "operatingIncomeRatio": 1,
        "totalOtherIncomeExpensesNet": -438100000,
        "incomeBeforeTax": 0,
        "incomeBeforeTaxRatio": 0,
        "incomeTaxExpense": 0,
        "netIncome": 24700000,
        "netIncomeRatio": 0.056379822,
        "eps": 0.26,
        "epsdiluted": 0.26,
        "weightedAverageShsOut": 91544000,
        "weightedAverageShsOutDil": 91544000,
        "link": null,
        "finalLink": null
    },
    {
        "date": "1986-06-30",
        "symbol": "CCK",
        "reportedCurrency": "USD",
        "cik": "0001219601",
        "fillingDate": "1986-06-30",
        "acceptedDate": "1986-06-30 00:00:00",
        "calendarYear": "1986",
        "period": "Q2",
        "revenue": 465000000,
        "costOfRevenue": 0,
        "grossProfit": 465000000,
        "grossProfitRatio": 1,
        "researchAndDevelopmentExpenses": 0,
        "generalAndAdministrativeExpenses": 0,
        "sellingAndMarketingExpenses": 0,
        "sellingGeneralAndAdministrativeExpenses": 0,
        "otherExpenses": 0,
        "operatingExpenses": 0,
        "costAndExpenses": 0,
        "interestIncome": 0,
        "interestExpense": 0,
        "depreciationAndAmortization": 0,
        "ebitda": 465000000,
        "ebitdaratio": 1,
        "operatingIncome": 465000000,
        "operatingIncomeRatio": 1,
        "totalOtherIncomeExpensesNet": -465000000,
        "incomeBeforeTax": 0,
        "incomeBeforeTaxRatio": 0,
        "incomeTaxExpense": 0,
        "netIncome": 23800000,
        "netIncomeRatio": 0.0511827957,
        "eps": 0.25,
        "epsdiluted": 0.25,
        "weightedAverageShsOut": 93048000,
        "weightedAverageShsOutDil": 93048000,
        "link": null,
        "finalLink": null
    },
    {
        "date": "1986-03-31",
        "symbol": "CCK",
        "reportedCurrency": "USD",
        "cik": "0001219601",
        "fillingDate": "1986-03-31",
        "acceptedDate": "1986-03-31 00:00:00",
        "calendarYear": "1986",
        "period": "Q1",
        "revenue": 357200000,
        "costOfRevenue": 0,
        "grossProfit": 357200000,
        "grossProfitRatio": 1,
        "researchAndDevelopmentExpenses": 0,
        "generalAndAdministrativeExpenses": 0,
        "sellingAndMarketingExpenses": 0,
        "sellingGeneralAndAdministrativeExpenses": 0,
        "otherExpenses": 0,
        "operatingExpenses": 0,
        "costAndExpenses": 0,
        "interestIncome": 0,
        "interestExpense": 0,
        "depreciationAndAmortization": 0,
        "ebitda": 357200000,
        "ebitdaratio": 1,
        "operatingIncome": 357200000,
        "operatingIncomeRatio": 1,
        "totalOtherIncomeExpensesNet": -357200000,
        "incomeBeforeTax": 0,
        "incomeBeforeTaxRatio": 0,
        "incomeTaxExpense": 0,
        "netIncome": 15400000,
        "netIncomeRatio": 0.0431131019,
        "eps": 0.16,
        "epsdiluted": 0.16,
        "weightedAverageShsOut": 95141000,
        "weightedAverageShsOutDil": 95141000,
        "link": null,
        "finalLink": null
    },
    {
        "date": "1985-12-31",
        "symbol": "CCK",
        "reportedCurrency": "USD",
        "cik": "0001219601",
        "fillingDate": "1985-12-31",
        "acceptedDate": "1985-12-31 00:00:00",
        "calendarYear": "1985",
        "period": "Q4",
        "revenue": 341200000,
        "costOfRevenue": 0,
        "grossProfit": 341200000,
        "grossProfitRatio": 1,
        "researchAndDevelopmentExpenses": 0,
        "generalAndAdministrativeExpenses": 0,
        "sellingAndMarketingExpenses": 0,
        "sellingGeneralAndAdministrativeExpenses": 0,
        "otherExpenses": -1347000000,
        "operatingExpenses": -1347000000,
        "costAndExpenses": -1347000000,
        "interestIncome": 0,
        "interestExpense": 0,
        "depreciationAndAmortization": 0,
        "ebitda": -1005800000,
        "ebitdaratio": -2.9478311841,
        "operatingIncome": -1005800000,
        "operatingIncomeRatio": -2.9478311841,
        "totalOtherIncomeExpensesNet": 1005800000,
        "incomeBeforeTax": 0,
        "incomeBeforeTaxRatio": 0,
        "incomeTaxExpense": 0,
        "netIncome": 14100000,
        "netIncomeRatio": 0.0413247362,
        "eps": 0.14,
        "epsdiluted": 0.14,
        "weightedAverageShsOut": 94988000,
        "weightedAverageShsOutDil": 96150000,
        "link": null,
        "finalLink": null
    },
    {
        "date": "1985-09-30",
        "symbol": "CCK",
        "reportedCurrency": "USD",
        "cik": "0001219601",
        "fillingDate": "1985-09-30",
        "acceptedDate": "1985-09-30 00:00:00",
        "calendarYear": "1985",
        "period": "Q3",
        "revenue": 421900000,
        "costOfRevenue": 0,
        "grossProfit": 421900000,
        "grossProfitRatio": 1,
        "researchAndDevelopmentExpenses": 0,
        "generalAndAdministrativeExpenses": 0,
        "sellingAndMarketingExpenses": 0,
        "sellingGeneralAndAdministrativeExpenses": 0,
        "otherExpenses": 0,
        "operatingExpenses": 0,
        "costAndExpenses": 0,
        "interestIncome": 0,
        "interestExpense": 0,
        "depreciationAndAmortization": 0,
        "ebitda": 421900000,
        "ebitdaratio": 1,
        "operatingIncome": 421900000,
        "operatingIncomeRatio": 1,
        "totalOtherIncomeExpensesNet": -421900000,
        "incomeBeforeTax": 0,
        "incomeBeforeTaxRatio": 0,
        "incomeTaxExpense": 0,
        "netIncome": 23300000,
        "netIncomeRatio": 0.055226357,
        "eps": 0.24,
        "epsdiluted": 0.24,
        "weightedAverageShsOut": 96150000,
        "weightedAverageShsOutDil": 96150000,
        "link": null,
        "finalLink": null
    }
]