[
    {
        "date": "2025-06-30",
        "symbol": "CE",
        "reportedCurrency": "USD",
        "cik": "0001306830",
        "fillingDate": "2025-08-11",
        "acceptedDate": "2025-08-11 16:36:44",
        "calendarYear": "2025",
        "period": "Q2",
        "revenue": 2532000000,
        "costOfRevenue": 1997000000,
        "grossProfit": 535000000,
        "grossProfitRatio": 0.2112954186,
        "researchAndDevelopmentExpenses": 31000000,
        "generalAndAdministrativeExpenses": 213000000,
        "sellingAndMarketingExpenses": 0,
        "sellingGeneralAndAdministrativeExpenses": 213000000,
        "otherExpenses": 58000000,
        "operatingExpenses": 302000000,
        "costAndExpenses": 2299000000,
        "interestIncome": 7000000,
        "interestExpense": 177000000,
        "depreciationAndAmortization": 193000000,
        "ebitda": 505000000,
        "ebitdaratio": 0.1994470774,
        "operatingIncome": 233000000,
        "operatingIncomeRatio": 0.0920221169,
        "totalOtherIncomeExpensesNet": -98000000,
        "incomeBeforeTax": 135000000,
        "incomeBeforeTaxRatio": 0.0533175355,
        "incomeTaxExpense": -77000000,
        "netIncome": 199000000,
        "netIncomeRatio": 0.0785939968,
        "eps": 1.82,
        "epsdiluted": 1.81,
        "weightedAverageShsOut": 109526113,
        "weightedAverageShsOutDil": 109734396,
        "link": "https://www.sec.gov/Archives/edgar/data/1306830/000130683025000174/0001306830-25-000174-index.htm",
        "finalLink": "https://www.sec.gov/Archives/edgar/data/1306830/000130683025000174/ce-20250630.htm"
    },
    {
        "date": "2025-03-31",
        "symbol": "CE",
        "reportedCurrency": "USD",
        "cik": "0001306830",
        "fillingDate": "2025-05-06",
        "acceptedDate": "2025-05-06 16:12:38",
        "calendarYear": "2025",
        "period": "Q1",
        "revenue": 2389000000,
        "costOfRevenue": 1913000000,
        "grossProfit": 476000000,
        "grossProfitRatio": 0.1992465467,
        "researchAndDevelopmentExpenses": 31000000,
        "generalAndAdministrativeExpenses": 0,
        "sellingAndMarketingExpenses": 0,
        "sellingGeneralAndAdministrativeExpenses": 230000000,
        "otherExpenses": 47000000,
        "operatingExpenses": 308000000,
        "costAndExpenses": 2221000000,
        "interestIncome": 4000000,
        "interestExpense": 201000000,
        "depreciationAndAmortization": 191000000,
        "ebitda": 358000000,
        "ebitdaratio": 0.1498534952,
        "operatingIncome": 168000000,
        "operatingIncomeRatio": 0.0703223106,
        "totalOtherIncomeExpensesNet": -171000000,
        "incomeBeforeTax": -3000000,
        "incomeBeforeTaxRatio": -0.0012557555,
        "incomeTaxExpense": 9000000,
        "netIncome": -21000000,
        "netIncomeRatio": -0.0087902888,
        "eps": -0.19,
        "epsdiluted": -0.19,
        "weightedAverageShsOut": 109421035,
        "weightedAverageShsOutDil": 109421035,
        "link": "https://www.sec.gov/Archives/edgar/data/1306830/000130683025000105/0001306830-25-000105-index.htm",
        "finalLink": "https://www.sec.gov/Archives/edgar/data/1306830/000130683025000105/ce-20250331.htm"
    },
    {
        "date": "2024-12-31",
        "symbol": "CE",
        "reportedCurrency": "USD",
        "cik": "0001306830",
        "fillingDate": "2025-02-21",
        "acceptedDate": "2025-02-21 16:06:51",
        "calendarYear": "2024",
        "period": "Q4",
        "revenue": 2370000000,
        "costOfRevenue": 1831000000,
        "grossProfit": 539000000,
        "grossProfitRatio": 0.2274261603,
        "researchAndDevelopmentExpenses": 31000000,
        "generalAndAdministrativeExpenses": 501000000,
        "sellingAndMarketingExpenses": -2000000,
        "sellingGeneralAndAdministrativeExpenses": 262000000,
        "otherExpenses": 1651000000,
        "operatingExpenses": 1944000000,
        "costAndExpenses": 3775000000,
        "interestIncome": 5000000,
        "interestExpense": 164000000,
        "depreciationAndAmortization": 184000000,
        "ebitda": -1172000000,
        "ebitdaratio": -0.4945147679,
        "operatingIncome": -1405000000,
        "operatingIncomeRatio": -0.5928270042,
        "totalOtherIncomeExpensesNet": -114000000,
        "incomeBeforeTax": -1519000000,
        "incomeBeforeTaxRatio": -0.64092827,
        "incomeTaxExpense": 387000000,
        "netIncome": -1914000000,
        "netIncomeRatio": -0.8075949367,
        "eps": -17.5,
        "epsdiluted": -17.5,
        "weightedAverageShsOut": 109400000,
        "weightedAverageShsOutDil": 109400000,
        "link": "https://www.sec.gov/Archives/edgar/data/1306830/000130683025000027/0001306830-25-000027-index.htm",
        "finalLink": "https://www.sec.gov/Archives/edgar/data/1306830/000130683025000027/ce-20241231.htm"
    },
    {
        "date": "2024-09-30",
        "symbol": "CE",
        "reportedCurrency": "USD",
        "cik": "0001306830",
        "fillingDate": "2024-11-12",
        "acceptedDate": "2024-11-12 16:37:03",
        "calendarYear": "2024",
        "period": "Q3",
        "revenue": 2648000000,
        "costOfRevenue": 2026000000,
        "grossProfit": 622000000,
        "grossProfitRatio": 0.2348942598,
        "researchAndDevelopmentExpenses": 32000000,
        "generalAndAdministrativeExpenses": 248000000,
        "sellingAndMarketingExpenses": 0,
        "sellingGeneralAndAdministrativeExpenses": 248000000,
        "otherExpenses": 94000000,
        "operatingExpenses": 374000000,
        "costAndExpenses": 2400000000,
        "interestIncome": 5000000,
        "interestExpense": 169000000,
        "depreciationAndAmortization": 209000000,
        "ebitda": 561000000,
        "ebitdaratio": 0.211858006,
        "operatingIncome": 248000000,
        "operatingIncomeRatio": 0.0936555891,
        "totalOtherIncomeExpensesNet": -65000000,
        "incomeBeforeTax": 183000000,
        "incomeBeforeTaxRatio": 0.0691087613,
        "incomeTaxExpense": 61000000,
        "netIncome": 116000000,
        "netIncomeRatio": 0.0438066465,
        "eps": 1.06,
        "epsdiluted": 1.06,
        "weightedAverageShsOut": 109338977,
        "weightedAverageShsOutDil": 109535037,
        "link": "https://www.sec.gov/Archives/edgar/data/1306830/000130683024000184/0001306830-24-000184-index.htm",
        "finalLink": "https://www.sec.gov/Archives/edgar/data/1306830/000130683024000184/ce-20240930.htm"
    },
    {
        "date": "2024-06-30",
        "symbol": "CE",
        "reportedCurrency": "USD",
        "cik": "0001306830",
        "fillingDate": "2024-08-02",
        "acceptedDate": "2024-08-02 16:17:22",
        "calendarYear": "2024",
        "period": "Q2",
        "revenue": 2651000000,
        "costOfRevenue": 2010000000,
        "grossProfit": 641000000,
        "grossProfitRatio": 0.2417955488,
        "researchAndDevelopmentExpenses": 33000000,
        "generalAndAdministrativeExpenses": 253000000,
        "sellingAndMarketingExpenses": 2000000,
        "sellingGeneralAndAdministrativeExpenses": 255000000,
        "otherExpenses": 103000000,
        "operatingExpenses": 391000000,
        "costAndExpenses": 2401000000,
        "interestIncome": 10000000,
        "interestExpense": 174000000,
        "depreciationAndAmortization": 198000000,
        "ebitda": 555000000,
        "ebitdaratio": 0.2093549604,
        "operatingIncome": 250000000,
        "operatingIncomeRatio": 0.0943040362,
        "totalOtherIncomeExpensesNet": -67000000,
        "incomeBeforeTax": 183000000,
        "incomeBeforeTaxRatio": 0.0690305545,
        "incomeTaxExpense": 29000000,
        "netIncome": 155000000,
        "netIncomeRatio": 0.0584685025,
        "eps": 1.42,
        "epsdiluted": 1.41,
        "weightedAverageShsOut": 109314411,
        "weightedAverageShsOutDil": 109547401,
        "link": "https://www.sec.gov/Archives/edgar/data/1306830/000130683024000155/0001306830-24-000155-index.htm",
        "finalLink": "https://www.sec.gov/Archives/edgar/data/1306830/000130683024000155/ce-20240630.htm"
    },
    {
        "date": "2024-03-31",
        "symbol": "CE",
        "reportedCurrency": "USD",
        "cik": "0001306830",
        "fillingDate": "2024-05-10",
        "acceptedDate": "2024-05-10 16:15:43",
        "calendarYear": "2024",
        "period": "Q1",
        "revenue": 2611000000,
        "costOfRevenue": 2057000000,
        "grossProfit": 554000000,
        "grossProfitRatio": 0.2121792417,
        "researchAndDevelopmentExpenses": 34000000,
        "generalAndAdministrativeExpenses": 0,
        "sellingAndMarketingExpenses": 0,
        "sellingGeneralAndAdministrativeExpenses": 265000000,
        "otherExpenses": 45000000,
        "operatingExpenses": 344000000,
        "costAndExpenses": 2401000000,
        "interestIncome": 13000000,
        "interestExpense": 169000000,
        "depreciationAndAmortization": 227000000,
        "ebitda": 553000000,
        "ebitdaratio": 0.2117962466,
        "operatingIncome": 210000000,
        "operatingIncomeRatio": 0.0804289544,
        "totalOtherIncomeExpensesNet": -53000000,
        "incomeBeforeTax": 157000000,
        "incomeBeforeTaxRatio": 0.0601302183,
        "incomeTaxExpense": 33000000,
        "netIncome": 121000000,
        "netIncomeRatio": 0.0463423975,
        "eps": 1.11,
        "epsdiluted": 1.1,
        "weightedAverageShsOut": 109069060,
        "weightedAverageShsOutDil": 109513991,
        "link": "https://www.sec.gov/Archives/edgar/data/1306830/000130683024000098/0001306830-24-000098-index.htm",
        "finalLink": "https://www.sec.gov/Archives/edgar/data/1306830/000130683024000098/ce-20240331.htm"
    },
    {
        "date": "2023-12-31",
        "symbol": "CE",
        "reportedCurrency": "USD",
        "cik": "0001306830",
        "fillingDate": "2024-02-23",
        "acceptedDate": "2024-02-23 21:19:23",
        "calendarYear": "2023",
        "period": "Q4",
        "revenue": 2569000000,
        "costOfRevenue": 1956000000,
        "grossProfit": 613000000,
        "grossProfitRatio": 0.2386142468,
        "researchAndDevelopmentExpenses": 32000000,
        "generalAndAdministrativeExpenses": 0,
        "sellingAndMarketingExpenses": 0,
        "sellingGeneralAndAdministrativeExpenses": 272000000,
        "otherExpenses": 50000000,
        "operatingExpenses": 354000000,
        "costAndExpenses": 2310000000,
        "interestIncome": 12000000,
        "interestExpense": 178000000,
        "depreciationAndAmortization": 174000000,
        "ebitda": 483000000,
        "ebitdaratio": 0.1880108992,
        "operatingIncome": 259000000,
        "operatingIncomeRatio": 0.1008174387,
        "totalOtherIncomeExpensesNet": -127000000,
        "incomeBeforeTax": 132000000,
        "incomeBeforeTaxRatio": 0.0513818606,
        "incomeTaxExpense": 575000000,
        "netIncome": 698000000,
        "netIncomeRatio": 0.271701051,
        "eps": 6.4,
        "epsdiluted": 6.37,
        "weightedAverageShsOut": 109000000,
        "weightedAverageShsOutDil": 109500000,
        "link": "https://www.sec.gov/Archives/edgar/data/1306830/000130683024000029/0001306830-24-000029-index.htm",
        "finalLink": "https://www.sec.gov/Archives/edgar/data/1306830/000130683024000029/ce-20231231.htm"
    },
    {
        "date": "2023-09-30",
        "symbol": "CE",
        "reportedCurrency": "USD",
        "cik": "0001306830",
        "fillingDate": "2023-11-08",
        "acceptedDate": "2023-11-08 16:21:13",
        "calendarYear": "2023",
        "period": "Q3",
        "revenue": 2723000000,
        "costOfRevenue": 2050000000,
        "grossProfit": 673000000,
        "grossProfitRatio": 0.2471538744,
        "researchAndDevelopmentExpenses": 32000000,
        "generalAndAdministrativeExpenses": 245000000,
        "sellingAndMarketingExpenses": 0,
        "sellingGeneralAndAdministrativeExpenses": 244000000,
        "otherExpenses": -445000000,
        "operatingExpenses": -169000000,
        "costAndExpenses": 1881000000,
        "interestIncome": 12000000,
        "interestExpense": 183000000,
        "depreciationAndAmortization": 185000000,
        "ebitda": 1082000000,
        "ebitdaratio": 0.3973558575,
        "operatingIncome": 842000000,
        "operatingIncomeRatio": 0.3092177745,
        "totalOtherIncomeExpensesNet": -128000000,
        "incomeBeforeTax": 714000000,
        "incomeBeforeTaxRatio": 0.2622107969,
        "incomeTaxExpense": -236000000,
        "netIncome": 951000000,
        "netIncomeRatio": 0.3492471539,
        "eps": 8.73,
        "epsdiluted": 8.69,
        "weightedAverageShsOut": 108918986,
        "weightedAverageShsOutDil": 109439486,
        "link": "https://www.sec.gov/Archives/edgar/data/1306830/000130683023000161/0001306830-23-000161-index.htm",
        "finalLink": "https://www.sec.gov/Archives/edgar/data/1306830/000130683023000161/ce-20230930.htm"
    },
    {
        "date": "2023-06-30",
        "symbol": "CE",
        "reportedCurrency": "USD",
        "cik": "0001306830",
        "fillingDate": "2023-08-08",
        "acceptedDate": "2023-08-08 16:25:23",
        "calendarYear": "2023",
        "period": "Q2",
        "revenue": 2795000000,
        "costOfRevenue": 2109000000,
        "grossProfit": 686000000,
        "grossProfitRatio": 0.2454382826,
        "researchAndDevelopmentExpenses": 40000000,
        "generalAndAdministrativeExpenses": 276000000,
        "sellingAndMarketingExpenses": 0,
        "sellingGeneralAndAdministrativeExpenses": 276000000,
        "otherExpenses": 35000000,
        "operatingExpenses": 351000000,
        "costAndExpenses": 2435000000,
        "interestIncome": 7000000,
        "interestExpense": 182000000,
        "depreciationAndAmortization": 181000000,
        "ebitda": 577000000,
        "ebitdaratio": 0.2064400716,
        "operatingIncome": 335000000,
        "operatingIncomeRatio": 0.1198568873,
        "totalOtherIncomeExpensesNet": -112000000,
        "incomeBeforeTax": 216000000,
        "incomeBeforeTaxRatio": 0.0772808587,
        "incomeTaxExpense": -4000000,
        "netIncome": 220000000,
        "netIncomeRatio": 0.0787119857,
        "eps": 2.02,
        "epsdiluted": 2.01,
        "weightedAverageShsOut": 108900000,
        "weightedAverageShsOutDil": 109306331,
        "link": "https://www.sec.gov/Archives/edgar/data/1306830/000130683023000129/0001306830-23-000129-index.htm",
        "finalLink": "https://www.sec.gov/Archives/edgar/data/1306830/000130683023000129/ce-20230630.htm"
    },
    {
        "date": "2023-03-31",
        "symbol": "CE",
        "reportedCurrency": "USD",
        "cik": "0001306830",
        "fillingDate": "2023-05-10",
        "acceptedDate": "2023-05-10 16:25:40",
        "calendarYear": "2023",
        "period": "Q1",
        "revenue": 2853000000,
        "costOfRevenue": 2222000000,
        "grossProfit": 631000000,
        "grossProfitRatio": 0.2211706975,
        "researchAndDevelopmentExpenses": 42000000,
        "generalAndAdministrativeExpenses": 0,
        "sellingAndMarketingExpenses": 0,
        "sellingGeneralAndAdministrativeExpenses": 285000000,
        "otherExpenses": 41000000,
        "operatingExpenses": 368000000,
        "costAndExpenses": 2590000000,
        "interestIncome": 8000000,
        "interestExpense": 182000000,
        "depreciationAndAmortization": 178000000,
        "ebitda": 479000000,
        "ebitdaratio": 0.1678934455,
        "operatingIncome": 251000000,
        "operatingIncomeRatio": 0.0879775675,
        "totalOtherIncomeExpensesNet": -130000000,
        "incomeBeforeTax": 121000000,
        "incomeBeforeTaxRatio": 0.0424114967,
        "incomeTaxExpense": 25000000,
        "netIncome": 91000000,
        "netIncomeRatio": 0.0318962496,
        "eps": 0.84,
        "epsdiluted": 0.83,
        "weightedAverageShsOut": 108634068,
        "weightedAverageShsOutDil": 109188266,
        "link": "https://www.sec.gov/Archives/edgar/data/1306830/000130683023000086/0001306830-23-000086-index.htm",
        "finalLink": "https://www.sec.gov/Archives/edgar/data/1306830/000130683023000086/ce-20230331.htm"
    },
    {
        "date": "2022-12-31",
        "symbol": "CE",
        "reportedCurrency": "USD",
        "cik": "0001306830",
        "fillingDate": "2023-02-24",
        "acceptedDate": "2023-02-24 17:15:27",
        "calendarYear": "2022",
        "period": "Q4",
        "revenue": 2348000000,
        "costOfRevenue": 1964000000,
        "grossProfit": 384000000,
        "grossProfitRatio": 0.1635434412,
        "researchAndDevelopmentExpenses": 37000000,
        "generalAndAdministrativeExpenses": 0,
        "sellingAndMarketingExpenses": 0,
        "sellingGeneralAndAdministrativeExpenses": 269000000,
        "otherExpenses": 30000000,
        "operatingExpenses": 336000000,
        "costAndExpenses": 2300000000,
        "interestIncome": 33000000,
        "interestExpense": 168000000,
        "depreciationAndAmortization": 151000000,
        "ebitda": 249000000,
        "ebitdaratio": 0.1060477002,
        "operatingIncome": 56000000,
        "operatingIncomeRatio": 0.0238500852,
        "totalOtherIncomeExpensesNet": -126000000,
        "incomeBeforeTax": -70000000,
        "incomeBeforeTaxRatio": -0.0298126065,
        "incomeTaxExpense": -840000000,
        "netIncome": 767000000,
        "netIncomeRatio": 0.3266609881,
        "eps": 7.07,
        "epsdiluted": 7.02,
        "weightedAverageShsOut": 108500000,
        "weightedAverageShsOutDil": 109200000,
        "link": "https://www.sec.gov/Archives/edgar/data/1306830/000130683023000023/0001306830-23-000023-index.htm",
        "finalLink": "https://www.sec.gov/Archives/edgar/data/1306830/000130683023000023/ce-20221231.htm"
    },
    {
        "date": "2022-09-30",
        "symbol": "CE",
        "reportedCurrency": "USD",
        "cik": "0001306830",
        "fillingDate": "2022-11-04",
        "acceptedDate": "2022-11-04 16:17:58",
        "calendarYear": "2022",
        "period": "Q3",
        "revenue": 2301000000,
        "costOfRevenue": 1755000000,
        "grossProfit": 546000000,
        "grossProfitRatio": 0.2372881356,
        "researchAndDevelopmentExpenses": 25000000,
        "generalAndAdministrativeExpenses": 0,
        "sellingAndMarketingExpenses": 0,
        "sellingGeneralAndAdministrativeExpenses": 184000000,
        "otherExpenses": 10000000,
        "operatingExpenses": 219000000,
        "costAndExpenses": 1974000000,
        "interestIncome": 34000000,
        "interestExpense": 154000000,
        "depreciationAndAmortization": 105000000,
        "ebitda": 580000000,
        "ebitdaratio": 0.2520643199,
        "operatingIncome": 449000000,
        "operatingIncomeRatio": 0.1951325511,
        "totalOtherIncomeExpensesNet": 13000000,
        "incomeBeforeTax": 321000000,
        "incomeBeforeTaxRatio": 0.1395045632,
        "incomeTaxExpense": 127000000,
        "netIncome": 191000000,
        "netIncomeRatio": 0.0830073881,
        "eps": 1.76,
        "epsdiluted": 1.75,
        "weightedAverageShsOut": 108428982,
        "weightedAverageShsOutDil": 109065970,
        "link": "https://www.sec.gov/Archives/edgar/data/1306830/000130683022000184/0001306830-22-000184-index.htm",
        "finalLink": "https://www.sec.gov/Archives/edgar/data/1306830/000130683022000184/ce-20220930.htm"
    },
    {
        "date": "2022-06-30",
        "symbol": "CE",
        "reportedCurrency": "USD",
        "cik": "0001306830",
        "fillingDate": "2022-07-29",
        "acceptedDate": "2022-07-29 16:13:22",
        "calendarYear": "2022",
        "period": "Q2",
        "revenue": 2486000000,
        "costOfRevenue": 1781000000,
        "grossProfit": 705000000,
        "grossProfitRatio": 0.2835880933,
        "researchAndDevelopmentExpenses": 26000000,
        "generalAndAdministrativeExpenses": 0,
        "sellingAndMarketingExpenses": 0,
        "sellingGeneralAndAdministrativeExpenses": 197000000,
        "otherExpenses": 23000000,
        "operatingExpenses": 234000000,
        "costAndExpenses": 2015000000,
        "interestIncome": 1000000,
        "interestExpense": 48000000,
        "depreciationAndAmortization": 107000000,
        "ebitda": 709000000,
        "ebitdaratio": 0.2851971038,
        "operatingIncome": 483000000,
        "operatingIncomeRatio": 0.1942880129,
        "totalOtherIncomeExpensesNet": 71000000,
        "incomeBeforeTax": 554000000,
        "incomeBeforeTaxRatio": 0.2228479485,
        "incomeTaxExpense": 112000000,
        "netIncome": 434000000,
        "netIncomeRatio": 0.1745776348,
        "eps": 4,
        "epsdiluted": 3.98,
        "weightedAverageShsOut": 108392155,
        "weightedAverageShsOutDil": 109123349,
        "link": "https://www.sec.gov/Archives/edgar/data/1306830/000130683022000145/0001306830-22-000145-index.htm",
        "finalLink": "https://www.sec.gov/Archives/edgar/data/1306830/000130683022000145/ce-20220630.htm"
    },
    {
        "date": "2022-03-31",
        "symbol": "CE",
        "reportedCurrency": "USD",
        "cik": "0001306830",
        "fillingDate": "2022-04-29",
        "acceptedDate": "2022-04-29 16:24:36",
        "calendarYear": "2022",
        "period": "Q1",
        "revenue": 2538000000,
        "costOfRevenue": 1793000000,
        "grossProfit": 745000000,
        "grossProfitRatio": 0.2935382191,
        "researchAndDevelopmentExpenses": 24000000,
        "generalAndAdministrativeExpenses": 0,
        "sellingAndMarketingExpenses": 0,
        "sellingGeneralAndAdministrativeExpenses": 174000000,
        "otherExpenses": 11000000,
        "operatingExpenses": 209000000,
        "costAndExpenses": 2002000000,
        "interestIncome": 1000000,
        "interestExpense": 35000000,
        "depreciationAndAmortization": 106000000,
        "ebitda": 757000000,
        "ebitdaratio": 0.2982663515,
        "operatingIncome": 531000000,
        "operatingIncomeRatio": 0.2092198582,
        "totalOtherIncomeExpensesNet": 85000000,
        "incomeBeforeTax": 616000000,
        "incomeBeforeTaxRatio": 0.2427107959,
        "incomeTaxExpense": 112000000,
        "netIncome": 502000000,
        "netIncomeRatio": 0.1977935382,
        "eps": 4.64,
        "epsdiluted": 4.61,
        "weightedAverageShsOut": 108185912,
        "weightedAverageShsOutDil": 108917577,
        "link": "https://www.sec.gov/Archives/edgar/data/1306830/000130683022000098/0001306830-22-000098-index.htm",
        "finalLink": "https://www.sec.gov/Archives/edgar/data/1306830/000130683022000098/ce-20220331.htm"
    },
    {
        "date": "2021-12-31",
        "symbol": "CE",
        "reportedCurrency": "USD",
        "cik": "0001306830",
        "fillingDate": "2022-02-10",
        "acceptedDate": "2022-02-10 16:44:18",
        "calendarYear": "2021",
        "period": "Q4",
        "revenue": 2275000000,
        "costOfRevenue": 1554000000,
        "grossProfit": 721000000,
        "grossProfitRatio": 0.3169230769,
        "researchAndDevelopmentExpenses": 23000000,
        "generalAndAdministrativeExpenses": 0,
        "sellingAndMarketingExpenses": 0,
        "sellingGeneralAndAdministrativeExpenses": 170000000,
        "otherExpenses": -9000000,
        "operatingExpenses": 201000000,
        "costAndExpenses": 1755000000,
        "interestIncome": 1000000,
        "interestExpense": 21000000,
        "depreciationAndAmortization": 93000000,
        "ebitda": 556000000,
        "ebitdaratio": 0.2443956044,
        "operatingIncome": 517000000,
        "operatingIncomeRatio": 0.2272527473,
        "totalOtherIncomeExpensesNet": 40000000,
        "incomeBeforeTax": 557000000,
        "incomeBeforeTaxRatio": 0.2448351648,
        "incomeTaxExpense": 27000000,
        "netIncome": 524000000,
        "netIncomeRatio": 0.2303296703,
        "eps": 4.82,
        "epsdiluted": 4.79,
        "weightedAverageShsOut": 108600000,
        "weightedAverageShsOutDil": 109400000,
        "link": "https://www.sec.gov/Archives/edgar/data/1306830/000130683022000017/0001306830-22-000017-index.htm",
        "finalLink": "https://www.sec.gov/Archives/edgar/data/1306830/000130683022000017/ce-20211231.htm"
    },
    {
        "date": "2021-09-30",
        "symbol": "CE",
        "reportedCurrency": "USD",
        "cik": "0001306830",
        "fillingDate": "2021-10-22",
        "acceptedDate": "2021-10-22 16:12:22",
        "calendarYear": "2021",
        "period": "Q3",
        "revenue": 2266000000,
        "costOfRevenue": 1551000000,
        "grossProfit": 715000000,
        "grossProfitRatio": 0.3155339806,
        "researchAndDevelopmentExpenses": 21000000,
        "generalAndAdministrativeExpenses": 0,
        "sellingAndMarketingExpenses": 0,
        "sellingGeneralAndAdministrativeExpenses": 165000000,
        "otherExpenses": 35000000,
        "operatingExpenses": 192000000,
        "costAndExpenses": 1743000000,
        "interestIncome": 2000000,
        "interestExpense": 29000000,
        "depreciationAndAmortization": 94000000,
        "ebitda": 745000000,
        "ebitdaratio": 0.3287731686,
        "operatingIncome": 536000000,
        "operatingIncomeRatio": 0.2365401589,
        "totalOtherIncomeExpensesNet": 86000000,
        "incomeBeforeTax": 622000000,
        "incomeBeforeTaxRatio": 0.2744924978,
        "incomeTaxExpense": 102000000,
        "netIncome": 506000000,
        "netIncomeRatio": 0.2233009709,
        "eps": 4.58,
        "epsdiluted": 4.56,
        "weightedAverageShsOut": 110532051,
        "weightedAverageShsOutDil": 111044558,
        "link": "https://www.sec.gov/Archives/edgar/data/1306830/000130683021000203/0001306830-21-000203-index.htm",
        "finalLink": "https://www.sec.gov/Archives/edgar/data/1306830/000130683021000203/ce-20210930.htm"
    },
    {
        "date": "2021-06-30",
        "symbol": "CE",
        "reportedCurrency": "USD",
        "cik": "0001306830",
        "fillingDate": "2021-07-23",
        "acceptedDate": "2021-07-23 16:17:08",
        "calendarYear": "2021",
        "period": "Q2",
        "revenue": 2198000000,
        "costOfRevenue": 1437000000,
        "grossProfit": 761000000,
        "grossProfitRatio": 0.3462238399,
        "researchAndDevelopmentExpenses": 22000000,
        "generalAndAdministrativeExpenses": 0,
        "sellingAndMarketingExpenses": 0,
        "sellingGeneralAndAdministrativeExpenses": 161000000,
        "otherExpenses": 36000000,
        "operatingExpenses": 188000000,
        "costAndExpenses": 1625000000,
        "interestIncome": 4000000,
        "interestExpense": 24000000,
        "depreciationAndAmortization": 93000000,
        "ebitda": 777000000,
        "ebitdaratio": 0.3535031847,
        "operatingIncome": 567000000,
        "operatingIncomeRatio": 0.2579617834,
        "totalOtherIncomeExpensesNet": 93000000,
        "incomeBeforeTax": 660000000,
        "incomeBeforeTaxRatio": 0.3002729754,
        "incomeTaxExpense": 116000000,
        "netIncome": 538000000,
        "netIncomeRatio": 0.2447679709,
        "eps": 4.79,
        "epsdiluted": 4.77,
        "weightedAverageShsOut": 112294274,
        "weightedAverageShsOutDil": 112758639,
        "link": "https://www.sec.gov/Archives/edgar/data/1306830/000130683021000159/0001306830-21-000159-index.htm",
        "finalLink": "https://www.sec.gov/Archives/edgar/data/1306830/000130683021000159/ce-20210630.htm"
    },
    {
        "date": "2021-03-31",
        "symbol": "CE",
        "reportedCurrency": "USD",
        "cik": "0001306830",
        "fillingDate": "2021-04-23",
        "acceptedDate": "2021-04-23 16:20:18",
        "calendarYear": "2021",
        "period": "Q1",
        "revenue": 1798000000,
        "costOfRevenue": 1313000000,
        "grossProfit": 485000000,
        "grossProfitRatio": 0.2697441602,
        "researchAndDevelopmentExpenses": 20000000,
        "generalAndAdministrativeExpenses": 0,
        "sellingAndMarketingExpenses": 0,
        "sellingGeneralAndAdministrativeExpenses": 137000000,
        "otherExpenses": 42000000,
        "operatingExpenses": 163000000,
        "costAndExpenses": 1476000000,
        "interestIncome": 1000000,
        "interestExpense": 25000000,
        "depreciationAndAmortization": 91000000,
        "ebitda": 525000000,
        "ebitdaratio": 0.2919911012,
        "operatingIncome": 326000000,
        "operatingIncomeRatio": 0.1813125695,
        "totalOtherIncomeExpensesNet": 83000000,
        "incomeBeforeTax": 409000000,
        "incomeBeforeTaxRatio": 0.2274749722,
        "incomeTaxExpense": 85000000,
        "netIncome": 322000000,
        "netIncomeRatio": 0.1790878754,
        "eps": 2.84,
        "epsdiluted": 2.82,
        "weightedAverageShsOut": 113511369,
        "weightedAverageShsOutDil": 114028145,
        "link": "https://www.sec.gov/Archives/edgar/data/1306830/000130683021000098/0001306830-21-000098-index.htm",
        "finalLink": "https://www.sec.gov/Archives/edgar/data/1306830/000130683021000098/ce-20210331.htm"
    },
    {
        "date": "2020-12-31",
        "symbol": "CE",
        "reportedCurrency": "USD",
        "cik": "0001306830",
        "fillingDate": "2021-02-11",
        "acceptedDate": "2021-02-11 16:41:14",
        "calendarYear": "2020",
        "period": "Q4",
        "revenue": 1591000000,
        "costOfRevenue": 1215000000,
        "grossProfit": 376000000,
        "grossProfitRatio": 0.2363293526,
        "researchAndDevelopmentExpenses": 20000000,
        "generalAndAdministrativeExpenses": 0,
        "sellingAndMarketingExpenses": 0,
        "sellingGeneralAndAdministrativeExpenses": 137000000,
        "otherExpenses": -67000000,
        "operatingExpenses": 162000000,
        "costAndExpenses": 1377000000,
        "interestIncome": 2000000,
        "interestExpense": 26000000,
        "depreciationAndAmortization": 91000000,
        "ebitda": 1688000000,
        "ebitdaratio": 1.0609679447,
        "operatingIncome": 203000000,
        "operatingIncomeRatio": 0.127592709,
        "totalOtherIncomeExpensesNet": 1368000000,
        "incomeBeforeTax": 1571000000,
        "incomeBeforeTaxRatio": 0.9874292898,
        "incomeTaxExpense": 117000000,
        "netIncome": 1453000000,
        "netIncomeRatio": 0.9132620993,
        "eps": 12.56,
        "epsdiluted": 12.5,
        "weightedAverageShsOut": 115700000,
        "weightedAverageShsOutDil": 116300000,
        "link": "https://www.sec.gov/Archives/edgar/data/1306830/000130683021000020/0001306830-21-000020-index.htm",
        "finalLink": "https://www.sec.gov/Archives/edgar/data/1306830/000130683021000020/ce-20201231.htm"
    },
    {
        "date": "2020-09-30",
        "symbol": "CE",
        "reportedCurrency": "USD",
        "cik": "0001306830",
        "fillingDate": "2020-10-26",
        "acceptedDate": "2020-10-26 16:51:10",
        "calendarYear": "2020",
        "period": "Q3",
        "revenue": 1411000000,
        "costOfRevenue": 1084000000,
        "grossProfit": 327000000,
        "grossProfitRatio": 0.2317505315,
        "researchAndDevelopmentExpenses": 19000000,
        "generalAndAdministrativeExpenses": 0,
        "sellingAndMarketingExpenses": 0,
        "sellingGeneralAndAdministrativeExpenses": 106000000,
        "otherExpenses": 20000000,
        "operatingExpenses": 131000000,
        "costAndExpenses": 1215000000,
        "interestIncome": 1000000,
        "interestExpense": 28000000,
        "depreciationAndAmortization": 90000000,
        "ebitda": 359000000,
        "ebitdaratio": 0.2544294826,
        "operatingIncome": 184000000,
        "operatingIncomeRatio": 0.1304039688,
        "totalOtherIncomeExpensesNet": 57000000,
        "incomeBeforeTax": 241000000,
        "incomeBeforeTaxRatio": 0.1708008505,
        "incomeTaxExpense": 30000000,
        "netIncome": 207000000,
        "netIncomeRatio": 0.1467044649,
        "eps": 1.75,
        "epsdiluted": 1.75,
        "weightedAverageShsOut": 118000000,
        "weightedAverageShsOutDil": 118600000,
        "link": "https://www.sec.gov/Archives/edgar/data/1306830/000130683020000204/0001306830-20-000204-index.htm",
        "finalLink": "https://www.sec.gov/Archives/edgar/data/1306830/000130683020000204/ce-20200930.htm"
    },
    {
        "date": "2020-06-30",
        "symbol": "CE",
        "reportedCurrency": "USD",
        "cik": "0001306830",
        "fillingDate": "2020-07-29",
        "acceptedDate": "2020-07-29 16:31:54",
        "calendarYear": "2020",
        "period": "Q2",
        "revenue": 1193000000,
        "costOfRevenue": 951000000,
        "grossProfit": 242000000,
        "grossProfitRatio": 0.2028499581,
        "researchAndDevelopmentExpenses": 18000000,
        "generalAndAdministrativeExpenses": 0,
        "sellingAndMarketingExpenses": 0,
        "sellingGeneralAndAdministrativeExpenses": 114000000,
        "otherExpenses": 6000000,
        "operatingExpenses": 138000000,
        "costAndExpenses": 1089000000,
        "interestIncome": 1000000,
        "interestExpense": 27000000,
        "depreciationAndAmortization": 89000000,
        "ebitda": 263000000,
        "ebitdaratio": 0.2204526404,
        "operatingIncome": 83000000,
        "operatingIncomeRatio": 0.0695725063,
        "totalOtherIncomeExpensesNet": 64000000,
        "incomeBeforeTax": 147000000,
        "incomeBeforeTaxRatio": 0.1232187762,
        "incomeTaxExpense": 35000000,
        "netIncome": 107000000,
        "netIncomeRatio": 0.0896898575,
        "eps": 0.9,
        "epsdiluted": 0.9,
        "weightedAverageShsOut": 118300000,
        "weightedAverageShsOutDil": 118800000,
        "link": "https://www.sec.gov/Archives/edgar/data/1306830/000130683020000161/0001306830-20-000161-index.htm",
        "finalLink": "https://www.sec.gov/Archives/edgar/data/1306830/000130683020000161/ce-10q63020.htm"
    },
    {
        "date": "2020-03-31",
        "symbol": "CE",
        "reportedCurrency": "USD",
        "cik": "0001306830",
        "fillingDate": "2020-04-28",
        "acceptedDate": "2020-04-28 16:19:33",
        "calendarYear": "2020",
        "period": "Q1",
        "revenue": 1460000000,
        "costOfRevenue": 1112000000,
        "grossProfit": 348000000,
        "grossProfitRatio": 0.2383561644,
        "researchAndDevelopmentExpenses": 17000000,
        "generalAndAdministrativeExpenses": 0,
        "sellingAndMarketingExpenses": 0,
        "sellingGeneralAndAdministrativeExpenses": 125000000,
        "otherExpenses": 24000000,
        "operatingExpenses": 147000000,
        "costAndExpenses": 1259000000,
        "interestIncome": 2000000,
        "interestExpense": 28000000,
        "depreciationAndAmortization": 86000000,
        "ebitda": 406000000,
        "ebitdaratio": 0.2780821918,
        "operatingIncome": 194000000,
        "operatingIncomeRatio": 0.1328767123,
        "totalOtherIncomeExpensesNet": 98000000,
        "incomeBeforeTax": 292000000,
        "incomeBeforeTaxRatio": 0.2,
        "incomeTaxExpense": 65000000,
        "netIncome": 218000000,
        "netIncomeRatio": 0.1493150685,
        "eps": 1.83,
        "epsdiluted": 1.82,
        "weightedAverageShsOut": 119300000,
        "weightedAverageShsOutDil": 119900000,
        "link": "https://www.sec.gov/Archives/edgar/data/1306830/000130683020000105/0001306830-20-000105-index.htm",
        "finalLink": "https://www.sec.gov/Archives/edgar/data/1306830/000130683020000105/ce-10q33120.htm"
    },
    {
        "date": "2019-12-31",
        "symbol": "CE",
        "reportedCurrency": "USD",
        "cik": "0001306830",
        "fillingDate": "2020-02-06",
        "acceptedDate": "2020-02-06 16:24:03",
        "calendarYear": "2019",
        "period": "Q4",
        "revenue": 1432000000,
        "costOfRevenue": 1116000000,
        "grossProfit": 316000000,
        "grossProfitRatio": 0.2206703911,
        "researchAndDevelopmentExpenses": 17000000,
        "generalAndAdministrativeExpenses": 0,
        "sellingAndMarketingExpenses": 0,
        "sellingGeneralAndAdministrativeExpenses": 125000000,
        "otherExpenses": -175000000,
        "operatingExpenses": 148000000,
        "costAndExpenses": 1264000000,
        "interestIncome": 2000000,
        "interestExpense": 28000000,
        "depreciationAndAmortization": 91000000,
        "ebitda": 160000000,
        "ebitdaratio": 0.1117318436,
        "operatingIncome": 68000000,
        "operatingIncomeRatio": 0.0474860335,
        "totalOtherIncomeExpensesNet": -27000000,
        "incomeBeforeTax": 41000000,
        "incomeBeforeTaxRatio": 0.0286312849,
        "incomeTaxExpense": -3000000,
        "netIncome": 43000000,
        "netIncomeRatio": 0.030027933,
        "eps": 0.36,
        "epsdiluted": 0.36,
        "weightedAverageShsOut": 120300000,
        "weightedAverageShsOutDil": 120900000,
        "link": "https://www.sec.gov/Archives/edgar/data/1306830/000130683020000018/0001306830-20-000018-index.htm",
        "finalLink": "https://www.sec.gov/Archives/edgar/data/1306830/000130683020000018/ce-20191231x10k.htm"
    },
    {
        "date": "2019-09-30",
        "symbol": "CE",
        "reportedCurrency": "USD",
        "cik": "0001306830",
        "fillingDate": "2019-10-22",
        "acceptedDate": "2019-10-22 16:23:32",
        "calendarYear": "2019",
        "period": "Q3",
        "revenue": 1586000000,
        "costOfRevenue": 1172000000,
        "grossProfit": 414000000,
        "grossProfitRatio": 0.2610340479,
        "researchAndDevelopmentExpenses": 17000000,
        "generalAndAdministrativeExpenses": 0,
        "sellingAndMarketingExpenses": 0,
        "sellingGeneralAndAdministrativeExpenses": 120000000,
        "otherExpenses": 10000000,
        "operatingExpenses": 143000000,
        "costAndExpenses": 1315000000,
        "interestIncome": 1000000,
        "interestExpense": 27000000,
        "depreciationAndAmortization": 95000000,
        "ebitda": 445000000,
        "ebitdaratio": 0.2805800757,
        "operatingIncome": 260000000,
        "operatingIncomeRatio": 0.1639344262,
        "totalOtherIncomeExpensesNet": 63000000,
        "incomeBeforeTax": 323000000,
        "incomeBeforeTaxRatio": 0.2036569987,
        "incomeTaxExpense": 53000000,
        "netIncome": 263000000,
        "netIncomeRatio": 0.1658259773,
        "eps": 2.14,
        "epsdiluted": 2.13,
        "weightedAverageShsOut": 122700000,
        "weightedAverageShsOutDil": 123300000,
        "link": "https://www.sec.gov/Archives/edgar/data/1306830/000130683019000191/0001306830-19-000191-index.htm",
        "finalLink": "https://www.sec.gov/Archives/edgar/data/1306830/000130683019000191/ce-10q93019.htm"
    },
    {
        "date": "2019-06-30",
        "symbol": "CE",
        "reportedCurrency": "USD",
        "cik": "0001306830",
        "fillingDate": "2019-07-23",
        "acceptedDate": "2019-07-23 16:28:33",
        "calendarYear": "2019",
        "period": "Q2",
        "revenue": 1592000000,
        "costOfRevenue": 1169000000,
        "grossProfit": 423000000,
        "grossProfitRatio": 0.2657035176,
        "researchAndDevelopmentExpenses": 17000000,
        "generalAndAdministrativeExpenses": 0,
        "sellingAndMarketingExpenses": 0,
        "sellingGeneralAndAdministrativeExpenses": 118000000,
        "otherExpenses": 15000000,
        "operatingExpenses": 141000000,
        "costAndExpenses": 1310000000,
        "interestIncome": 2000000,
        "interestExpense": 33000000,
        "depreciationAndAmortization": 86000000,
        "ebitda": 358000000,
        "ebitdaratio": 0.2248743719,
        "operatingIncome": 186000000,
        "operatingIncomeRatio": 0.1168341709,
        "totalOtherIncomeExpensesNet": 53000000,
        "incomeBeforeTax": 239000000,
        "incomeBeforeTaxRatio": 0.1501256281,
        "incomeTaxExpense": 28000000,
        "netIncome": 209000000,
        "netIncomeRatio": 0.131281407,
        "eps": 1.67,
        "epsdiluted": 1.66,
        "weightedAverageShsOut": 125289967,
        "weightedAverageShsOutDil": 125847894,
        "link": "https://www.sec.gov/Archives/edgar/data/1306830/000130683019000165/0001306830-19-000165-index.htm",
        "finalLink": "https://www.sec.gov/Archives/edgar/data/1306830/000130683019000165/ce-10q63019.htm"
    },
    {
        "date": "2019-03-31",
        "symbol": "CE",
        "reportedCurrency": "USD",
        "cik": "0001306830",
        "fillingDate": "2019-04-23",
        "acceptedDate": "2019-04-23 16:19:57",
        "calendarYear": "2019",
        "period": "Q1",
        "revenue": 1687000000,
        "costOfRevenue": 1234000000,
        "grossProfit": 453000000,
        "grossProfitRatio": 0.2685240071,
        "researchAndDevelopmentExpenses": 16000000,
        "generalAndAdministrativeExpenses": 0,
        "sellingAndMarketingExpenses": 0,
        "sellingGeneralAndAdministrativeExpenses": 120000000,
        "otherExpenses": 13000000,
        "operatingExpenses": 142000000,
        "costAndExpenses": 1376000000,
        "interestIncome": 1000000,
        "interestExpense": 31000000,
        "depreciationAndAmortization": 84000000,
        "ebitda": 500000000,
        "ebitdaratio": 0.2963841138,
        "operatingIncome": 320000000,
        "operatingIncomeRatio": 0.1896858328,
        "totalOtherIncomeExpensesNet": 65000000,
        "incomeBeforeTax": 385000000,
        "incomeBeforeTaxRatio": 0.2282157676,
        "incomeTaxExpense": 46000000,
        "netIncome": 337000000,
        "netIncomeRatio": 0.1997628927,
        "eps": 2.64,
        "epsdiluted": 2.63,
        "weightedAverageShsOut": 127542328,
        "weightedAverageShsOutDil": 128215700,
        "link": "https://www.sec.gov/Archives/edgar/data/1306830/000130683019000092/0001306830-19-000092-index.htm",
        "finalLink": "https://www.sec.gov/Archives/edgar/data/1306830/000130683019000092/ce-10q33119.htm"
    },
    {
        "date": "2018-12-31",
        "symbol": "CE",
        "reportedCurrency": "USD",
        "cik": "0001306830",
        "fillingDate": "2019-02-07",
        "acceptedDate": "2019-02-07 16:44:31",
        "calendarYear": "2018",
        "period": "Q4",
        "revenue": 1689000000,
        "costOfRevenue": 1269000000,
        "grossProfit": 420000000,
        "grossProfitRatio": 0.2486678508,
        "researchAndDevelopmentExpenses": 18000000,
        "generalAndAdministrativeExpenses": 0,
        "sellingAndMarketingExpenses": 0,
        "sellingGeneralAndAdministrativeExpenses": 134000000,
        "otherExpenses": -134000000,
        "operatingExpenses": 158000000,
        "costAndExpenses": 1427000000,
        "interestIncome": 2000000,
        "interestExpense": 31000000,
        "depreciationAndAmortization": 6000000,
        "ebitda": 296000000,
        "ebitdaratio": 0.1752516282,
        "operatingIncome": 259000000,
        "operatingIncomeRatio": 0.1533451747,
        "totalOtherIncomeExpensesNet": -85000000,
        "incomeBeforeTax": 174000000,
        "incomeBeforeTaxRatio": 0.1030195382,
        "incomeTaxExpense": 76000000,
        "netIncome": 99000000,
        "netIncomeRatio": 0.0586145648,
        "eps": 0.75,
        "epsdiluted": 0.75,
        "weightedAverageShsOut": 131200000,
        "weightedAverageShsOutDil": 132100000,
        "link": "https://www.sec.gov/Archives/edgar/data/1306830/000130683019000014/0001306830-19-000014-index.htm",
        "finalLink": "https://www.sec.gov/Archives/edgar/data/1306830/000130683019000014/ce-20181231x10k.htm"
    },
    {
        "date": "2018-09-30",
        "symbol": "CE",
        "reportedCurrency": "USD",
        "cik": "0001306830",
        "fillingDate": "2018-10-19",
        "acceptedDate": "2018-10-19 16:29:55",
        "calendarYear": "2018",
        "period": "Q3",
        "revenue": 1771000000,
        "costOfRevenue": 1255000000,
        "grossProfit": 516000000,
        "grossProfitRatio": 0.2913608131,
        "researchAndDevelopmentExpenses": 18000000,
        "generalAndAdministrativeExpenses": 0,
        "sellingAndMarketingExpenses": 0,
        "sellingGeneralAndAdministrativeExpenses": 129000000,
        "otherExpenses": 24000000,
        "operatingExpenses": 152000000,
        "costAndExpenses": 1407000000,
        "interestIncome": 2000000,
        "interestExpense": 30000000,
        "depreciationAndAmortization": 90000000,
        "ebitda": 582000000,
        "ebitdaratio": 0.3286278938,
        "operatingIncome": 374000000,
        "operatingIncomeRatio": 0.2111801242,
        "totalOtherIncomeExpensesNet": 88000000,
        "incomeBeforeTax": 462000000,
        "incomeBeforeTaxRatio": 0.2608695652,
        "incomeTaxExpense": 54000000,
        "netIncome": 401000000,
        "netIncomeRatio": 0.2264257482,
        "eps": 2.98,
        "epsdiluted": 2.96,
        "weightedAverageShsOut": 134519301,
        "weightedAverageShsOutDil": 135499390,
        "link": "https://www.sec.gov/Archives/edgar/data/1306830/000130683018000221/0001306830-18-000221-index.htm",
        "finalLink": "https://www.sec.gov/Archives/edgar/data/1306830/000130683018000221/ce-10q93018.htm"
    },
    {
        "date": "2018-06-30",
        "symbol": "CE",
        "reportedCurrency": "USD",
        "cik": "0001306830",
        "fillingDate": "2018-07-20",
        "acceptedDate": "2018-07-20 16:13:08",
        "calendarYear": "2018",
        "period": "Q2",
        "revenue": 1844000000,
        "costOfRevenue": 1323000000,
        "grossProfit": 521000000,
        "grossProfitRatio": 0.282537961,
        "researchAndDevelopmentExpenses": 18000000,
        "generalAndAdministrativeExpenses": 0,
        "sellingAndMarketingExpenses": 0,
        "sellingGeneralAndAdministrativeExpenses": 136000000,
        "otherExpenses": 23000000,
        "operatingExpenses": 161000000,
        "costAndExpenses": 1484000000,
        "interestIncome": 0,
        "interestExpense": 32000000,
        "depreciationAndAmortization": 7000000,
        "ebitda": 562000000,
        "ebitdaratio": 0.3047722343,
        "operatingIncome": 358000000,
        "operatingIncomeRatio": 0.194143167,
        "totalOtherIncomeExpensesNet": 84000000,
        "incomeBeforeTax": 442000000,
        "incomeBeforeTaxRatio": 0.2396963124,
        "incomeTaxExpense": 97000000,
        "netIncome": 344000000,
        "netIncomeRatio": 0.1865509761,
        "eps": 2.54,
        "epsdiluted": 2.52,
        "weightedAverageShsOut": 135600000,
        "weightedAverageShsOutDil": 136300000,
        "link": "https://www.sec.gov/Archives/edgar/data/1306830/000130683018000171/0001306830-18-000171-index.htm",
        "finalLink": "https://www.sec.gov/Archives/edgar/data/1306830/000130683018000171/ce-10q63018.htm"
    },
    {
        "date": "2018-03-31",
        "symbol": "CE",
        "reportedCurrency": "USD",
        "cik": "0001306830",
        "fillingDate": "2018-04-17",
        "acceptedDate": "2018-04-17 16:40:01",
        "calendarYear": "2018",
        "period": "Q1",
        "revenue": 1851000000,
        "costOfRevenue": 1336000000,
        "grossProfit": 515000000,
        "grossProfitRatio": 0.2782279849,
        "researchAndDevelopmentExpenses": 18000000,
        "generalAndAdministrativeExpenses": 0,
        "sellingAndMarketingExpenses": 0,
        "sellingGeneralAndAdministrativeExpenses": 147000000,
        "otherExpenses": 30000000,
        "operatingExpenses": 171000000,
        "costAndExpenses": 1507000000,
        "interestIncome": 2000000,
        "interestExpense": 33000000,
        "depreciationAndAmortization": 6000000,
        "ebitda": 545000000,
        "ebitdaratio": 0.2944354403,
        "operatingIncome": 343000000,
        "operatingIncomeRatio": 0.1853052404,
        "totalOtherIncomeExpensesNet": 89000000,
        "incomeBeforeTax": 432000000,
        "incomeBeforeTaxRatio": 0.2333873582,
        "incomeTaxExpense": 65000000,
        "netIncome": 363000000,
        "netIncomeRatio": 0.1961102107,
        "eps": 2.67,
        "epsdiluted": 2.66,
        "weightedAverageShsOut": 135900000,
        "weightedAverageShsOutDil": 136400000,
        "link": "https://www.sec.gov/Archives/edgar/data/1306830/000130683018000089/0001306830-18-000089-index.htm",
        "finalLink": "https://www.sec.gov/Archives/edgar/data/1306830/000130683018000089/ce-10q33118.htm"
    },
    {
        "date": "2017-12-31",
        "symbol": "CE",
        "reportedCurrency": "USD",
        "cik": "0001306830",
        "fillingDate": "2018-02-09",
        "acceptedDate": "2018-02-09 16:28:32",
        "calendarYear": "2017",
        "period": "Q4",
        "revenue": 1593000000,
        "costOfRevenue": 1182000000,
        "grossProfit": 411000000,
        "grossProfitRatio": 0.2580037665,
        "researchAndDevelopmentExpenses": 19000000,
        "generalAndAdministrativeExpenses": 0,
        "sellingAndMarketingExpenses": 0,
        "sellingGeneralAndAdministrativeExpenses": 165000000,
        "otherExpenses": 3000000,
        "operatingExpenses": 190000000,
        "costAndExpenses": 1372000000,
        "interestIncome": 0,
        "interestExpense": 31000000,
        "depreciationAndAmortization": 6000000,
        "ebitda": 375000000,
        "ebitdaratio": 0.2354048964,
        "operatingIncome": 217000000,
        "operatingIncomeRatio": 0.1362209667,
        "totalOtherIncomeExpensesNet": 48000000,
        "incomeBeforeTax": 265000000,
        "incomeBeforeTaxRatio": 0.1663527935,
        "incomeTaxExpense": 60000000,
        "netIncome": 203000000,
        "netIncomeRatio": 0.1274325173,
        "eps": 1.49,
        "epsdiluted": 1.49,
        "weightedAverageShsOut": 135800000,
        "weightedAverageShsOutDil": 136300000,
        "link": "https://www.sec.gov/Archives/edgar/data/1306830/000130683018000030/0001306830-18-000030-index.htm",
        "finalLink": "https://www.sec.gov/Archives/edgar/data/1306830/000130683018000030/ce-20171231x10k.htm"
    },
    {
        "date": "2017-09-30",
        "symbol": "CE",
        "reportedCurrency": "USD",
        "cik": "0001306830",
        "fillingDate": "2017-10-17",
        "acceptedDate": "2017-10-17 16:15:06",
        "calendarYear": "2017",
        "period": "Q3",
        "revenue": 1566000000,
        "costOfRevenue": 1181000000,
        "grossProfit": 385000000,
        "grossProfitRatio": 0.2458492976,
        "researchAndDevelopmentExpenses": 19000000,
        "generalAndAdministrativeExpenses": 0,
        "sellingAndMarketingExpenses": 0,
        "sellingGeneralAndAdministrativeExpenses": 112000000,
        "otherExpenses": -6000000,
        "operatingExpenses": 136000000,
        "costAndExpenses": 1317000000,
        "interestIncome": 1000000,
        "interestExpense": 32000000,
        "depreciationAndAmortization": 82000000,
        "ebitda": 403000000,
        "ebitdaratio": 0.2573435504,
        "operatingIncome": 252000000,
        "operatingIncomeRatio": 0.1609195402,
        "totalOtherIncomeExpensesNet": 37000000,
        "incomeBeforeTax": 289000000,
        "incomeBeforeTaxRatio": 0.1845466156,
        "incomeTaxExpense": 57000000,
        "netIncome": 226000000,
        "netIncomeRatio": 0.1443167305,
        "eps": 1.65,
        "epsdiluted": 1.65,
        "weightedAverageShsOut": 136579077,
        "weightedAverageShsOutDil": 136951923,
        "link": "https://www.sec.gov/Archives/edgar/data/1306830/000130683017000226/0001306830-17-000226-index.htm",
        "finalLink": "https://www.sec.gov/Archives/edgar/data/1306830/000130683017000226/ce-10q093017.htm"
    },
    {
        "date": "2017-06-30",
        "symbol": "CE",
        "reportedCurrency": "USD",
        "cik": "0001306830",
        "fillingDate": "2017-07-25",
        "acceptedDate": "2017-07-25 16:30:35",
        "calendarYear": "2017",
        "period": "Q2",
        "revenue": 1510000000,
        "costOfRevenue": 1143000000,
        "grossProfit": 367000000,
        "grossProfitRatio": 0.2430463576,
        "researchAndDevelopmentExpenses": 17000000,
        "generalAndAdministrativeExpenses": 0,
        "sellingAndMarketingExpenses": 0,
        "sellingGeneralAndAdministrativeExpenses": 96000000,
        "otherExpenses": 3000000,
        "operatingExpenses": 118000000,
        "costAndExpenses": 1261000000,
        "interestIncome": 1000000,
        "interestExpense": 30000000,
        "depreciationAndAmortization": 77000000,
        "ebitda": 388000000,
        "ebitdaratio": 0.2569536424,
        "operatingIncome": 240000000,
        "operatingIncomeRatio": 0.1589403974,
        "totalOtherIncomeExpensesNet": 41000000,
        "incomeBeforeTax": 281000000,
        "incomeBeforeTaxRatio": 0.1860927152,
        "incomeTaxExpense": 40000000,
        "netIncome": 231000000,
        "netIncomeRatio": 0.1529801325,
        "eps": 1.67,
        "epsdiluted": 1.66,
        "weightedAverageShsOut": 138619721,
        "weightedAverageShsOutDil": 139029425,
        "link": "https://www.sec.gov/Archives/edgar/data/1306830/000130683017000185/0001306830-17-000185-index.htm",
        "finalLink": "https://www.sec.gov/Archives/edgar/data/1306830/000130683017000185/ce-10q063017.htm"
    },
    {
        "date": "2017-03-31",
        "symbol": "CE",
        "reportedCurrency": "USD",
        "cik": "0001306830",
        "fillingDate": "2017-04-18",
        "acceptedDate": "2017-04-18 16:35:21",
        "calendarYear": "2017",
        "period": "Q1",
        "revenue": 1471000000,
        "costOfRevenue": 1119000000,
        "grossProfit": 352000000,
        "grossProfitRatio": 0.239292998,
        "researchAndDevelopmentExpenses": 17000000,
        "generalAndAdministrativeExpenses": 0,
        "sellingAndMarketingExpenses": 0,
        "sellingGeneralAndAdministrativeExpenses": 83000000,
        "otherExpenses": -54000000,
        "operatingExpenses": 104000000,
        "costAndExpenses": 1223000000,
        "interestIncome": 0,
        "interestExpense": 29000000,
        "depreciationAndAmortization": 4000000,
        "ebitda": 341000000,
        "ebitdaratio": 0.2318150918,
        "operatingIncome": 192000000,
        "operatingIncomeRatio": 0.1305234534,
        "totalOtherIncomeExpensesNet": -8000000,
        "incomeBeforeTax": 240000000,
        "incomeBeforeTaxRatio": 0.1631543168,
        "incomeTaxExpense": 56000000,
        "netIncome": 183000000,
        "netIncomeRatio": 0.1244051666,
        "eps": 1.3,
        "epsdiluted": 1.3,
        "weightedAverageShsOut": 140600000,
        "weightedAverageShsOutDil": 141000000,
        "link": "https://www.sec.gov/Archives/edgar/data/1306830/000130683017000124/0001306830-17-000124-index.htm",
        "finalLink": "https://www.sec.gov/Archives/edgar/data/1306830/000130683017000124/ce-10q033117.htm"
    },
    {
        "date": "2016-12-31",
        "symbol": "CE",
        "reportedCurrency": "USD",
        "cik": "0001306830",
        "fillingDate": "2017-02-10",
        "acceptedDate": "2017-02-10 16:19:51",
        "calendarYear": "2016",
        "period": "Q4",
        "revenue": 1311000000,
        "costOfRevenue": 989000000,
        "grossProfit": 322000000,
        "grossProfitRatio": 0.2456140351,
        "researchAndDevelopmentExpenses": 20000000,
        "generalAndAdministrativeExpenses": 0,
        "sellingAndMarketingExpenses": 0,
        "sellingGeneralAndAdministrativeExpenses": 184000000,
        "otherExpenses": 0,
        "operatingExpenses": 206000000,
        "costAndExpenses": 1195000000,
        "interestIncome": 1000000,
        "interestExpense": 29000000,
        "depreciationAndAmortization": 72000000,
        "ebitda": 257000000,
        "ebitdaratio": 0.1960335622,
        "operatingIncome": 117000000,
        "operatingIncomeRatio": 0.0892448513,
        "totalOtherIncomeExpensesNet": 39000000,
        "incomeBeforeTax": 156000000,
        "incomeBeforeTaxRatio": 0.118993135,
        "incomeTaxExpense": -5000000,
        "netIncome": 160000000,
        "netIncomeRatio": 0.122044241,
        "eps": 1.14,
        "epsdiluted": 1.14,
        "weightedAverageShsOut": 140600000,
        "weightedAverageShsOutDil": 140600000,
        "link": "https://www.sec.gov/Archives/edgar/data/1306830/000130683017000034/0001306830-17-000034-index.htm",
        "finalLink": "https://www.sec.gov/Archives/edgar/data/1306830/000130683017000034/ce-20161231x10k.htm"
    },
    {
        "date": "2016-09-30",
        "symbol": "CE",
        "reportedCurrency": "USD",
        "cik": "0001306830",
        "fillingDate": "2016-10-18",
        "acceptedDate": "2016-10-18 16:33:09",
        "calendarYear": "2016",
        "period": "Q3",
        "revenue": 1323000000,
        "costOfRevenue": 968000000,
        "grossProfit": 355000000,
        "grossProfitRatio": 0.268329554,
        "researchAndDevelopmentExpenses": 20000000,
        "generalAndAdministrativeExpenses": 0,
        "sellingAndMarketingExpenses": 0,
        "sellingGeneralAndAdministrativeExpenses": 81000000,
        "otherExpenses": -3000000,
        "operatingExpenses": 104000000,
        "costAndExpenses": 1072000000,
        "interestIncome": 0,
        "interestExpense": 28000000,
        "depreciationAndAmortization": 3000000,
        "ebitda": 387000000,
        "ebitdaratio": 0.2925170068,
        "operatingIncome": 246000000,
        "operatingIncomeRatio": 0.1859410431,
        "totalOtherIncomeExpensesNet": 35000000,
        "incomeBeforeTax": 281000000,
        "incomeBeforeTaxRatio": 0.2123960695,
        "incomeTaxExpense": 15000000,
        "netIncome": 262000000,
        "netIncomeRatio": 0.1980347695,
        "eps": 1.82,
        "epsdiluted": 1.81,
        "weightedAverageShsOut": 144000000,
        "weightedAverageShsOutDil": 144600000,
        "link": "https://www.sec.gov/Archives/edgar/data/1306830/000130683016000410/0001306830-16-000410-index.htm",
        "finalLink": "https://www.sec.gov/Archives/edgar/data/1306830/000130683016000410/ce-10q093016.htm"
    },
    {
        "date": "2016-06-30",
        "symbol": "CE",
        "reportedCurrency": "USD",
        "cik": "0001306830",
        "fillingDate": "2016-07-26",
        "acceptedDate": "2016-07-26 16:34:31",
        "calendarYear": "2016",
        "period": "Q2",
        "revenue": 1351000000,
        "costOfRevenue": 1013000000,
        "grossProfit": 338000000,
        "grossProfitRatio": 0.2501850481,
        "researchAndDevelopmentExpenses": 19000000,
        "generalAndAdministrativeExpenses": 0,
        "sellingAndMarketingExpenses": 0,
        "sellingGeneralAndAdministrativeExpenses": 71000000,
        "otherExpenses": -6000000,
        "operatingExpenses": 92000000,
        "costAndExpenses": 1105000000,
        "interestIncome": 0,
        "interestExpense": 30000000,
        "depreciationAndAmortization": 2000000,
        "ebitda": 277000000,
        "ebitdaratio": 0.2050333087,
        "operatingIncome": 243000000,
        "operatingIncomeRatio": 0.1798667654,
        "totalOtherIncomeExpensesNet": 32000000,
        "incomeBeforeTax": 275000000,
        "incomeBeforeTaxRatio": 0.2035529238,
        "incomeTaxExpense": 52000000,
        "netIncome": 221000000,
        "netIncomeRatio": 0.1635825315,
        "eps": 1.51,
        "epsdiluted": 1.5,
        "weightedAverageShsOut": 146500000,
        "weightedAverageShsOutDil": 147100000,
        "link": "https://www.sec.gov/Archives/edgar/data/1306830/000130683016000345/0001306830-16-000345-index.htm",
        "finalLink": "https://www.sec.gov/Archives/edgar/data/1306830/000130683016000345/ce-10q063016.htm"
    },
    {
        "date": "2016-03-31",
        "symbol": "CE",
        "reportedCurrency": "USD",
        "cik": "0001306830",
        "fillingDate": "2016-04-19",
        "acceptedDate": "2016-04-19 16:17:42",
        "calendarYear": "2016",
        "period": "Q1",
        "revenue": 1404000000,
        "costOfRevenue": 1014000000,
        "grossProfit": 390000000,
        "grossProfitRatio": 0.2777777778,
        "researchAndDevelopmentExpenses": 19000000,
        "generalAndAdministrativeExpenses": 0,
        "sellingAndMarketingExpenses": 0,
        "sellingGeneralAndAdministrativeExpenses": 80000000,
        "otherExpenses": -5000000,
        "operatingExpenses": 101000000,
        "costAndExpenses": 1115000000,
        "interestIncome": 1000000,
        "interestExpense": 33000000,
        "depreciationAndAmortization": 2000000,
        "ebitda": 323000000,
        "ebitdaratio": 0.2300569801,
        "operatingIncome": 287000000,
        "operatingIncomeRatio": 0.2044159544,
        "totalOtherIncomeExpensesNet": 31000000,
        "incomeBeforeTax": 318000000,
        "incomeBeforeTaxRatio": 0.2264957265,
        "incomeTaxExpense": 60000000,
        "netIncome": 257000000,
        "netIncomeRatio": 0.183048433,
        "eps": 1.74,
        "epsdiluted": 1.73,
        "weightedAverageShsOut": 147400000,
        "weightedAverageShsOutDil": 148100000,
        "link": "https://www.sec.gov/Archives/edgar/data/1306830/000130683016000272/0001306830-16-000272-index.htm",
        "finalLink": "https://www.sec.gov/Archives/edgar/data/1306830/000130683016000272/ce-10q033116.htm"
    },
    {
        "date": "2015-12-31",
        "symbol": "CE",
        "reportedCurrency": "USD",
        "cik": "0001306830",
        "fillingDate": "2016-02-05",
        "acceptedDate": "2016-02-05 16:16:27",
        "calendarYear": "2015",
        "period": "Q4",
        "revenue": 1334000000,
        "costOfRevenue": 1075000000,
        "grossProfit": 259000000,
        "grossProfitRatio": 0.1941529235,
        "researchAndDevelopmentExpenses": 21000000,
        "generalAndAdministrativeExpenses": 0,
        "sellingAndMarketingExpenses": 0,
        "sellingGeneralAndAdministrativeExpenses": 209000000,
        "otherExpenses": 0,
        "operatingExpenses": 232000000,
        "costAndExpenses": 1307000000,
        "interestIncome": 0,
        "interestExpense": 33000000,
        "depreciationAndAmortization": 106000000,
        "ebitda": -131000000,
        "ebitdaratio": -0.0982008996,
        "operatingIncome": -305000000,
        "operatingIncomeRatio": -0.2286356822,
        "totalOtherIncomeExpensesNet": 35000000,
        "incomeBeforeTax": -270000000,
        "incomeBeforeTaxRatio": -0.2023988006,
        "incomeTaxExpense": 31000000,
        "netIncome": -298000000,
        "netIncomeRatio": -0.2233883058,
        "eps": -2.03,
        "epsdiluted": -2.02,
        "weightedAverageShsOut": 146893029,
        "weightedAverageShsOutDil": 147400000,
        "link": "https://www.sec.gov/Archives/edgar/data/1306830/000130683016000212/0001306830-16-000212-index.htm",
        "finalLink": "https://www.sec.gov/Archives/edgar/data/1306830/000130683016000212/ce-20151231x10k.htm"
    },
    {
        "date": "2015-09-30",
        "symbol": "CE",
        "reportedCurrency": "USD",
        "cik": "0001306830",
        "fillingDate": "2015-10-20",
        "acceptedDate": "2015-10-20 16:17:28",
        "calendarYear": "2015",
        "period": "Q3",
        "revenue": 1413000000,
        "costOfRevenue": 1110000000,
        "grossProfit": 303000000,
        "grossProfitRatio": 0.2144373673,
        "researchAndDevelopmentExpenses": 19000000,
        "generalAndAdministrativeExpenses": 0,
        "sellingAndMarketingExpenses": 0,
        "sellingGeneralAndAdministrativeExpenses": 93000000,
        "otherExpenses": -8000000,
        "operatingExpenses": 115000000,
        "costAndExpenses": 1225000000,
        "interestIncome": 0,
        "interestExpense": 29000000,
        "depreciationAndAmortization": 82000000,
        "ebitda": 336000000,
        "ebitdaratio": 0.2377919321,
        "operatingIncome": 186000000,
        "operatingIncomeRatio": 0.1316348195,
        "totalOtherIncomeExpensesNet": 39000000,
        "incomeBeforeTax": 225000000,
        "incomeBeforeTaxRatio": 0.1592356688,
        "incomeTaxExpense": 74000000,
        "netIncome": 161000000,
        "netIncomeRatio": 0.1139419674,
        "eps": 1.07,
        "epsdiluted": 1.07,
        "weightedAverageShsOut": 149800029,
        "weightedAverageShsOutDil": 151004081,
        "link": "https://www.sec.gov/Archives/edgar/data/1306830/000130683015000147/0001306830-15-000147-index.htm",
        "finalLink": "https://www.sec.gov/Archives/edgar/data/1306830/000130683015000147/ce-2015930x10q.htm"
    },
    {
        "date": "2015-06-30",
        "symbol": "CE",
        "reportedCurrency": "USD",
        "cik": "0001306830",
        "fillingDate": "2015-07-17",
        "acceptedDate": "2015-07-17 16:19:31",
        "calendarYear": "2015",
        "period": "Q2",
        "revenue": 1477000000,
        "costOfRevenue": 1102000000,
        "grossProfit": 375000000,
        "grossProfitRatio": 0.2538930264,
        "researchAndDevelopmentExpenses": 59000000,
        "generalAndAdministrativeExpenses": 0,
        "sellingAndMarketingExpenses": 0,
        "sellingGeneralAndAdministrativeExpenses": 106000000,
        "otherExpenses": -8000000,
        "operatingExpenses": 168000000,
        "costAndExpenses": 1270000000,
        "interestIncome": 1000000,
        "interestExpense": 30000000,
        "depreciationAndAmortization": 3000000,
        "ebitda": 243000000,
        "ebitdaratio": 0.1645226811,
        "operatingIncome": 188000000,
        "operatingIncomeRatio": 0.1272850372,
        "totalOtherIncomeExpensesNet": 39000000,
        "incomeBeforeTax": 227000000,
        "incomeBeforeTaxRatio": 0.153689912,
        "incomeTaxExpense": 24000000,
        "netIncome": 205000000,
        "netIncomeRatio": 0.1387948544,
        "eps": 1.34,
        "epsdiluted": 1.33,
        "weightedAverageShsOut": 153500000,
        "weightedAverageShsOutDil": 154000000,
        "link": "https://www.sec.gov/Archives/edgar/data/1306830/000130683015000106/0001306830-15-000106-index.htm",
        "finalLink": "https://www.sec.gov/Archives/edgar/data/1306830/000130683015000106/ce-2015630x10q.htm"
    },
    {
        "date": "2015-03-31",
        "symbol": "CE",
        "reportedCurrency": "USD",
        "cik": "0001306830",
        "fillingDate": "2015-04-17",
        "acceptedDate": "2015-04-17 16:40:43",
        "calendarYear": "2015",
        "period": "Q1",
        "revenue": 1450000000,
        "costOfRevenue": 1069000000,
        "grossProfit": 381000000,
        "grossProfitRatio": 0.2627586207,
        "researchAndDevelopmentExpenses": 20000000,
        "generalAndAdministrativeExpenses": 0,
        "sellingAndMarketingExpenses": 0,
        "sellingGeneralAndAdministrativeExpenses": 98000000,
        "otherExpenses": -5000000,
        "operatingExpenses": 121000000,
        "costAndExpenses": 1190000000,
        "interestIncome": 0,
        "interestExpense": 27000000,
        "depreciationAndAmortization": 3000000,
        "ebitda": 306000000,
        "ebitdaratio": 0.2110344828,
        "operatingIncome": 257000000,
        "operatingIncomeRatio": 0.1772413793,
        "totalOtherIncomeExpensesNet": 49000000,
        "incomeBeforeTax": 306000000,
        "incomeBeforeTaxRatio": 0.2110344828,
        "incomeTaxExpense": 72000000,
        "netIncome": 236000000,
        "netIncomeRatio": 0.1627586207,
        "eps": 1.54,
        "epsdiluted": 1.53,
        "weightedAverageShsOut": 153200000,
        "weightedAverageShsOutDil": 153900000,
        "link": "https://www.sec.gov/Archives/edgar/data/1306830/000130683015000052/0001306830-15-000052-index.htm",
        "finalLink": "https://www.sec.gov/Archives/edgar/data/1306830/000130683015000052/ce-2015331x10q.htm"
    },
    {
        "date": "2014-12-31",
        "symbol": "CE",
        "reportedCurrency": "USD",
        "cik": "0001306830",
        "fillingDate": "2015-02-06",
        "acceptedDate": "2015-02-06 17:19:30",
        "calendarYear": "2014",
        "period": "Q4",
        "revenue": 1559000000,
        "costOfRevenue": 1165000000,
        "grossProfit": 394000000,
        "grossProfitRatio": 0.2527261065,
        "researchAndDevelopmentExpenses": 18000000,
        "generalAndAdministrativeExpenses": 0,
        "sellingAndMarketingExpenses": 0,
        "sellingGeneralAndAdministrativeExpenses": 417000000,
        "otherExpenses": 0,
        "operatingExpenses": 439000000,
        "costAndExpenses": 1604000000,
        "interestIncome": 2000000,
        "interestExpense": 0,
        "depreciationAndAmortization": 4000000,
        "ebitda": -22000000,
        "ebitdaratio": -0.01411161,
        "operatingIncome": -54000000,
        "operatingIncomeRatio": -0.0346375882,
        "totalOtherIncomeExpensesNet": 23000000,
        "incomeBeforeTax": -31000000,
        "incomeBeforeTaxRatio": -0.0198845414,
        "incomeTaxExpense": 52000000,
        "netIncome": -84000000,
        "netIncomeRatio": -0.0538806928,
        "eps": -0.55,
        "epsdiluted": -0.55,
        "weightedAverageShsOut": 153400000,
        "weightedAverageShsOutDil": 153400000,
        "link": "https://www.sec.gov/Archives/edgar/data/1306830/000130683015000022/0001306830-15-000022-index.htm",
        "finalLink": "https://www.sec.gov/Archives/edgar/data/1306830/000130683015000022/ce-20141231x10k.htm"
    },
    {
        "date": "2014-09-30",
        "symbol": "CE",
        "reportedCurrency": "USD",
        "cik": "0001306830",
        "fillingDate": "2014-10-21",
        "acceptedDate": "2014-10-21 17:20:49",
        "calendarYear": "2014",
        "period": "Q3",
        "revenue": 1769000000,
        "costOfRevenue": 1333000000,
        "grossProfit": 436000000,
        "grossProfitRatio": 0.2464669305,
        "researchAndDevelopmentExpenses": 22000000,
        "generalAndAdministrativeExpenses": 0,
        "sellingAndMarketingExpenses": 0,
        "sellingGeneralAndAdministrativeExpenses": 118000000,
        "otherExpenses": -1000000,
        "operatingExpenses": 145000000,
        "costAndExpenses": 1478000000,
        "interestIncome": 3000000,
        "interestExpense": 41000000,
        "depreciationAndAmortization": 75000000,
        "ebitda": 463000000,
        "ebitdaratio": 0.2617297908,
        "operatingIncome": 310000000,
        "operatingIncomeRatio": 0.1752402487,
        "totalOtherIncomeExpensesNet": 37000000,
        "incomeBeforeTax": 347000000,
        "incomeBeforeTaxRatio": 0.1961560204,
        "incomeTaxExpense": 90000000,
        "netIncome": 253000000,
        "netIncomeRatio": 0.1430186546,
        "eps": 1.64,
        "epsdiluted": 1.63,
        "weightedAverageShsOut": 154427554,
        "weightedAverageShsOutDil": 155174528,
        "link": "https://www.sec.gov/Archives/edgar/data/1306830/000130683014000153/0001306830-14-000153-index.htm",
        "finalLink": "https://www.sec.gov/Archives/edgar/data/1306830/000130683014000153/ce-2014930x10q.htm"
    },
    {
        "date": "2014-06-30",
        "symbol": "CE",
        "reportedCurrency": "USD",
        "cik": "0001306830",
        "fillingDate": "2014-07-18",
        "acceptedDate": "2014-07-18 16:20:58",
        "calendarYear": "2014",
        "period": "Q2",
        "revenue": 1769000000,
        "costOfRevenue": 1361000000,
        "grossProfit": 408000000,
        "grossProfitRatio": 0.230638779,
        "researchAndDevelopmentExpenses": 24000000,
        "generalAndAdministrativeExpenses": 0,
        "sellingAndMarketingExpenses": 0,
        "sellingGeneralAndAdministrativeExpenses": 119000000,
        "otherExpenses": 4000000,
        "operatingExpenses": 148000000,
        "costAndExpenses": 1509000000,
        "interestIncome": 2000000,
        "interestExpense": 40000000,
        "depreciationAndAmortization": 75000000,
        "ebitda": 467000000,
        "ebitdaratio": 0.2639909553,
        "operatingIncome": 259000000,
        "operatingIncomeRatio": 0.1464104014,
        "totalOtherIncomeExpensesNet": 93000000,
        "incomeBeforeTax": 352000000,
        "incomeBeforeTaxRatio": 0.198982476,
        "incomeTaxExpense": 94000000,
        "netIncome": 259000000,
        "netIncomeRatio": 0.1464104014,
        "eps": 1.66,
        "epsdiluted": 1.66,
        "weightedAverageShsOut": 155751779,
        "weightedAverageShsOutDil": 156054232,
        "link": "https://www.sec.gov/Archives/edgar/data/1306830/000130683014000099/0001306830-14-000099-index.htm",
        "finalLink": "https://www.sec.gov/Archives/edgar/data/1306830/000130683014000099/ce-2014630x10q.htm"
    },
    {
        "date": "2014-03-31",
        "symbol": "CE",
        "reportedCurrency": "USD",
        "cik": "0001306830",
        "fillingDate": "2014-04-22",
        "acceptedDate": "2014-04-22 17:05:02",
        "calendarYear": "2014",
        "period": "Q1",
        "revenue": 1705000000,
        "costOfRevenue": 1327000000,
        "grossProfit": 378000000,
        "grossProfitRatio": 0.2217008798,
        "researchAndDevelopmentExpenses": 22000000,
        "generalAndAdministrativeExpenses": 0,
        "sellingAndMarketingExpenses": 0,
        "sellingGeneralAndAdministrativeExpenses": 104000000,
        "otherExpenses": -1000000,
        "operatingExpenses": 132000000,
        "costAndExpenses": 1459000000,
        "interestIncome": 0,
        "interestExpense": 39000000,
        "depreciationAndAmortization": 6000000,
        "ebitda": 291000000,
        "ebitdaratio": 0.1706744868,
        "operatingIncome": 243000000,
        "operatingIncomeRatio": 0.1425219941,
        "totalOtherIncomeExpensesNet": 30000000,
        "incomeBeforeTax": 273000000,
        "incomeBeforeTaxRatio": 0.1601173021,
        "incomeTaxExpense": 78000000,
        "netIncome": 196000000,
        "netIncomeRatio": 0.1149560117,
        "eps": 1.25,
        "epsdiluted": 1.25,
        "weightedAverageShsOut": 156500000,
        "weightedAverageShsOutDil": 156800000,
        "link": "https://www.sec.gov/Archives/edgar/data/1306830/000130683014000047/0001306830-14-000047-index.htm",
        "finalLink": "https://www.sec.gov/Archives/edgar/data/1306830/000130683014000047/ce-2014331x10q.htm"
    },
    {
        "date": "2013-12-31",
        "symbol": "CE",
        "reportedCurrency": "USD",
        "cik": "0001306830",
        "fillingDate": "2014-02-07",
        "acceptedDate": "2014-02-07 17:15:23",
        "calendarYear": "2013",
        "period": "Q4",
        "revenue": 1616000000,
        "costOfRevenue": 1249000000,
        "grossProfit": 367000000,
        "grossProfitRatio": 0.2271039604,
        "researchAndDevelopmentExpenses": 12000000,
        "generalAndAdministrativeExpenses": 0,
        "sellingAndMarketingExpenses": 0,
        "sellingGeneralAndAdministrativeExpenses": -5000000,
        "otherExpenses": -148000000,
        "operatingExpenses": 13000000,
        "costAndExpenses": 1262000000,
        "interestIncome": 0,
        "interestExpense": 42000000,
        "depreciationAndAmortization": 6000000,
        "ebitda": 1078000000,
        "ebitdaratio": 0.6670792079,
        "operatingIncome": 944000000,
        "operatingIncomeRatio": 0.5841584158,
        "totalOtherIncomeExpensesNet": 11000000,
        "incomeBeforeTax": 955000000,
        "incomeBeforeTaxRatio": 0.5909653465,
        "incomeTaxExpense": 299000000,
        "netIncome": 654000000,
        "netIncomeRatio": 0.4047029703,
        "eps": 4.16,
        "epsdiluted": 4.15,
        "weightedAverageShsOut": 157400000,
        "weightedAverageShsOutDil": 157700000,
        "link": "https://www.sec.gov/Archives/edgar/data/1306830/000130683014000011/0001306830-14-000011-index.htm",
        "finalLink": "https://www.sec.gov/Archives/edgar/data/1306830/000130683014000011/ce-20131231x10k.htm"
    },
    {
        "date": "2013-09-30",
        "symbol": "CE",
        "reportedCurrency": "USD",
        "cik": "0001306830",
        "fillingDate": "2013-10-21",
        "acceptedDate": "2013-10-21 16:59:14",
        "calendarYear": "2013",
        "period": "Q3",
        "revenue": 1636000000,
        "costOfRevenue": 1290000000,
        "grossProfit": 346000000,
        "grossProfitRatio": 0.2114914425,
        "researchAndDevelopmentExpenses": 24000000,
        "generalAndAdministrativeExpenses": 0,
        "sellingAndMarketingExpenses": 0,
        "sellingGeneralAndAdministrativeExpenses": 97000000,
        "otherExpenses": -2000000,
        "operatingExpenses": 127000000,
        "costAndExpenses": 1417000000,
        "interestIncome": 21000000,
        "interestExpense": 0,
        "depreciationAndAmortization": 80000000,
        "ebitda": 351000000,
        "ebitdaratio": 0.2145476773,
        "operatingIncome": 211000000,
        "operatingIncomeRatio": 0.1289731051,
        "totalOtherIncomeExpensesNet": 17000000,
        "incomeBeforeTax": 228000000,
        "incomeBeforeTaxRatio": 0.1393643032,
        "incomeTaxExpense": 57000000,
        "netIncome": 172000000,
        "netIncomeRatio": 0.1051344743,
        "eps": 1.09,
        "epsdiluted": 1.08,
        "weightedAverageShsOut": 158501075,
        "weightedAverageShsOutDil": 159095531,
        "link": "https://www.sec.gov/Archives/edgar/data/1306830/000130683013000130/0001306830-13-000130-index.htm",
        "finalLink": "https://www.sec.gov/Archives/edgar/data/1306830/000130683013000130/ce-2013930x10q.htm"
    },
    {
        "date": "2013-06-30",
        "symbol": "CE",
        "reportedCurrency": "USD",
        "cik": "0001306830",
        "fillingDate": "2013-07-19",
        "acceptedDate": "2013-07-19 16:42:39",
        "calendarYear": "2013",
        "period": "Q2",
        "revenue": 1653000000,
        "costOfRevenue": 1334000000,
        "grossProfit": 319000000,
        "grossProfitRatio": 0.1929824561,
        "researchAndDevelopmentExpenses": 23000000,
        "generalAndAdministrativeExpenses": 0,
        "sellingAndMarketingExpenses": 0,
        "sellingGeneralAndAdministrativeExpenses": 113000000,
        "otherExpenses": 1000000,
        "operatingExpenses": 145000000,
        "costAndExpenses": 1479000000,
        "interestIncome": 1000000,
        "interestExpense": 44000000,
        "depreciationAndAmortization": 9000000,
        "ebitda": 252000000,
        "ebitdaratio": 0.1524500907,
        "operatingIncome": 169000000,
        "operatingIncomeRatio": 0.1022383545,
        "totalOtherIncomeExpensesNet": 39000000,
        "incomeBeforeTax": 208000000,
        "incomeBeforeTaxRatio": 0.1258318209,
        "incomeTaxExpense": 75000000,
        "netIncome": 133000000,
        "netIncomeRatio": 0.0804597701,
        "eps": 0.83,
        "epsdiluted": 0.83,
        "weightedAverageShsOut": 159700000,
        "weightedAverageShsOutDil": 160100000,
        "link": "https://www.sec.gov/Archives/edgar/data/1306830/000130683013000095/0001306830-13-000095-index.htm",
        "finalLink": "https://www.sec.gov/Archives/edgar/data/1306830/000130683013000095/ce-2013630x10q.htm"
    },
    {
        "date": "2013-03-31",
        "symbol": "CE",
        "reportedCurrency": "USD",
        "cik": "0001306830",
        "fillingDate": "2013-04-19",
        "acceptedDate": "2013-04-19 16:46:20",
        "calendarYear": "2013",
        "period": "Q1",
        "revenue": 1605000000,
        "costOfRevenue": 1272000000,
        "grossProfit": 333000000,
        "grossProfitRatio": 0.2074766355,
        "researchAndDevelopmentExpenses": 26000000,
        "generalAndAdministrativeExpenses": 0,
        "sellingAndMarketingExpenses": 0,
        "sellingGeneralAndAdministrativeExpenses": 106000000,
        "otherExpenses": -5000000,
        "operatingExpenses": 143000000,
        "costAndExpenses": 1415000000,
        "interestIncome": 0,
        "interestExpense": 43000000,
        "depreciationAndAmortization": 11000000,
        "ebitda": 250000000,
        "ebitdaratio": 0.1557632399,
        "operatingIncome": 184000000,
        "operatingIncomeRatio": 0.1146417445,
        "totalOtherIncomeExpensesNet": 34000000,
        "incomeBeforeTax": 218000000,
        "incomeBeforeTaxRatio": 0.1358255452,
        "incomeTaxExpense": 77000000,
        "netIncome": 142000000,
        "netIncomeRatio": 0.0884735202,
        "eps": 0.89,
        "epsdiluted": 0.89,
        "weightedAverageShsOut": 159700000,
        "weightedAverageShsOutDil": 160200000,
        "link": "https://www.sec.gov/Archives/edgar/data/1306830/000130683013000048/0001306830-13-000048-index.htm",
        "finalLink": "https://www.sec.gov/Archives/edgar/data/1306830/000130683013000048/ce-2013331x10q.htm"
    },
    {
        "date": "2012-12-31",
        "symbol": "CE",
        "reportedCurrency": "USD",
        "cik": "0001306830",
        "fillingDate": "2013-02-08",
        "acceptedDate": "2013-02-08 17:22:53",
        "calendarYear": "2012",
        "period": "Q4",
        "revenue": 1501000000,
        "costOfRevenue": 1234000000,
        "grossProfit": 267000000,
        "grossProfitRatio": 0.1778814124,
        "researchAndDevelopmentExpenses": 26000000,
        "generalAndAdministrativeExpenses": 0,
        "sellingAndMarketingExpenses": 0,
        "sellingGeneralAndAdministrativeExpenses": 128000000,
        "otherExpenses": -12000000,
        "operatingExpenses": 167000000,
        "costAndExpenses": 1401000000,
        "interestIncome": 1000000,
        "interestExpense": 51000000,
        "depreciationAndAmortization": 13000000,
        "ebitda": 248000000,
        "ebitdaratio": 0.1652231845,
        "operatingIncome": 86000000,
        "operatingIncomeRatio": 0.0572951366,
        "totalOtherIncomeExpensesNet": 27000000,
        "incomeBeforeTax": 113000000,
        "incomeBeforeTaxRatio": 0.0752831446,
        "incomeTaxExpense": 16000000,
        "netIncome": 95000000,
        "netIncomeRatio": 0.0632911392,
        "eps": 0.6,
        "epsdiluted": 0.59,
        "weightedAverageShsOut": 159500000,
        "weightedAverageShsOutDil": 160200000,
        "link": "https://www.sec.gov/Archives/edgar/data/1306830/000130683013000007/0001306830-13-000007-index.htm",
        "finalLink": "https://www.sec.gov/Archives/edgar/data/1306830/000130683013000007/ce-20121231x10k.htm"
    },
    {
        "date": "2012-09-30",
        "symbol": "CE",
        "reportedCurrency": "USD",
        "cik": "0001306830",
        "fillingDate": "2012-10-23",
        "acceptedDate": "2012-10-23 17:18:49",
        "calendarYear": "2012",
        "period": "Q3",
        "revenue": 1609000000,
        "costOfRevenue": 1285000000,
        "grossProfit": 324000000,
        "grossProfitRatio": 0.2013673089,
        "researchAndDevelopmentExpenses": 24000000,
        "generalAndAdministrativeExpenses": 0,
        "sellingAndMarketingExpenses": 0,
        "sellingGeneralAndAdministrativeExpenses": 121000000,
        "otherExpenses": 3000000,
        "operatingExpenses": 155000000,
        "costAndExpenses": 1440000000,
        "interestIncome": 0,
        "interestExpense": 44000000,
        "depreciationAndAmortization": 12000000,
        "ebitda": 231000000,
        "ebitdaratio": 0.1435674332,
        "operatingIncome": 163000000,
        "operatingIncomeRatio": 0.1013051585,
        "totalOtherIncomeExpensesNet": -3000000,
        "incomeBeforeTax": 173000000,
        "incomeBeforeTaxRatio": 0.1075201989,
        "incomeTaxExpense": 54000000,
        "netIncome": 127000000,
        "netIncomeRatio": 0.0789310131,
        "eps": 0.74,
        "epsdiluted": 0.73,
        "weightedAverageShsOut": 159100000,
        "weightedAverageShsOutDil": 160100000,
        "link": "https://www.sec.gov/Archives/edgar/data/1306830/000130683012000174/0001306830-12-000174-index.htm",
        "finalLink": "https://www.sec.gov/Archives/edgar/data/1306830/000130683012000174/ce-2012930x10q.htm"
    },
    {
        "date": "2012-06-30",
        "symbol": "CE",
        "reportedCurrency": "USD",
        "cik": "0001306830",
        "fillingDate": "2012-07-25",
        "acceptedDate": "2012-07-25 16:50:13",
        "calendarYear": "2012",
        "period": "Q2",
        "revenue": 1675000000,
        "costOfRevenue": 1344000000,
        "grossProfit": 331000000,
        "grossProfitRatio": 0.1976119403,
        "researchAndDevelopmentExpenses": 26000000,
        "generalAndAdministrativeExpenses": 0,
        "sellingAndMarketingExpenses": 0,
        "sellingGeneralAndAdministrativeExpenses": 124000000,
        "otherExpenses": -1000000,
        "operatingExpenses": 166000000,
        "costAndExpenses": 1510000000,
        "interestIncome": 0,
        "interestExpense": 45000000,
        "depreciationAndAmortization": 13000000,
        "ebitda": 240000000,
        "ebitdaratio": 0.1432835821,
        "operatingIncome": 164000000,
        "operatingIncomeRatio": 0.0979104478,
        "totalOtherIncomeExpensesNet": 86000000,
        "incomeBeforeTax": 264000000,
        "incomeBeforeTaxRatio": 0.1576119403,
        "incomeTaxExpense": 54000000,
        "netIncome": 221000000,
        "netIncomeRatio": 0.1319402985,
        "eps": 1.33,
        "epsdiluted": 1.31,
        "weightedAverageShsOut": 158100000,
        "weightedAverageShsOutDil": 159700000,
        "link": "https://www.sec.gov/Archives/edgar/data/1306830/000130683012000106/0001306830-12-000106-index.htm",
        "finalLink": "https://www.sec.gov/Archives/edgar/data/1306830/000130683012000106/ce-2012630x10q.htm"
    },
    {
        "date": "2012-03-31",
        "symbol": "CE",
        "reportedCurrency": "USD",
        "cik": "0001306830",
        "fillingDate": "2012-04-24",
        "acceptedDate": "2012-04-24 17:24:08",
        "calendarYear": "2012",
        "period": "Q1",
        "revenue": 1633000000,
        "costOfRevenue": 1363000000,
        "grossProfit": 270000000,
        "grossProfitRatio": 0.1653398653,
        "researchAndDevelopmentExpenses": 26000000,
        "generalAndAdministrativeExpenses": 0,
        "sellingAndMarketingExpenses": 0,
        "sellingGeneralAndAdministrativeExpenses": 134000000,
        "otherExpenses": 2000000,
        "operatingExpenses": 173000000,
        "costAndExpenses": 1536000000,
        "interestIncome": 1000000,
        "interestExpense": 45000000,
        "depreciationAndAmortization": 77000000,
        "ebitda": 242000000,
        "ebitdaratio": 0.1481935089,
        "operatingIncome": 98000000,
        "operatingIncomeRatio": 0.0600122474,
        "totalOtherIncomeExpensesNet": 9000000,
        "incomeBeforeTax": 107000000,
        "incomeBeforeTaxRatio": 0.0655235762,
        "incomeTaxExpense": -76000000,
        "netIncome": 193000000,
        "netIncomeRatio": 0.1181873852,
        "eps": 1.23,
        "epsdiluted": 1.21,
        "weightedAverageShsOut": 156576896,
        "weightedAverageShsOutDil": 159115232,
        "link": "https://www.sec.gov/Archives/edgar/data/1306830/000130683012000055/0001306830-12-000055-index.htm",
        "finalLink": "https://www.sec.gov/Archives/edgar/data/1306830/000130683012000055/ce-2012331x10q.htm"
    },
    {
        "date": "2011-12-31",
        "symbol": "CE",
        "reportedCurrency": "USD",
        "cik": "0001306830",
        "fillingDate": "2012-02-10",
        "acceptedDate": "2012-02-10 16:58:50",
        "calendarYear": "2011",
        "period": "Q4",
        "revenue": 1614000000,
        "costOfRevenue": 1342000000,
        "grossProfit": 272000000,
        "grossProfitRatio": 0.1685254027,
        "researchAndDevelopmentExpenses": 24000000,
        "generalAndAdministrativeExpenses": 0,
        "sellingAndMarketingExpenses": 0,
        "sellingGeneralAndAdministrativeExpenses": 128000000,
        "otherExpenses": 0,
        "operatingExpenses": 173000000,
        "costAndExpenses": 1515000000,
        "interestIncome": 1000000,
        "interestExpense": 55000000,
        "depreciationAndAmortization": 80000000,
        "ebitda": 229000000,
        "ebitdaratio": 0.1418835192,
        "operatingIncome": 97000000,
        "operatingIncomeRatio": 0.0600991326,
        "totalOtherIncomeExpensesNet": -3000000,
        "incomeBeforeTax": 94000000,
        "incomeBeforeTaxRatio": 0.0582403965,
        "incomeTaxExpense": -2000000,
        "netIncome": 95000000,
        "netIncomeRatio": 0.0588599752,
        "eps": 0.61,
        "epsdiluted": 0.61,
        "weightedAverageShsOut": 156462158,
        "weightedAverageShsOutDil": 156542424,
        "link": "https://www.sec.gov/Archives/edgar/data/1306830/000130683012000015/0001306830-12-000015-index.htm",
        "finalLink": "https://www.sec.gov/Archives/edgar/data/1306830/000130683012000015/ce-20111231x10k.htm"
    },
    {
        "date": "2011-09-30",
        "symbol": "CE",
        "reportedCurrency": "USD",
        "cik": "0001306830",
        "fillingDate": "2011-10-26",
        "acceptedDate": "2011-10-26 08:47:09",
        "calendarYear": "2011",
        "period": "Q3",
        "revenue": 1807000000,
        "costOfRevenue": 1406000000,
        "grossProfit": 401000000,
        "grossProfitRatio": 0.2219147759,
        "researchAndDevelopmentExpenses": 24000000,
        "generalAndAdministrativeExpenses": 0,
        "sellingAndMarketingExpenses": 0,
        "sellingGeneralAndAdministrativeExpenses": 140000000,
        "otherExpenses": 0,
        "operatingExpenses": 205000000,
        "costAndExpenses": 1611000000,
        "interestIncome": 1000000,
        "interestExpense": 54000000,
        "depreciationAndAmortization": 17000000,
        "ebitda": 271000000,
        "ebitdaratio": 0.1499723298,
        "operatingIncome": 196000000,
        "operatingIncomeRatio": 0.1084670725,
        "totalOtherIncomeExpensesNet": 5000000,
        "incomeBeforeTax": 201000000,
        "incomeBeforeTaxRatio": 0.1112340897,
        "incomeTaxExpense": 34000000,
        "netIncome": 167000000,
        "netIncomeRatio": 0.092418373,
        "eps": 1.07,
        "epsdiluted": 1.05,
        "weightedAverageShsOut": 156200000,
        "weightedAverageShsOutDil": 159000000,
        "link": "https://www.sec.gov/Archives/edgar/data/1306830/000130683011000080/0001306830-11-000080-index.htm",
        "finalLink": "https://www.sec.gov/Archives/edgar/data/1306830/000130683011000080/ce-2011930x10q.htm"
    },
    {
        "date": "2011-06-30",
        "symbol": "CE",
        "reportedCurrency": "USD",
        "cik": "0001306830",
        "fillingDate": "2011-07-22",
        "acceptedDate": "2011-07-22 16:41:15",
        "calendarYear": "2011",
        "period": "Q2",
        "revenue": 1753000000,
        "costOfRevenue": 1343000000,
        "grossProfit": 410000000,
        "grossProfitRatio": 0.233884769,
        "researchAndDevelopmentExpenses": 25000000,
        "generalAndAdministrativeExpenses": 0,
        "sellingAndMarketingExpenses": 0,
        "sellingGeneralAndAdministrativeExpenses": 140000000,
        "otherExpenses": 0,
        "operatingExpenses": 201000000,
        "costAndExpenses": 1544000000,
        "interestIncome": 0,
        "interestExpense": 57000000,
        "depreciationAndAmortization": 17000000,
        "ebitda": 272000000,
        "ebitdaratio": 0.1551625784,
        "operatingIncome": 209000000,
        "operatingIncomeRatio": 0.1192241871,
        "totalOtherIncomeExpensesNet": 71000000,
        "incomeBeforeTax": 280000000,
        "incomeBeforeTaxRatio": 0.1597261837,
        "incomeTaxExpense": 75000000,
        "netIncome": 203000000,
        "netIncomeRatio": 0.1158014832,
        "eps": 1.3,
        "epsdiluted": 1.28,
        "weightedAverageShsOut": 156300000,
        "weightedAverageShsOutDil": 159200000,
        "link": "https://www.sec.gov/Archives/edgar/data/1306830/000130683011000059/0001306830-11-000059-index.htm",
        "finalLink": "https://www.sec.gov/Archives/edgar/data/1306830/000130683011000059/ce-2011630x10q.htm"
    },
    {
        "date": "2011-03-31",
        "symbol": "CE",
        "reportedCurrency": "USD",
        "cik": "0001306830",
        "fillingDate": "2011-04-26",
        "acceptedDate": "2011-04-26 16:41:15",
        "calendarYear": "2011",
        "period": "Q1",
        "revenue": 1589000000,
        "costOfRevenue": 1238000000,
        "grossProfit": 351000000,
        "grossProfitRatio": 0.2208936438,
        "researchAndDevelopmentExpenses": 23000000,
        "generalAndAdministrativeExpenses": 0,
        "sellingAndMarketingExpenses": 0,
        "sellingGeneralAndAdministrativeExpenses": 128000000,
        "otherExpenses": 0,
        "operatingExpenses": 167000000,
        "costAndExpenses": 1405000000,
        "interestIncome": 1000000,
        "interestExpense": 55000000,
        "depreciationAndAmortization": 75000000,
        "ebitda": 310000000,
        "ebitdaratio": 0.1950912524,
        "operatingIncome": 188000000,
        "operatingIncomeRatio": 0.1183134047,
        "totalOtherIncomeExpensesNet": -8000000,
        "incomeBeforeTax": 180000000,
        "incomeBeforeTaxRatio": 0.1132787917,
        "incomeTaxExpense": 42000000,
        "netIncome": 142000000,
        "netIncomeRatio": 0.0893643801,
        "eps": 0.91,
        "epsdiluted": 0.9,
        "weightedAverageShsOut": 155966259,
        "weightedAverageShsOutDil": 158666687,
        "link": "https://www.sec.gov/Archives/edgar/data/1306830/000095012311039316/0000950123-11-039316-index.htm",
        "finalLink": "https://www.sec.gov/Archives/edgar/data/1306830/000095012311039316/d81282e10vq.htm"
    },
    {
        "date": "2010-12-31",
        "symbol": "CE",
        "reportedCurrency": "USD",
        "cik": "0001306830",
        "fillingDate": "2011-02-11",
        "acceptedDate": "2011-02-11 16:57:35",
        "calendarYear": "2010",
        "period": "Q4",
        "revenue": 1507000000,
        "costOfRevenue": 1194000000,
        "grossProfit": 313000000,
        "grossProfitRatio": 0.2076974121,
        "researchAndDevelopmentExpenses": 14000000,
        "generalAndAdministrativeExpenses": 0,
        "sellingAndMarketingExpenses": 0,
        "sellingGeneralAndAdministrativeExpenses": 136000000,
        "otherExpenses": 0,
        "operatingExpenses": 207000000,
        "costAndExpenses": 1401000000,
        "interestIncome": 5000000,
        "interestExpense": 58000000,
        "depreciationAndAmortization": 74000000,
        "ebitda": 262000000,
        "ebitdaratio": 0.1738553417,
        "operatingIncome": 140000000,
        "operatingIncomeRatio": 0.0928998009,
        "totalOtherIncomeExpensesNet": -10000000,
        "incomeBeforeTax": 130000000,
        "incomeBeforeTaxRatio": 0.0862641009,
        "incomeTaxExpense": 27000000,
        "netIncome": 58000000,
        "netIncomeRatio": 0.0384870604,
        "eps": 0.37,
        "epsdiluted": 0.37,
        "weightedAverageShsOut": 155737184,
        "weightedAverageShsOutDil": 155966259,
        "link": "https://www.sec.gov/Archives/edgar/data/1306830/000095012311012862/0000950123-11-012862-index.htm",
        "finalLink": "https://www.sec.gov/Archives/edgar/data/1306830/000095012311012862/d77691e10vk.htm"
    },
    {
        "date": "2010-09-30",
        "symbol": "CE",
        "reportedCurrency": "USD",
        "cik": "0001306830",
        "fillingDate": "2010-10-26",
        "acceptedDate": "2010-10-26 16:41:56",
        "calendarYear": "2010",
        "period": "Q3",
        "revenue": 1506000000,
        "costOfRevenue": 1160000000,
        "grossProfit": 346000000,
        "grossProfitRatio": 0.229747676,
        "researchAndDevelopmentExpenses": 19000000,
        "generalAndAdministrativeExpenses": 0,
        "sellingAndMarketingExpenses": 0,
        "sellingGeneralAndAdministrativeExpenses": 123000000,
        "otherExpenses": 0,
        "operatingExpenses": 157000000,
        "costAndExpenses": 1317000000,
        "interestIncome": 0,
        "interestExpense": 48000000,
        "depreciationAndAmortization": 67000000,
        "ebitda": 306000000,
        "ebitdaratio": 0.203187251,
        "operatingIncome": 221000000,
        "operatingIncomeRatio": 0.1467463479,
        "totalOtherIncomeExpensesNet": -30000000,
        "incomeBeforeTax": 191000000,
        "incomeBeforeTaxRatio": 0.1268260292,
        "incomeTaxExpense": 44000000,
        "netIncome": 145000000,
        "netIncomeRatio": 0.0962815405,
        "eps": 0.93,
        "epsdiluted": 0.92,
        "weightedAverageShsOut": 155859508,
        "weightedAverageShsOutDil": 157883548,
        "link": "https://www.sec.gov/Archives/edgar/data/1306830/000095012310096146/0000950123-10-096146-index.htm",
        "finalLink": "https://www.sec.gov/Archives/edgar/data/1306830/000095012310096146/d77057e10vq.htm"
    },
    {
        "date": "2010-06-30",
        "symbol": "CE",
        "reportedCurrency": "USD",
        "cik": "0001306830",
        "fillingDate": "2010-07-29",
        "acceptedDate": "2010-07-29 16:46:51",
        "calendarYear": "2010",
        "period": "Q2",
        "revenue": 1517000000,
        "costOfRevenue": 1214000000,
        "grossProfit": 303000000,
        "grossProfitRatio": 0.1997363217,
        "researchAndDevelopmentExpenses": 18000000,
        "generalAndAdministrativeExpenses": 0,
        "sellingAndMarketingExpenses": 0,
        "sellingGeneralAndAdministrativeExpenses": 123000000,
        "otherExpenses": 0,
        "operatingExpenses": 147000000,
        "costAndExpenses": 1361000000,
        "interestIncome": 1000000,
        "interestExpense": 49000000,
        "depreciationAndAmortization": 15000000,
        "ebitda": 217000000,
        "ebitdaratio": 0.1430454845,
        "operatingIncome": 156000000,
        "operatingIncomeRatio": 0.1028345419,
        "totalOtherIncomeExpensesNet": 68000000,
        "incomeBeforeTax": 224000000,
        "incomeBeforeTaxRatio": 0.147659855,
        "incomeTaxExpense": 61000000,
        "netIncome": 160000000,
        "netIncomeRatio": 0.105471325,
        "eps": 1.02,
        "epsdiluted": 1.01,
        "weightedAverageShsOut": 156300000,
        "weightedAverageShsOutDil": 158400000,
        "link": "https://www.sec.gov/Archives/edgar/data/1306830/000095012310069853/0000950123-10-069853-index.htm",
        "finalLink": "https://www.sec.gov/Archives/edgar/data/1306830/000095012310069853/d74141e10vq.htm"
    },
    {
        "date": "2010-03-31",
        "symbol": "CE",
        "reportedCurrency": "USD",
        "cik": "0001306830",
        "fillingDate": "2010-04-27",
        "acceptedDate": "2010-04-27 17:20:10",
        "calendarYear": "2010",
        "period": "Q1",
        "revenue": 1388000000,
        "costOfRevenue": 1170000000,
        "grossProfit": 218000000,
        "grossProfitRatio": 0.1570605187,
        "researchAndDevelopmentExpenses": 19000000,
        "generalAndAdministrativeExpenses": 0,
        "sellingAndMarketingExpenses": 0,
        "sellingGeneralAndAdministrativeExpenses": 123000000,
        "otherExpenses": 0,
        "operatingExpenses": 157000000,
        "costAndExpenses": 1327000000,
        "interestIncome": 1000000,
        "interestExpense": 49000000,
        "depreciationAndAmortization": 93000000,
        "ebitda": 135000000,
        "ebitdaratio": 0.0972622478,
        "operatingIncome": -14000000,
        "operatingIncomeRatio": -0.0100864553,
        "totalOtherIncomeExpensesNet": 7000000,
        "incomeBeforeTax": -3000000,
        "incomeBeforeTaxRatio": -0.0021613833,
        "incomeTaxExpense": -20000000,
        "netIncome": 18000000,
        "netIncomeRatio": 0.0129682997,
        "eps": 0.12,
        "epsdiluted": 0.12,
        "weightedAverageShsOut": 150272227,
        "weightedAverageShsOutDil": 152642371,
        "link": "https://www.sec.gov/Archives/edgar/data/1306830/000095012310038910/0000950123-10-038910-index.htm",
        "finalLink": "https://www.sec.gov/Archives/edgar/data/1306830/000095012310038910/d72378e10vq.htm"
    },
    {
        "date": "2009-12-31",
        "symbol": "CE",
        "reportedCurrency": "USD",
        "cik": "0001306830",
        "fillingDate": "2010-02-12",
        "acceptedDate": "2010-02-12 17:32:23",
        "calendarYear": "2009",
        "period": "Q4",
        "revenue": 1388000000,
        "costOfRevenue": 1099000000,
        "grossProfit": 289000000,
        "grossProfitRatio": 0.2082132565,
        "researchAndDevelopmentExpenses": 19000000,
        "generalAndAdministrativeExpenses": 0,
        "sellingAndMarketingExpenses": 0,
        "sellingGeneralAndAdministrativeExpenses": 131000000,
        "otherExpenses": 0,
        "operatingExpenses": 261000000,
        "costAndExpenses": 1360000000,
        "interestIncome": 1000000,
        "interestExpense": 51000000,
        "depreciationAndAmortization": 77000000,
        "ebitda": 110000000,
        "ebitdaratio": 0.0792507205,
        "operatingIncome": 109000000,
        "operatingIncomeRatio": 0.0785302594,
        "totalOtherIncomeExpensesNet": -23000000,
        "incomeBeforeTax": 86000000,
        "incomeBeforeTaxRatio": 0.0619596542,
        "incomeTaxExpense": 85000000,
        "netIncome": 5000000,
        "netIncomeRatio": 0.0036023055,
        "eps": 0.0347,
        "epsdiluted": 0.0333,
        "weightedAverageShsOut": 144127781,
        "weightedAverageShsOutDil": 150272227,
        "link": "https://www.sec.gov/Archives/edgar/data/1306830/000095012310012453/0000950123-10-012453-index.htm",
        "finalLink": "https://www.sec.gov/Archives/edgar/data/1306830/000095012310012453/d70731e10vk.htm"
    },
    {
        "date": "2009-09-30",
        "symbol": "CE",
        "reportedCurrency": "USD",
        "cik": "0001306830",
        "fillingDate": "2009-10-27",
        "acceptedDate": "2009-10-27 17:30:57",
        "calendarYear": "2009",
        "period": "Q3",
        "revenue": 1304000000,
        "costOfRevenue": 1038000000,
        "grossProfit": 266000000,
        "grossProfitRatio": 0.2039877301,
        "researchAndDevelopmentExpenses": 18000000,
        "generalAndAdministrativeExpenses": 0,
        "sellingAndMarketingExpenses": 0,
        "sellingGeneralAndAdministrativeExpenses": 110000000,
        "otherExpenses": 0,
        "operatingExpenses": 148000000,
        "costAndExpenses": 1186000000,
        "interestIncome": 2000000,
        "interestExpense": 51000000,
        "depreciationAndAmortization": 86000000,
        "ebitda": 185000000,
        "ebitdaratio": 0.1418711656,
        "operatingIncome": 65000000,
        "operatingIncomeRatio": 0.0498466258,
        "totalOtherIncomeExpensesNet": -17000000,
        "incomeBeforeTax": 49000000,
        "incomeBeforeTaxRatio": 0.0375766871,
        "incomeTaxExpense": -350000000,
        "netIncome": 395000000,
        "netIncomeRatio": 0.3029141104,
        "eps": 2.75,
        "epsdiluted": 2.53,
        "weightedAverageShsOut": 143591231,
        "weightedAverageShsOutDil": 157562916,
        "link": "https://www.sec.gov/Archives/edgar/data/1306830/000095012309053754/0000950123-09-053754-index.htm",
        "finalLink": "https://www.sec.gov/Archives/edgar/data/1306830/000095012309053754/d69595e10vq.htm"
    },
    {
        "date": "2009-06-30",
        "symbol": "CE",
        "reportedCurrency": "USD",
        "cik": "0001306830",
        "fillingDate": "2009-07-29",
        "acceptedDate": "2009-07-29 17:14:10",
        "calendarYear": "2009",
        "period": "Q2",
        "revenue": 1244000000,
        "costOfRevenue": 996000000,
        "grossProfit": 248000000,
        "grossProfitRatio": 0.1993569132,
        "researchAndDevelopmentExpenses": 18000000,
        "generalAndAdministrativeExpenses": 0,
        "sellingAndMarketingExpenses": 0,
        "sellingGeneralAndAdministrativeExpenses": 114000000,
        "otherExpenses": 0,
        "operatingExpenses": 153000000,
        "costAndExpenses": 1149000000,
        "interestIncome": 2000000,
        "interestExpense": 54000000,
        "depreciationAndAmortization": 21000000,
        "ebitda": 145000000,
        "ebitdaratio": 0.1165594855,
        "operatingIncome": 89000000,
        "operatingIncomeRatio": 0.0715434084,
        "totalOtherIncomeExpensesNet": 33000000,
        "incomeBeforeTax": 122000000,
        "incomeBeforeTaxRatio": 0.0980707395,
        "incomeTaxExpense": 17000000,
        "netIncome": 107000000,
        "netIncomeRatio": 0.0860128617,
        "eps": 0.71,
        "epsdiluted": 0.66,
        "weightedAverageShsOut": 143500000,
        "weightedAverageShsOutDil": 157100000,
        "link": "https://www.sec.gov/Archives/edgar/data/1306830/000095012309027072/0000950123-09-027072-index.htm",
        "finalLink": "https://www.sec.gov/Archives/edgar/data/1306830/000095012309027072/d68385e10vq.htm"
    },
    {
        "date": "2009-03-31",
        "symbol": "CE",
        "reportedCurrency": "USD",
        "cik": "0001306830",
        "fillingDate": "2009-04-28",
        "acceptedDate": "2009-04-28 16:04:28",
        "calendarYear": "2009",
        "period": "Q1",
        "revenue": 1146000000,
        "costOfRevenue": 946000000,
        "grossProfit": 200000000,
        "grossProfitRatio": 0.1745200698,
        "researchAndDevelopmentExpenses": 20000000,
        "generalAndAdministrativeExpenses": 0,
        "sellingAndMarketingExpenses": 0,
        "sellingGeneralAndAdministrativeExpenses": 114000000,
        "otherExpenses": 0,
        "operatingExpenses": 151000000,
        "costAndExpenses": 1097000000,
        "interestIncome": 3000000,
        "interestExpense": 51000000,
        "depreciationAndAmortization": 74000000,
        "ebitda": 109000000,
        "ebitdaratio": 0.095113438,
        "operatingIncome": 27000000,
        "operatingIncomeRatio": 0.0235602094,
        "totalOtherIncomeExpensesNet": -43000000,
        "incomeBeforeTax": -16000000,
        "incomeBeforeTaxRatio": -0.0139616056,
        "incomeTaxExpense": 5000000,
        "netIncome": -20000000,
        "netIncomeRatio": -0.017452007,
        "eps": -0.14,
        "epsdiluted": -0.14,
        "weightedAverageShsOut": 143506981,
        "weightedAverageShsOutDil": 143506981,
        "link": "https://www.sec.gov/Archives/edgar/data/1306830/000095013409008602/0000950134-09-008602-index.htm",
        "finalLink": "https://www.sec.gov/Archives/edgar/data/1306830/000095013409008602/d67370e10vq.htm"
    },
    {
        "date": "2008-12-31",
        "symbol": "CE",
        "reportedCurrency": "USD",
        "cik": "0001306830",
        "fillingDate": "2009-02-13",
        "acceptedDate": "2009-02-13 08:14:48",
        "calendarYear": "2008",
        "period": "Q4",
        "revenue": 1286000000,
        "costOfRevenue": 1177000000,
        "grossProfit": 109000000,
        "grossProfitRatio": 0.0847589425,
        "researchAndDevelopmentExpenses": 21000000,
        "generalAndAdministrativeExpenses": 0,
        "sellingAndMarketingExpenses": 0,
        "sellingGeneralAndAdministrativeExpenses": 124000000,
        "otherExpenses": 0,
        "operatingExpenses": 296000000,
        "costAndExpenses": 1473000000,
        "interestIncome": 0,
        "interestExpense": 0,
        "depreciationAndAmortization": 88000000,
        "ebitda": -99000000,
        "ebitdaratio": -0.0769828927,
        "operatingIncome": -152000000,
        "operatingIncomeRatio": -0.1181959565,
        "totalOtherIncomeExpensesNet": -31000000,
        "incomeBeforeTax": -183000000,
        "incomeBeforeTaxRatio": -0.1423017107,
        "incomeTaxExpense": -43000000,
        "netIncome": -155000000,
        "netIncomeRatio": -0.1205287714,
        "eps": -1.08,
        "epsdiluted": -1.08,
        "weightedAverageShsOut": 143470347,
        "weightedAverageShsOutDil": 143506981,
        "link": "https://www.sec.gov/Archives/edgar/data/1306830/000095013409002731/0000950134-09-002731-index.htm",
        "finalLink": "https://www.sec.gov/Archives/edgar/data/1306830/000095013409002731/d66003e10vk.htm"
    },
    {
        "date": "2008-09-30",
        "symbol": "CE",
        "reportedCurrency": "USD",
        "cik": "0001306830",
        "fillingDate": "2008-10-22",
        "acceptedDate": "2008-10-22 17:03:58",
        "calendarYear": "2008",
        "period": "Q3",
        "revenue": 1823000000,
        "costOfRevenue": 1490000000,
        "grossProfit": 333000000,
        "grossProfitRatio": 0.1826659353,
        "researchAndDevelopmentExpenses": 18000000,
        "generalAndAdministrativeExpenses": 0,
        "sellingAndMarketingExpenses": 0,
        "sellingGeneralAndAdministrativeExpenses": 142000000,
        "otherExpenses": 0,
        "operatingExpenses": 170000000,
        "costAndExpenses": 1660000000,
        "interestIncome": 0,
        "interestExpense": 0,
        "depreciationAndAmortization": 94000000,
        "ebitda": 257000000,
        "ebitdaratio": 0.1409764125,
        "operatingIncome": 151000000,
        "operatingIncomeRatio": 0.0828304992,
        "totalOtherIncomeExpensesNet": 1000000,
        "incomeBeforeTax": 152000000,
        "incomeBeforeTaxRatio": 0.0833790455,
        "incomeTaxExpense": -12000000,
        "netIncome": 155000000,
        "netIncomeRatio": 0.0850246846,
        "eps": 1.05,
        "epsdiluted": 0.97,
        "weightedAverageShsOut": 147063241,
        "weightedAverageShsOutDil": 162911689,
        "link": "https://www.sec.gov/Archives/edgar/data/1306830/000095012308013194/0000950123-08-013194-index.htm",
        "finalLink": "https://www.sec.gov/Archives/edgar/data/1306830/000095012308013194/y71871e10vq.htm"
    },
    {
        "date": "2008-06-30",
        "symbol": "CE",
        "reportedCurrency": "USD",
        "cik": "0001306830",
        "fillingDate": "2008-07-23",
        "acceptedDate": "2008-07-23 17:14:38",
        "calendarYear": "2008",
        "period": "Q2",
        "revenue": 1868000000,
        "costOfRevenue": 1472000000,
        "grossProfit": 396000000,
        "grossProfitRatio": 0.2119914347,
        "researchAndDevelopmentExpenses": 18000000,
        "generalAndAdministrativeExpenses": 0,
        "sellingAndMarketingExpenses": 0,
        "sellingGeneralAndAdministrativeExpenses": 138000000,
        "otherExpenses": 0,
        "operatingExpenses": 189000000,
        "costAndExpenses": 1661000000,
        "interestIncome": 0,
        "interestExpense": 0,
        "depreciationAndAmortization": 92000000,
        "ebitda": 207000000,
        "ebitdaratio": 0.1108137045,
        "operatingIncome": 207000000,
        "operatingIncomeRatio": 0.1108137045,
        "totalOtherIncomeExpensesNet": 40000000,
        "incomeBeforeTax": 247000000,
        "incomeBeforeTaxRatio": 0.1322269807,
        "incomeTaxExpense": 45000000,
        "netIncome": 132000000,
        "netIncomeRatio": 0.0706638116,
        "eps": 0.87,
        "epsdiluted": 0.8,
        "weightedAverageShsOut": 150905770,
        "weightedAverageShsOutDil": 167814803,
        "link": "https://www.sec.gov/Archives/edgar/data/1306830/000095012308008224/0000950123-08-008224-index.htm",
        "finalLink": "https://www.sec.gov/Archives/edgar/data/1306830/000095012308008224/y63346e10vq.htm"
    },
    {
        "date": "2008-03-31",
        "symbol": "CE",
        "reportedCurrency": "USD",
        "cik": "0001306830",
        "fillingDate": "2008-04-23",
        "acceptedDate": "2008-04-23 16:56:27",
        "calendarYear": "2008",
        "period": "Q1",
        "revenue": 1846000000,
        "costOfRevenue": 1428000000,
        "grossProfit": 418000000,
        "grossProfitRatio": 0.2264355363,
        "researchAndDevelopmentExpenses": 23000000,
        "generalAndAdministrativeExpenses": 0,
        "sellingAndMarketingExpenses": 0,
        "sellingGeneralAndAdministrativeExpenses": 136000000,
        "otherExpenses": 0,
        "operatingExpenses": 168000000,
        "costAndExpenses": 1596000000,
        "interestIncome": 9000000,
        "interestExpense": 67000000,
        "depreciationAndAmortization": 86000000,
        "ebitda": 371000000,
        "ebitdaratio": 0.2009750813,
        "operatingIncome": 234000000,
        "operatingIncomeRatio": 0.1267605634,
        "totalOtherIncomeExpensesNet": -16000000,
        "incomeBeforeTax": 218000000,
        "incomeBeforeTaxRatio": 0.1180931744,
        "incomeTaxExpense": 73000000,
        "netIncome": 142000000,
        "netIncomeRatio": 0.0769230769,
        "eps": 0.93,
        "epsdiluted": 0.87,
        "weightedAverageShsOut": 151993753,
        "weightedAverageShsOutDil": 167306016,
        "link": "https://www.sec.gov/Archives/edgar/data/1306830/000095012308004521/0000950123-08-004521-index.htm",
        "finalLink": "https://www.sec.gov/Archives/edgar/data/1306830/000095012308004521/y54876e10vq.htm"
    },
    {
        "date": "2007-12-31",
        "symbol": "CE",
        "reportedCurrency": "USD",
        "cik": "0001306830",
        "fillingDate": "2008-02-29",
        "acceptedDate": "2008-02-29 10:06:34",
        "calendarYear": "2007",
        "period": "Q4",
        "revenue": 1760000000,
        "costOfRevenue": 1348000000,
        "grossProfit": 412000000,
        "grossProfitRatio": 0.2340909091,
        "researchAndDevelopmentExpenses": 19000000,
        "generalAndAdministrativeExpenses": 0,
        "sellingAndMarketingExpenses": 0,
        "sellingGeneralAndAdministrativeExpenses": 145000000,
        "otherExpenses": 0,
        "operatingExpenses": 114000000,
        "costAndExpenses": 1462000000,
        "interestIncome": 0,
        "interestExpense": 0,
        "depreciationAndAmortization": 73000000,
        "ebitda": 371000000,
        "ebitdaratio": 0.2107954545,
        "operatingIncome": 324000000,
        "operatingIncomeRatio": 0.1840909091,
        "totalOtherIncomeExpensesNet": -11000000,
        "incomeBeforeTax": 313000000,
        "incomeBeforeTaxRatio": 0.1778409091,
        "incomeTaxExpense": 104000000,
        "netIncome": 211000000,
        "netIncomeRatio": 0.1198863636,
        "eps": 1.41,
        "epsdiluted": 1.41,
        "weightedAverageShsOut": 151628290,
        "weightedAverageShsOutDil": 151993753,
        "link": "https://www.sec.gov/Archives/edgar/data/1306830/000095012308002318/0000950123-08-002318-index.htm",
        "finalLink": "https://www.sec.gov/Archives/edgar/data/1306830/000095012308002318/y48011e10vk.htm"
    },
    {
        "date": "2007-09-30",
        "symbol": "CE",
        "reportedCurrency": "USD",
        "cik": "0001306830",
        "fillingDate": "2007-10-24",
        "acceptedDate": "2007-10-24 14:40:17",
        "calendarYear": "2007",
        "period": "Q3",
        "revenue": 1573000000,
        "costOfRevenue": 1236000000,
        "grossProfit": 337000000,
        "grossProfitRatio": 0.2142403051,
        "researchAndDevelopmentExpenses": 18000000,
        "generalAndAdministrativeExpenses": 0,
        "sellingAndMarketingExpenses": 0,
        "sellingGeneralAndAdministrativeExpenses": 133000000,
        "otherExpenses": 0,
        "operatingExpenses": 184000000,
        "costAndExpenses": 1420000000,
        "interestIncome": 0,
        "interestExpense": 0,
        "depreciationAndAmortization": 80000000,
        "ebitda": 233000000,
        "ebitdaratio": 0.1481246027,
        "operatingIncome": 147000000,
        "operatingIncomeRatio": 0.0934520025,
        "totalOtherIncomeExpensesNet": -16000000,
        "incomeBeforeTax": 131000000,
        "incomeBeforeTaxRatio": 0.083280356,
        "incomeTaxExpense": 1000000,
        "netIncome": 126000000,
        "netIncomeRatio": 0.0801017165,
        "eps": 0.84,
        "epsdiluted": 0.76,
        "weightedAverageShsOut": 150154309,
        "weightedAverageShsOutDil": 167410047,
        "link": "https://www.sec.gov/Archives/edgar/data/1306830/000095012307014192/0000950123-07-014192-index.htm",
        "finalLink": "https://www.sec.gov/Archives/edgar/data/1306830/000095012307014192/y41083e10vq.htm"
    },
    {
        "date": "2007-06-30",
        "symbol": "CE",
        "reportedCurrency": "USD",
        "cik": "0001306830",
        "fillingDate": "2007-07-27",
        "acceptedDate": "2007-07-27 14:40:54",
        "calendarYear": "2007",
        "period": "Q2",
        "revenue": 1556000000,
        "costOfRevenue": 1219000000,
        "grossProfit": 337000000,
        "grossProfitRatio": 0.2165809769,
        "researchAndDevelopmentExpenses": 19000000,
        "generalAndAdministrativeExpenses": 0,
        "sellingAndMarketingExpenses": 0,
        "sellingGeneralAndAdministrativeExpenses": 122000000,
        "otherExpenses": 0,
        "operatingExpenses": 164000000,
        "costAndExpenses": 1383000000,
        "interestIncome": 0,
        "interestExpense": 0,
        "depreciationAndAmortization": 77000000,
        "ebitda": 250000000,
        "ebitdaratio": 0.1606683805,
        "operatingIncome": 71000000,
        "operatingIncomeRatio": 0.0456298201,
        "totalOtherIncomeExpensesNet": -27000000,
        "incomeBeforeTax": 168000000,
        "incomeBeforeTaxRatio": 0.1079691517,
        "incomeTaxExpense": -44000000,
        "netIncome": -117000000,
        "netIncomeRatio": -0.0751928021,
        "eps": -0.75,
        "epsdiluted": -0.75,
        "weightedAverageShsOut": 156932929,
        "weightedAverageShsOutDil": 156932929,
        "link": "https://www.sec.gov/Archives/edgar/data/1306830/000095012307010398/0000950123-07-010398-index.htm",
        "finalLink": "https://www.sec.gov/Archives/edgar/data/1306830/000095012307010398/y37318e10vq.htm"
    },
    {
        "date": "2007-03-31",
        "symbol": "CE",
        "reportedCurrency": "USD",
        "cik": "0001306830",
        "fillingDate": "2007-05-09",
        "acceptedDate": "2007-05-09 11:38:02",
        "calendarYear": "2007",
        "period": "Q1",
        "revenue": 1631000000,
        "costOfRevenue": 1240000000,
        "grossProfit": 391000000,
        "grossProfitRatio": 0.2397302269,
        "researchAndDevelopmentExpenses": 17000000,
        "generalAndAdministrativeExpenses": 0,
        "sellingAndMarketingExpenses": 0,
        "sellingGeneralAndAdministrativeExpenses": 116000000,
        "otherExpenses": 0,
        "operatingExpenses": 152000000,
        "costAndExpenses": 1392000000,
        "interestIncome": 0,
        "interestExpense": 0,
        "depreciationAndAmortization": 81000000,
        "ebitda": 287000000,
        "ebitdaratio": 0.1759656652,
        "operatingIncome": 239000000,
        "operatingIncomeRatio": 0.1465358676,
        "totalOtherIncomeExpensesNet": -2000000,
        "incomeBeforeTax": 204000000,
        "incomeBeforeTaxRatio": 0.1250766401,
        "incomeTaxExpense": 60000000,
        "netIncome": 199000000,
        "netIncomeRatio": 0.1220110362,
        "eps": 1.25,
        "epsdiluted": 1.15,
        "weightedAverageShsOut": 159284888,
        "weightedAverageShsOutDil": 174442332,
        "link": "https://www.sec.gov/Archives/edgar/data/1306830/000095012307007071/0000950123-07-007071-index.htm",
        "finalLink": "https://www.sec.gov/Archives/edgar/data/1306830/000095012307007071/y33957e10vq.htm"
    },
    {
        "date": "2006-12-31",
        "symbol": "CE",
        "reportedCurrency": "USD",
        "cik": "0001306830",
        "fillingDate": "2007-02-21",
        "acceptedDate": "2007-02-21 17:06:44",
        "calendarYear": "2006",
        "period": "Q4",
        "revenue": 1656000000,
        "costOfRevenue": 1298000000,
        "grossProfit": 358000000,
        "grossProfitRatio": 0.2161835749,
        "researchAndDevelopmentExpenses": 18000000,
        "generalAndAdministrativeExpenses": 0,
        "sellingAndMarketingExpenses": 0,
        "sellingGeneralAndAdministrativeExpenses": 86000000,
        "otherExpenses": 0,
        "operatingExpenses": 173000000,
        "costAndExpenses": 1471000000,
        "interestIncome": 0,
        "interestExpense": 0,
        "depreciationAndAmortization": 75000000,
        "ebitda": 260000000,
        "ebitdaratio": 0.1570048309,
        "operatingIncome": 185000000,
        "operatingIncomeRatio": 0.1117149758,
        "totalOtherIncomeExpensesNet": -11000000,
        "incomeBeforeTax": 174000000,
        "incomeBeforeTaxRatio": 0.1050724638,
        "incomeTaxExpense": 94000000,
        "netIncome": 75000000,
        "netIncomeRatio": 0.0452898551,
        "eps": 0.48,
        "epsdiluted": 0.48,
        "weightedAverageShsOut": 158655447,
        "weightedAverageShsOutDil": 159284888,
        "link": "https://www.sec.gov/Archives/edgar/data/1306830/000095012307002533/0000950123-07-002533-index.htm",
        "finalLink": "https://www.sec.gov/Archives/edgar/data/1306830/000095012307002533/y29676e10vk.htm"
    },
    {
        "date": "2006-09-30",
        "symbol": "CE",
        "reportedCurrency": "USD",
        "cik": "0001306830",
        "fillingDate": "2006-11-01",
        "acceptedDate": "2006-11-01 17:10:21",
        "calendarYear": "2006",
        "period": "Q3",
        "revenue": 1685000000,
        "costOfRevenue": 1318000000,
        "grossProfit": 367000000,
        "grossProfitRatio": 0.2178041543,
        "researchAndDevelopmentExpenses": 16000000,
        "generalAndAdministrativeExpenses": 0,
        "sellingAndMarketingExpenses": 0,
        "sellingGeneralAndAdministrativeExpenses": 147000000,
        "otherExpenses": 0,
        "operatingExpenses": 167000000,
        "costAndExpenses": 1485000000,
        "interestIncome": 0,
        "interestExpense": 0,
        "depreciationAndAmortization": 73000000,
        "ebitda": 254000000,
        "ebitdaratio": 0.1507418398,
        "operatingIncome": 200000000,
        "operatingIncomeRatio": 0.118694362,
        "totalOtherIncomeExpensesNet": -22000000,
        "incomeBeforeTax": 181000000,
        "incomeBeforeTaxRatio": 0.1074183976,
        "incomeTaxExpense": 72000000,
        "netIncome": 106000000,
        "netIncomeRatio": 0.0629080119,
        "eps": 0.67,
        "epsdiluted": 0.64,
        "weightedAverageShsOut": 158609246,
        "weightedAverageShsOutDil": 171176126,
        "link": "https://www.sec.gov/Archives/edgar/data/1306830/000095012306013349/0000950123-06-013349-index.htm",
        "finalLink": "https://www.sec.gov/Archives/edgar/data/1306830/000095012306013349/y26082e10vq.htm"
    },
    {
        "date": "2006-06-30",
        "symbol": "CE",
        "reportedCurrency": "USD",
        "cik": "0001306830",
        "fillingDate": "2006-08-02",
        "acceptedDate": "2006-08-02 17:14:05",
        "calendarYear": "2006",
        "period": "Q2",
        "revenue": 1674000000,
        "costOfRevenue": 1326000000,
        "grossProfit": 348000000,
        "grossProfitRatio": 0.2078853047,
        "researchAndDevelopmentExpenses": 18000000,
        "generalAndAdministrativeExpenses": 0,
        "sellingAndMarketingExpenses": 0,
        "sellingGeneralAndAdministrativeExpenses": 153000000,
        "otherExpenses": 0,
        "operatingExpenses": 171000000,
        "costAndExpenses": 1497000000,
        "interestIncome": 0,
        "interestExpense": 0,
        "depreciationAndAmortization": 75000000,
        "ebitda": 163000000,
        "ebitdaratio": 0.0973715651,
        "operatingIncome": 163000000,
        "operatingIncomeRatio": 0.0973715651,
        "totalOtherIncomeExpensesNet": -18000000,
        "incomeBeforeTax": 146000000,
        "incomeBeforeTaxRatio": 0.0872162485,
        "incomeTaxExpense": 42000000,
        "netIncome": 101000000,
        "netIncomeRatio": 0.0603345281,
        "eps": 0.64,
        "epsdiluted": 0.6,
        "weightedAverageShsOut": 158562161,
        "weightedAverageShsOutDil": 172066546,
        "link": "https://www.sec.gov/Archives/edgar/data/1306830/000095012306009781/0000950123-06-009781-index.htm",
        "finalLink": "https://www.sec.gov/Archives/edgar/data/1306830/000095012306009781/y23477e10vq.htm"
    },
    {
        "date": "2006-03-31",
        "symbol": "CE",
        "reportedCurrency": "USD",
        "cik": "0001306830",
        "fillingDate": "2006-05-09",
        "acceptedDate": "2006-05-09 17:10:14",
        "calendarYear": "2006",
        "period": "Q1",
        "revenue": 1652000000,
        "costOfRevenue": 1285000000,
        "grossProfit": 367000000,
        "grossProfitRatio": 0.2221549637,
        "researchAndDevelopmentExpenses": 18000000,
        "generalAndAdministrativeExpenses": 0,
        "sellingAndMarketingExpenses": 0,
        "sellingGeneralAndAdministrativeExpenses": 152000000,
        "otherExpenses": 0,
        "operatingExpenses": 169000000,
        "costAndExpenses": 1454000000,
        "interestIncome": 0,
        "interestExpense": 0,
        "depreciationAndAmortization": 73000000,
        "ebitda": 242000000,
        "ebitdaratio": 0.1464891041,
        "operatingIncome": 197000000,
        "operatingIncomeRatio": 0.1192493947,
        "totalOtherIncomeExpensesNet": -36000000,
        "incomeBeforeTax": 161000000,
        "incomeBeforeTaxRatio": 0.0974576271,
        "incomeTaxExpense": 45000000,
        "netIncome": 114000000,
        "netIncomeRatio": 0.0690072639,
        "eps": 0.72,
        "epsdiluted": 0.68,
        "weightedAverageShsOut": 158562161,
        "weightedAverageShsOutDil": 171487669,
        "link": "https://www.sec.gov/Archives/edgar/data/1306830/000095012306005982/0000950123-06-005982-index.htm",
        "finalLink": "https://www.sec.gov/Archives/edgar/data/1306830/000095012306005982/y20503e10vq.htm"
    },
    {
        "date": "2005-12-31",
        "symbol": "CE",
        "reportedCurrency": "USD",
        "cik": "0001306830",
        "fillingDate": "2006-03-31",
        "acceptedDate": "2006-03-31 10:49:48",
        "calendarYear": "2005",
        "period": "Q4",
        "revenue": 1508000000,
        "costOfRevenue": 1220000000,
        "grossProfit": 288000000,
        "grossProfitRatio": 0.1909814324,
        "researchAndDevelopmentExpenses": 23000000,
        "generalAndAdministrativeExpenses": 0,
        "sellingAndMarketingExpenses": 0,
        "sellingGeneralAndAdministrativeExpenses": 121000000,
        "otherExpenses": 0,
        "operatingExpenses": 123000000,
        "costAndExpenses": 1343000000,
        "interestIncome": 0,
        "interestExpense": 0,
        "depreciationAndAmortization": 89000000,
        "ebitda": 254000000,
        "ebitdaratio": 0.1684350133,
        "operatingIncome": 151000000,
        "operatingIncomeRatio": 0.100132626,
        "totalOtherIncomeExpensesNet": -9000000,
        "incomeBeforeTax": 142000000,
        "incomeBeforeTaxRatio": 0.0941644562,
        "incomeTaxExpense": -20000000,
        "netIncome": 172000000,
        "netIncomeRatio": 0.1140583554,
        "eps": 1.1,
        "epsdiluted": 1.1,
        "weightedAverageShsOut": 158562161,
        "weightedAverageShsOutDil": 158562161,
        "link": "https://www.sec.gov/Archives/edgar/data/1306830/000095013606002553/0000950136-06-002553-index.htm",
        "finalLink": "https://www.sec.gov/Archives/edgar/data/1306830/000095013606002553/file001.htm"
    },
    {
        "date": "2005-09-30",
        "symbol": "CE",
        "reportedCurrency": "USD",
        "cik": "0001306830",
        "fillingDate": "2005-11-10",
        "acceptedDate": "2005-11-10 12:53:06",
        "calendarYear": "2005",
        "period": "Q3",
        "revenue": 1536000000,
        "costOfRevenue": 1253000000,
        "grossProfit": 283000000,
        "grossProfitRatio": 0.1842447917,
        "researchAndDevelopmentExpenses": 22000000,
        "generalAndAdministrativeExpenses": 0,
        "sellingAndMarketingExpenses": 0,
        "sellingGeneralAndAdministrativeExpenses": 144000000,
        "otherExpenses": 0,
        "operatingExpenses": 167000000,
        "costAndExpenses": 1420000000,
        "interestIncome": 0,
        "interestExpense": 0,
        "depreciationAndAmortization": 73000000,
        "ebitda": 192000000,
        "ebitdaratio": 0.125,
        "operatingIncome": 92000000,
        "operatingIncomeRatio": 0.0598958333,
        "totalOtherIncomeExpensesNet": -21000000,
        "incomeBeforeTax": 74000000,
        "incomeBeforeTaxRatio": 0.0481770833,
        "incomeTaxExpense": 26000000,
        "netIncome": 42000000,
        "netIncomeRatio": 0.02734375,
        "eps": 0.26,
        "epsdiluted": 0.26,
        "weightedAverageShsOut": 158546594,
        "weightedAverageShsOutDil": 171930270,
        "link": "https://www.sec.gov/Archives/edgar/data/1306830/000095013605007125/0000950136-05-007125-index.htm",
        "finalLink": "https://www.sec.gov/Archives/edgar/data/1306830/000095013605007125/file001.htm"
    },
    {
        "date": "2005-06-30",
        "symbol": "CE",
        "reportedCurrency": "USD",
        "cik": "0001306830",
        "fillingDate": "2005-08-12",
        "acceptedDate": "2005-08-12 16:23:04",
        "calendarYear": "2005",
        "period": "Q2",
        "revenue": 1517000000,
        "costOfRevenue": 1175000000,
        "grossProfit": 342000000,
        "grossProfitRatio": 0.2254449572,
        "researchAndDevelopmentExpenses": 23000000,
        "generalAndAdministrativeExpenses": 0,
        "sellingAndMarketingExpenses": 0,
        "sellingGeneralAndAdministrativeExpenses": 136000000,
        "otherExpenses": 0,
        "operatingExpenses": 159000000,
        "costAndExpenses": 1334000000,
        "interestIncome": 0,
        "interestExpense": 0,
        "depreciationAndAmortization": 71000000,
        "ebitda": 254000000,
        "ebitdaratio": 0.1674357284,
        "operatingIncome": 152000000,
        "operatingIncomeRatio": 0.1001977587,
        "totalOtherIncomeExpensesNet": -29000000,
        "incomeBeforeTax": 123000000,
        "incomeBeforeTaxRatio": 0.0810810811,
        "incomeTaxExpense": 43000000,
        "netIncome": 65000000,
        "netIncomeRatio": 0.0428477258,
        "eps": 0.41,
        "epsdiluted": 0.39,
        "weightedAverageShsOut": 158530397,
        "weightedAverageShsOutDil": 170530397,
        "link": "https://www.sec.gov/Archives/edgar/data/1306830/000095013605004938/0000950136-05-004938-index.htm",
        "finalLink": "https://www.sec.gov/Archives/edgar/data/1306830/000095013605004938/file001.htm"
    },
    {
        "date": "2005-03-31",
        "symbol": "CE",
        "reportedCurrency": "USD",
        "cik": "0001306830",
        "fillingDate": "2005-05-16",
        "acceptedDate": "2005-05-16 12:15:24",
        "calendarYear": "2005",
        "period": "Q1",
        "revenue": 1509000000,
        "costOfRevenue": 1125000000,
        "grossProfit": 384000000,
        "grossProfitRatio": 0.254473161,
        "researchAndDevelopmentExpenses": 23000000,
        "generalAndAdministrativeExpenses": 0,
        "sellingAndMarketingExpenses": 0,
        "sellingGeneralAndAdministrativeExpenses": 161000000,
        "otherExpenses": 0,
        "operatingExpenses": 180000000,
        "costAndExpenses": 1305000000,
        "interestIncome": 0,
        "interestExpense": 0,
        "depreciationAndAmortization": 94000000,
        "ebitda": 288000000,
        "ebitdaratio": 0.1908548708,
        "operatingIncome": 166000000,
        "operatingIncomeRatio": 0.1100066269,
        "totalOtherIncomeExpensesNet": -164000000,
        "incomeBeforeTax": 23000000,
        "incomeBeforeTaxRatio": 0.015241882,
        "incomeTaxExpense": -8000000,
        "netIncome": -10000000,
        "netIncomeRatio": -0.0066269052,
        "eps": -0.0706,
        "epsdiluted": -0.0706,
        "weightedAverageShsOut": 141742428,
        "weightedAverageShsOutDil": 141742428,
        "link": "https://www.sec.gov/Archives/edgar/data/1306830/000095013605002849/0000950136-05-002849-index.htm",
        "finalLink": "https://www.sec.gov/Archives/edgar/data/1306830/000095013605002849/file001.htm"
    },
    {
        "date": "2004-12-31",
        "symbol": "CE",
        "reportedCurrency": "USD",
        "cik": "0001306830",
        "fillingDate": "2005-03-31",
        "acceptedDate": "2005-03-31 15:57:48",
        "calendarYear": "2004",
        "period": "Q4",
        "revenue": 1332000000,
        "costOfRevenue": 1029000000,
        "grossProfit": 303000000,
        "grossProfitRatio": 0.2274774775,
        "researchAndDevelopmentExpenses": 22000000,
        "generalAndAdministrativeExpenses": 0,
        "sellingAndMarketingExpenses": 0,
        "sellingGeneralAndAdministrativeExpenses": 220000000,
        "otherExpenses": 0,
        "operatingExpenses": 242000000,
        "costAndExpenses": 1271000000,
        "interestIncome": 0,
        "interestExpense": 0,
        "depreciationAndAmortization": 37000000,
        "ebitda": 98000000,
        "ebitdaratio": 0.0735735736,
        "operatingIncome": 28000000,
        "operatingIncomeRatio": 0.021021021,
        "totalOtherIncomeExpensesNet": -337000000,
        "incomeBeforeTax": -309000000,
        "incomeBeforeTaxRatio": -0.231981982,
        "incomeTaxExpense": 12000000,
        "netIncome": -57000000,
        "netIncomeRatio": -0.0427927928,
        "eps": -0.57,
        "epsdiluted": -0.57,
        "weightedAverageShsOut": 99377884,
        "weightedAverageShsOutDil": 99737362,
        "link": "https://www.sec.gov/Archives/edgar/data/1306830/000095013605001793/0000950136-05-001793-index.htm",
        "finalLink": "https://www.sec.gov/Archives/edgar/data/1306830/000095013605001793/file001.htm"
    },
    {
        "date": "2004-09-30",
        "symbol": "CE",
        "reportedCurrency": "USD",
        "cik": "0001306830",
        "fillingDate": "2004-09-30",
        "acceptedDate": "2004-09-29 20:00:00",
        "calendarYear": "2004",
        "period": "Q3",
        "revenue": 1247000000,
        "costOfRevenue": 1032000000,
        "grossProfit": 215000000,
        "grossProfitRatio": 0.1724137931,
        "researchAndDevelopmentExpenses": 23000000,
        "generalAndAdministrativeExpenses": 0,
        "sellingAndMarketingExpenses": 0,
        "sellingGeneralAndAdministrativeExpenses": 139000000,
        "otherExpenses": 0,
        "operatingExpenses": 160000000,
        "costAndExpenses": 1192000000,
        "interestIncome": 0,
        "interestExpense": 0,
        "depreciationAndAmortization": 102000000,
        "ebitda": 185000000,
        "ebitdaratio": 0.1483560545,
        "operatingIncome": 25000000,
        "operatingIncomeRatio": 0.0200481155,
        "totalOtherIncomeExpensesNet": -56000000,
        "incomeBeforeTax": 68000000,
        "incomeBeforeTaxRatio": 0.0545308741,
        "incomeTaxExpense": 29000000,
        "netIncome": -99000000,
        "netIncomeRatio": -0.0793905373,
        "eps": -1,
        "epsdiluted": -1,
        "weightedAverageShsOut": 99377884,
        "weightedAverageShsOutDil": 99377884,
        "link": "",
        "finalLink": ""
    },
    {
        "date": "2004-06-30",
        "symbol": "CE",
        "reportedCurrency": "USD",
        "cik": "0001306830",
        "fillingDate": "2004-06-30",
        "acceptedDate": "2004-06-29 20:00:00",
        "calendarYear": "2004",
        "period": "Q2",
        "revenue": 1229000000,
        "costOfRevenue": 1058000000,
        "grossProfit": 171000000,
        "grossProfitRatio": 0.1391375102,
        "researchAndDevelopmentExpenses": 22000000,
        "generalAndAdministrativeExpenses": 0,
        "sellingAndMarketingExpenses": 0,
        "sellingGeneralAndAdministrativeExpenses": 125000000,
        "otherExpenses": 0,
        "operatingExpenses": 146000000,
        "costAndExpenses": 1204000000,
        "interestIncome": 0,
        "interestExpense": 0,
        "depreciationAndAmortization": 71000000,
        "ebitda": 96000000,
        "ebitdaratio": 0.0781122864,
        "operatingIncome": 25000000,
        "operatingIncomeRatio": 0.0203417413,
        "totalOtherIncomeExpensesNet": -129000000,
        "incomeBeforeTax": -104000000,
        "incomeBeforeTaxRatio": -0.0846216436,
        "incomeTaxExpense": 10000000,
        "netIncome": -125000000,
        "netIncomeRatio": -0.1017087063,
        "eps": -1.26,
        "epsdiluted": -1.26,
        "weightedAverageShsOut": 99377884,
        "weightedAverageShsOutDil": 99377884,
        "link": "",
        "finalLink": ""
    },
    {
        "date": "2004-03-31",
        "symbol": "CE",
        "reportedCurrency": "USD",
        "cik": "0001306830",
        "fillingDate": "2004-03-31",
        "acceptedDate": "2004-03-30 19:00:00",
        "calendarYear": "2004",
        "period": "Q1",
        "revenue": 1243000000,
        "costOfRevenue": 1002000000,
        "grossProfit": 241000000,
        "grossProfitRatio": 0.1938857603,
        "researchAndDevelopmentExpenses": 23000000,
        "generalAndAdministrativeExpenses": 0,
        "sellingAndMarketingExpenses": 0,
        "sellingGeneralAndAdministrativeExpenses": 137000000,
        "otherExpenses": 0,
        "operatingExpenses": 189000000,
        "costAndExpenses": 1191000000,
        "interestIncome": 0,
        "interestExpense": 0,
        "depreciationAndAmortization": 72000000,
        "ebitda": 124000000,
        "ebitdaratio": 0.0997586484,
        "operatingIncome": 52000000,
        "operatingIncomeRatio": 0.0418342719,
        "totalOtherIncomeExpensesNet": 20000000,
        "incomeBeforeTax": 72000000,
        "incomeBeforeTaxRatio": 0.0579243765,
        "incomeTaxExpense": 17000000,
        "netIncome": 78000000,
        "netIncomeRatio": 0.0627514079,
        "eps": 1.58,
        "epsdiluted": 1.57,
        "weightedAverageShsOut": 49321468,
        "weightedAverageShsOutDil": 49712421,
        "link": "",
        "finalLink": ""
    }
]