[
    {
        "date": "2019-09-30",
        "symbol": "CELG",
        "reportedCurrency": "USD",
        "cik": "0000816284",
        "fillingDate": "2019-10-31",
        "acceptedDate": "2019-10-31 16:03:53",
        "calendarYear": "2019",
        "period": "Q3",
        "revenue": 4520000000,
        "costOfRevenue": 167000000,
        "grossProfit": 4353000000,
        "grossProfitRatio": 0.9630530973,
        "researchAndDevelopmentExpenses": 1167000000,
        "generalAndAdministrativeExpenses": 781000000,
        "sellingAndMarketingExpenses": 0,
        "sellingGeneralAndAdministrativeExpenses": 781000000,
        "otherExpenses": 0,
        "operatingExpenses": 1948000000,
        "costAndExpenses": 2256000000,
        "interestIncome": 0,
        "interestExpense": 190000000,
        "depreciationAndAmortization": 171000000,
        "ebitda": 2278000000,
        "ebitdaratio": 0.5039823009,
        "operatingIncome": 2264000000,
        "operatingIncomeRatio": 0.5008849558,
        "totalOtherIncomeExpensesNet": -347000000,
        "incomeBeforeTax": 1917000000,
        "incomeBeforeTaxRatio": 0.4241150442,
        "incomeTaxExpense": 226000000,
        "netIncome": 1691000000,
        "netIncomeRatio": 0.3741150442,
        "eps": 2.39,
        "epsdiluted": 2.33,
        "weightedAverageShsOut": 706200000,
        "weightedAverageShsOutDil": 725500000,
        "link": "https://www.sec.gov/Archives/edgar/data/816284/000081628419000046/0000816284-19-000046-index.htm",
        "finalLink": "https://www.sec.gov/Archives/edgar/data/816284/000081628419000046/a2019093010q.htm"
    },
    {
        "date": "2019-06-30",
        "symbol": "CELG",
        "reportedCurrency": "USD",
        "cik": "0000816284",
        "fillingDate": "2019-07-30",
        "acceptedDate": "2019-07-30 16:10:27",
        "calendarYear": "2019",
        "period": "Q2",
        "revenue": 4400000000,
        "costOfRevenue": 151000000,
        "grossProfit": 4249000000,
        "grossProfitRatio": 0.9656818182,
        "researchAndDevelopmentExpenses": 1100000000,
        "generalAndAdministrativeExpenses": 793000000,
        "sellingAndMarketingExpenses": 0,
        "sellingGeneralAndAdministrativeExpenses": 793000000,
        "otherExpenses": 0,
        "operatingExpenses": 1893000000,
        "costAndExpenses": 2289000000,
        "interestIncome": 0,
        "interestExpense": 192000000,
        "depreciationAndAmortization": 158000000,
        "ebitda": 2171000000,
        "ebitdaratio": 0.4934090909,
        "operatingIncome": 2111000000,
        "operatingIncomeRatio": 0.4797727273,
        "totalOtherIncomeExpensesNet": -290000000,
        "incomeBeforeTax": 1821000000,
        "incomeBeforeTaxRatio": 0.4138636364,
        "incomeTaxExpense": 250000000,
        "netIncome": 1571000000,
        "netIncomeRatio": 0.3570454545,
        "eps": 2.23,
        "epsdiluted": 2.17,
        "weightedAverageShsOut": 704600000,
        "weightedAverageShsOutDil": 723700000,
        "link": "https://www.sec.gov/Archives/edgar/data/816284/000081628419000039/0000816284-19-000039-index.htm",
        "finalLink": "https://www.sec.gov/Archives/edgar/data/816284/000081628419000039/a2019063010q.htm"
    },
    {
        "date": "2019-03-31",
        "symbol": "CELG",
        "reportedCurrency": "USD",
        "cik": "0000816284",
        "fillingDate": "2019-04-25",
        "acceptedDate": "2019-04-25 17:09:43",
        "calendarYear": "2019",
        "period": "Q1",
        "revenue": 4025000000,
        "costOfRevenue": 140000000,
        "grossProfit": 3885000000,
        "grossProfitRatio": 0.9652173913,
        "researchAndDevelopmentExpenses": 1216000000,
        "generalAndAdministrativeExpenses": 773000000,
        "sellingAndMarketingExpenses": 0,
        "sellingGeneralAndAdministrativeExpenses": 773000000,
        "otherExpenses": 0,
        "operatingExpenses": 1989000000,
        "costAndExpenses": 2315000000,
        "interestIncome": 0,
        "interestExpense": 192000000,
        "depreciationAndAmortization": 157000000,
        "ebitda": 2163000000,
        "ebitdaratio": 0.5373913043,
        "operatingIncome": 1710000000,
        "operatingIncomeRatio": 0.4248447205,
        "totalOtherIncomeExpensesNet": 104000000,
        "incomeBeforeTax": 1814000000,
        "incomeBeforeTaxRatio": 0.4506832298,
        "incomeTaxExpense": 269000000,
        "netIncome": 1545000000,
        "netIncomeRatio": 0.3838509317,
        "eps": 2.2,
        "epsdiluted": 2.14,
        "weightedAverageShsOut": 702400000,
        "weightedAverageShsOutDil": 720500000,
        "link": "https://www.sec.gov/Archives/edgar/data/816284/000081628419000031/0000816284-19-000031-index.htm",
        "finalLink": "https://www.sec.gov/Archives/edgar/data/816284/000081628419000031/a2019033110q.htm"
    },
    {
        "date": "2018-12-31",
        "symbol": "CELG",
        "reportedCurrency": "USD",
        "cik": "0000816284",
        "fillingDate": "2019-02-26",
        "acceptedDate": "2019-02-25 17:51:55",
        "calendarYear": "2018",
        "period": "Q4",
        "revenue": 4037000000,
        "costOfRevenue": 169000000,
        "grossProfit": 3868000000,
        "grossProfitRatio": 0.9581372306,
        "researchAndDevelopmentExpenses": 1138000000,
        "generalAndAdministrativeExpenses": 850000000,
        "sellingAndMarketingExpenses": 0,
        "sellingGeneralAndAdministrativeExpenses": 850000000,
        "otherExpenses": 0,
        "operatingExpenses": 1988000000,
        "costAndExpenses": 2230000000,
        "interestIncome": 0,
        "interestExpense": 190000000,
        "depreciationAndAmortization": 170000000,
        "ebitda": 1477000000,
        "ebitdaratio": 0.3658657419,
        "operatingIncome": 1807000000,
        "operatingIncomeRatio": 0.4476096111,
        "totalOtherIncomeExpensesNet": -690000000,
        "incomeBeforeTax": 1117000000,
        "incomeBeforeTaxRatio": 0.2766906118,
        "incomeTaxExpense": 44000000,
        "netIncome": 1073000000,
        "netIncomeRatio": 0.2657914293,
        "eps": 1.5,
        "epsdiluted": 1.46,
        "weightedAverageShsOut": 716300000,
        "weightedAverageShsOutDil": 733800000,
        "link": "https://www.sec.gov/Archives/edgar/data/816284/000081628419000014/0000816284-19-000014-index.htm",
        "finalLink": "https://www.sec.gov/Archives/edgar/data/816284/000081628419000014/a2018123110-k.htm"
    },
    {
        "date": "2018-09-30",
        "symbol": "CELG",
        "reportedCurrency": "USD",
        "cik": "0000816284",
        "fillingDate": "2018-10-25",
        "acceptedDate": "2018-10-25 17:10:51",
        "calendarYear": "2018",
        "period": "Q3",
        "revenue": 3892000000,
        "costOfRevenue": 157000000,
        "grossProfit": 3735000000,
        "grossProfitRatio": 0.9596608428,
        "researchAndDevelopmentExpenses": 1081000000,
        "generalAndAdministrativeExpenses": 746000000,
        "sellingAndMarketingExpenses": 0,
        "sellingGeneralAndAdministrativeExpenses": 746000000,
        "otherExpenses": 0,
        "operatingExpenses": 1827000000,
        "costAndExpenses": 2212000000,
        "interestIncome": 0,
        "interestExpense": 193000000,
        "depreciationAndAmortization": 169000000,
        "ebitda": 1740000000,
        "ebitdaratio": 0.4470709147,
        "operatingIncome": 1680000000,
        "operatingIncomeRatio": 0.4316546763,
        "totalOtherIncomeExpensesNet": -302000000,
        "incomeBeforeTax": 1378000000,
        "incomeBeforeTaxRatio": 0.3540596095,
        "incomeTaxExpense": 296000000,
        "netIncome": 1082000000,
        "netIncomeRatio": 0.2780061665,
        "eps": 1.5,
        "epsdiluted": 1.46,
        "weightedAverageShsOut": 722000000,
        "weightedAverageShsOutDil": 740400000,
        "link": "https://www.sec.gov/Archives/edgar/data/816284/000081628418000024/0000816284-18-000024-index.htm",
        "finalLink": "https://www.sec.gov/Archives/edgar/data/816284/000081628418000024/a2018093010q.htm"
    },
    {
        "date": "2018-06-30",
        "symbol": "CELG",
        "reportedCurrency": "USD",
        "cik": "0000816284",
        "fillingDate": "2018-07-26",
        "acceptedDate": "2018-07-26 16:57:06",
        "calendarYear": "2018",
        "period": "Q2",
        "revenue": 3814000000,
        "costOfRevenue": 126000000,
        "grossProfit": 3688000000,
        "grossProfitRatio": 0.9669638175,
        "researchAndDevelopmentExpenses": 1251000000,
        "generalAndAdministrativeExpenses": 790000000,
        "sellingAndMarketingExpenses": 0,
        "sellingGeneralAndAdministrativeExpenses": 790000000,
        "otherExpenses": 0,
        "operatingExpenses": 2041000000,
        "costAndExpenses": 2328000000,
        "interestIncome": 0,
        "interestExpense": 192000000,
        "depreciationAndAmortization": 170000000,
        "ebitda": 1669000000,
        "ebitdaratio": 0.437598322,
        "operatingIncome": 1486000000,
        "operatingIncomeRatio": 0.3896171998,
        "totalOtherIncomeExpensesNet": -179000000,
        "incomeBeforeTax": 1307000000,
        "incomeBeforeTaxRatio": 0.3426848453,
        "incomeTaxExpense": 262000000,
        "netIncome": 1045000000,
        "netIncomeRatio": 0.2739905611,
        "eps": 1.43,
        "epsdiluted": 1.39,
        "weightedAverageShsOut": 732100000,
        "weightedAverageShsOutDil": 750600000,
        "link": "https://www.sec.gov/Archives/edgar/data/816284/000081628418000016/0000816284-18-000016-index.htm",
        "finalLink": "https://www.sec.gov/Archives/edgar/data/816284/000081628418000016/a2018063010q.htm"
    },
    {
        "date": "2018-03-31",
        "symbol": "CELG",
        "reportedCurrency": "USD",
        "cik": "0000816284",
        "fillingDate": "2018-05-04",
        "acceptedDate": "2018-05-04 16:26:06",
        "calendarYear": "2018",
        "period": "Q1",
        "revenue": 3538000000,
        "costOfRevenue": 135000000,
        "grossProfit": 3403000000,
        "grossProfitRatio": 0.9618428491,
        "researchAndDevelopmentExpenses": 2203000000,
        "generalAndAdministrativeExpenses": 864000000,
        "sellingAndMarketingExpenses": 0,
        "sellingGeneralAndAdministrativeExpenses": 864000000,
        "otherExpenses": 0,
        "operatingExpenses": 3067000000,
        "costAndExpenses": 3320000000,
        "interestIncome": 0,
        "interestExpense": 166000000,
        "depreciationAndAmortization": 126000000,
        "ebitda": 1322000000,
        "ebitdaratio": 0.3736574336,
        "operatingIncome": 218000000,
        "operatingIncomeRatio": 0.0616167326,
        "totalOtherIncomeExpensesNet": 812000000,
        "incomeBeforeTax": 1030000000,
        "incomeBeforeTaxRatio": 0.2911249293,
        "incomeTaxExpense": 184000000,
        "netIncome": 846000000,
        "netIncomeRatio": 0.2391181458,
        "eps": 1.13,
        "epsdiluted": 1.1,
        "weightedAverageShsOut": 748300000,
        "weightedAverageShsOutDil": 768300000,
        "link": "https://www.sec.gov/Archives/edgar/data/816284/000081628418000011/0000816284-18-000011-index.htm",
        "finalLink": "https://www.sec.gov/Archives/edgar/data/816284/000081628418000011/a2018033110q.htm"
    },
    {
        "date": "2017-12-31",
        "symbol": "CELG",
        "reportedCurrency": "USD",
        "cik": "0000816284",
        "fillingDate": "2018-02-07",
        "acceptedDate": "2018-02-06 18:42:56",
        "calendarYear": "2017",
        "period": "Q4",
        "revenue": 3483000000,
        "costOfRevenue": 119000000,
        "grossProfit": 3364000000,
        "grossProfitRatio": 0.9658340511,
        "researchAndDevelopmentExpenses": 2738000000,
        "generalAndAdministrativeExpenses": 774000000,
        "sellingAndMarketingExpenses": 0,
        "sellingGeneralAndAdministrativeExpenses": 774000000,
        "otherExpenses": 0,
        "operatingExpenses": 3512000000,
        "costAndExpenses": 2285000000,
        "interestIncome": 0,
        "interestExpense": 142000000,
        "depreciationAndAmortization": 116000000,
        "ebitda": 1389000000,
        "ebitdaratio": 0.398794143,
        "operatingIncome": 1198000000,
        "operatingIncomeRatio": 0.3439563595,
        "totalOtherIncomeExpensesNet": -67000000,
        "incomeBeforeTax": 1131000000,
        "incomeBeforeTaxRatio": 0.3247200689,
        "incomeTaxExpense": 1212000000,
        "netIncome": -81000000,
        "netIncomeRatio": -0.023255814,
        "eps": -0.1,
        "epsdiluted": -0.1,
        "weightedAverageShsOut": 779200000,
        "weightedAverageShsOutDil": 808700000,
        "link": "https://www.sec.gov/Archives/edgar/data/816284/000081628418000005/0000816284-18-000005-index.htm",
        "finalLink": "https://www.sec.gov/Archives/edgar/data/816284/000081628418000005/a2017123110k.htm"
    },
    {
        "date": "2017-09-30",
        "symbol": "CELG",
        "reportedCurrency": "USD",
        "cik": "0000816284",
        "fillingDate": "2017-10-26",
        "acceptedDate": "2017-10-26 16:11:05",
        "calendarYear": "2017",
        "period": "Q3",
        "revenue": 3292000000,
        "costOfRevenue": 118000000,
        "grossProfit": 3174000000,
        "grossProfitRatio": 0.9641555286,
        "researchAndDevelopmentExpenses": 1347000000,
        "generalAndAdministrativeExpenses": 608000000,
        "sellingAndMarketingExpenses": 0,
        "sellingGeneralAndAdministrativeExpenses": 608000000,
        "otherExpenses": 0,
        "operatingExpenses": 1955000000,
        "costAndExpenses": 2202000000,
        "interestIncome": 0,
        "interestExpense": 127000000,
        "depreciationAndAmortization": 115000000,
        "ebitda": 1270000000,
        "ebitdaratio": 0.3857837181,
        "operatingIncome": 1090000000,
        "operatingIncomeRatio": 0.3311057108,
        "totalOtherIncomeExpensesNet": -62000000,
        "incomeBeforeTax": 1028000000,
        "incomeBeforeTaxRatio": 0.312272175,
        "incomeTaxExpense": 9000000,
        "netIncome": 1019000000,
        "netIncomeRatio": 0.3095382746,
        "eps": 1.3,
        "epsdiluted": 1.25,
        "weightedAverageShsOut": 781200000,
        "weightedAverageShsOutDil": 812600000,
        "link": "https://www.sec.gov/Archives/edgar/data/816284/000081628417000014/0000816284-17-000014-index.htm",
        "finalLink": "https://www.sec.gov/Archives/edgar/data/816284/000081628417000014/a2017093010q.htm"
    },
    {
        "date": "2017-06-30",
        "symbol": "CELG",
        "reportedCurrency": "USD",
        "cik": "0000816284",
        "fillingDate": "2017-07-27",
        "acceptedDate": "2017-07-27 16:06:27",
        "calendarYear": "2017",
        "period": "Q2",
        "revenue": 3268000000,
        "costOfRevenue": 111000000,
        "grossProfit": 3157000000,
        "grossProfitRatio": 0.9660342717,
        "researchAndDevelopmentExpenses": 835000000,
        "generalAndAdministrativeExpenses": 939000000,
        "sellingAndMarketingExpenses": 0,
        "sellingGeneralAndAdministrativeExpenses": 939000000,
        "otherExpenses": 0,
        "operatingExpenses": 1774000000,
        "costAndExpenses": 1960000000,
        "interestIncome": 0,
        "interestExpense": 126000000,
        "depreciationAndAmortization": 119000000,
        "ebitda": 1375000000,
        "ebitdaratio": 0.420746634,
        "operatingIncome": 1308000000,
        "operatingIncomeRatio": 0.400244798,
        "totalOtherIncomeExpensesNet": -178000000,
        "incomeBeforeTax": 1130000000,
        "incomeBeforeTaxRatio": 0.3457772338,
        "incomeTaxExpense": 69000000,
        "netIncome": 1061000000,
        "netIncomeRatio": 0.3246634027,
        "eps": 1.36,
        "epsdiluted": 1.31,
        "weightedAverageShsOut": 779700000,
        "weightedAverageShsOutDil": 811500000,
        "link": "https://www.sec.gov/Archives/edgar/data/816284/000081628417000009/0000816284-17-000009-index.htm",
        "finalLink": "https://www.sec.gov/Archives/edgar/data/816284/000081628417000009/a2017063010q.htm"
    },
    {
        "date": "2017-03-31",
        "symbol": "CELG",
        "reportedCurrency": "USD",
        "cik": "0000816284",
        "fillingDate": "2017-04-27",
        "acceptedDate": "2017-04-27 16:04:12",
        "calendarYear": "2017",
        "period": "Q1",
        "revenue": 2960000000,
        "costOfRevenue": 113000000,
        "grossProfit": 2847000000,
        "grossProfitRatio": 0.9618243243,
        "researchAndDevelopmentExpenses": 995000000,
        "generalAndAdministrativeExpenses": 620000000,
        "sellingAndMarketingExpenses": 0,
        "sellingGeneralAndAdministrativeExpenses": 620000000,
        "otherExpenses": 0,
        "operatingExpenses": 1615000000,
        "costAndExpenses": 1849000000,
        "interestIncome": 0,
        "interestExpense": 127000000,
        "depreciationAndAmortization": 121000000,
        "ebitda": 1273000000,
        "ebitdaratio": 0.4300675676,
        "operatingIncome": 1111000000,
        "operatingIncomeRatio": 0.3753378378,
        "totalOtherIncomeExpensesNet": -86000000,
        "incomeBeforeTax": 1025000000,
        "incomeBeforeTaxRatio": 0.3462837838,
        "incomeTaxExpense": 84000000,
        "netIncome": 941000000,
        "netIncomeRatio": 0.3179054054,
        "eps": 1.21,
        "epsdiluted": 1.16,
        "weightedAverageShsOut": 779000000,
        "weightedAverageShsOutDil": 811200000,
        "link": "https://www.sec.gov/Archives/edgar/data/816284/000081628417000006/0000816284-17-000006-index.htm",
        "finalLink": "https://www.sec.gov/Archives/edgar/data/816284/000081628417000006/a2017033110q.htm"
    },
    {
        "date": "2016-12-31",
        "symbol": "CELG",
        "reportedCurrency": "USD",
        "cik": "0000816284",
        "fillingDate": "2017-02-10",
        "acceptedDate": "2017-02-09 17:56:45",
        "calendarYear": "2016",
        "period": "Q4",
        "revenue": 2980500000,
        "costOfRevenue": 113500000,
        "grossProfit": 2867000000,
        "grossProfitRatio": 0.9619191411,
        "researchAndDevelopmentExpenses": 1134700000,
        "generalAndAdministrativeExpenses": 684600000,
        "sellingAndMarketingExpenses": 0,
        "sellingGeneralAndAdministrativeExpenses": 684600000,
        "otherExpenses": 0,
        "operatingExpenses": 1819300000,
        "costAndExpenses": 2050600000,
        "interestIncome": 0,
        "interestExpense": 127100000,
        "depreciationAndAmortization": 138200000,
        "ebitda": 764300000,
        "ebitdaratio": 0.2564334843,
        "operatingIncome": 929900000,
        "operatingIncomeRatio": 0.3119946318,
        "totalOtherIncomeExpensesNet": -430900000,
        "incomeBeforeTax": 499000000,
        "incomeBeforeTaxRatio": 0.1674215736,
        "incomeTaxExpense": 70100000,
        "netIncome": 428900000,
        "netIncomeRatio": 0.1439020299,
        "eps": 0.55,
        "epsdiluted": 0.53,
        "weightedAverageShsOut": 777200000,
        "weightedAverageShsOutDil": 803300000,
        "link": "https://www.sec.gov/Archives/edgar/data/816284/000081628417000003/0000816284-17-000003-index.htm",
        "finalLink": "https://www.sec.gov/Archives/edgar/data/816284/000081628417000003/a2016123110k.htm"
    },
    {
        "date": "2016-09-30",
        "symbol": "CELG",
        "reportedCurrency": "USD",
        "cik": "0000816284",
        "fillingDate": "2016-10-27",
        "acceptedDate": "2016-10-27 16:03:38",
        "calendarYear": "2016",
        "period": "Q3",
        "revenue": 2982800000,
        "costOfRevenue": 107700000,
        "grossProfit": 2875100000,
        "grossProfitRatio": 0.9638929865,
        "researchAndDevelopmentExpenses": 1653500000,
        "generalAndAdministrativeExpenses": 698000000,
        "sellingAndMarketingExpenses": 0,
        "sellingGeneralAndAdministrativeExpenses": 698000000,
        "otherExpenses": 0,
        "operatingExpenses": 2351500000,
        "costAndExpenses": 2571300000,
        "interestIncome": 0,
        "interestExpense": 127800000,
        "depreciationAndAmortization": 115900000,
        "ebitda": 500500000,
        "ebitdaratio": 0.1677953601,
        "operatingIncome": 411500000,
        "operatingIncomeRatio": 0.1379576237,
        "totalOtherIncomeExpensesNet": -154700000,
        "incomeBeforeTax": 256800000,
        "incomeBeforeTaxRatio": 0.0860936033,
        "incomeTaxExpense": 85400000,
        "netIncome": 171400000,
        "netIncomeRatio": 0.0574627866,
        "eps": 0.22,
        "epsdiluted": 0.21,
        "weightedAverageShsOut": 777300000,
        "weightedAverageShsOutDil": 803700000,
        "link": "https://www.sec.gov/Archives/edgar/data/816284/000081628416000005/0000816284-16-000005-index.htm",
        "finalLink": "https://www.sec.gov/Archives/edgar/data/816284/000081628416000005/a2016093010q.htm"
    },
    {
        "date": "2016-06-30",
        "symbol": "CELG",
        "reportedCurrency": "USD",
        "cik": "0000816284",
        "fillingDate": "2016-07-28",
        "acceptedDate": "2016-07-28 16:03:35",
        "calendarYear": "2016",
        "period": "Q2",
        "revenue": 2754300000,
        "costOfRevenue": 110900000,
        "grossProfit": 2643400000,
        "grossProfitRatio": 0.959735686,
        "researchAndDevelopmentExpenses": 948700000,
        "generalAndAdministrativeExpenses": 732100000,
        "sellingAndMarketingExpenses": 0,
        "sellingGeneralAndAdministrativeExpenses": 732100000,
        "otherExpenses": 0,
        "operatingExpenses": 1680800000,
        "costAndExpenses": 1930600000,
        "interestIncome": 0,
        "interestExpense": 123300000,
        "depreciationAndAmortization": 125300000,
        "ebitda": 943700000,
        "ebitdaratio": 0.3426278909,
        "operatingIncome": 823700000,
        "operatingIncomeRatio": 0.2990596522,
        "totalOtherIncomeExpensesNet": -128600000,
        "incomeBeforeTax": 695100000,
        "incomeBeforeTaxRatio": 0.252369023,
        "incomeTaxExpense": 96900000,
        "netIncome": 598200000,
        "netIncomeRatio": 0.2171876702,
        "eps": 0.77,
        "epsdiluted": 0.74,
        "weightedAverageShsOut": 778100000,
        "weightedAverageShsOutDil": 804700000,
        "link": "https://www.sec.gov/Archives/edgar/data/816284/000162828016017897/0001628280-16-017897-index.htm",
        "finalLink": "https://www.sec.gov/Archives/edgar/data/816284/000162828016017897/a2016063010q.htm"
    },
    {
        "date": "2016-03-31",
        "symbol": "CELG",
        "reportedCurrency": "USD",
        "cik": "0000816284",
        "fillingDate": "2016-05-03",
        "acceptedDate": "2016-05-03 16:03:53",
        "calendarYear": "2016",
        "period": "Q1",
        "revenue": 2511600000,
        "costOfRevenue": 105900000,
        "grossProfit": 2405700000,
        "grossProfitRatio": 0.9578356426,
        "researchAndDevelopmentExpenses": 733200000,
        "generalAndAdministrativeExpenses": 543000000,
        "sellingAndMarketingExpenses": 0,
        "sellingGeneralAndAdministrativeExpenses": 543000000,
        "otherExpenses": 0,
        "operatingExpenses": 1276200000,
        "costAndExpenses": 1510100000,
        "interestIncome": 0,
        "interestExpense": 121900000,
        "depreciationAndAmortization": 125300000,
        "ebitda": 1168800000,
        "ebitdaratio": 0.4653607262,
        "operatingIncome": 1001500000,
        "operatingIncomeRatio": 0.3987498009,
        "totalOtherIncomeExpensesNet": -79900000,
        "incomeBeforeTax": 921600000,
        "incomeBeforeTaxRatio": 0.3669374104,
        "incomeTaxExpense": 120900000,
        "netIncome": 800700000,
        "netIncomeRatio": 0.3188007645,
        "eps": 1.03,
        "epsdiluted": 0.99,
        "weightedAverageShsOut": 780600000,
        "weightedAverageShsOutDil": 807700000,
        "link": "https://www.sec.gov/Archives/edgar/data/816284/000162828016015364/0001628280-16-015364-index.htm",
        "finalLink": "https://www.sec.gov/Archives/edgar/data/816284/000162828016015364/a2016033110q.htm"
    },
    {
        "date": "2015-12-31",
        "symbol": "CELG",
        "reportedCurrency": "USD",
        "cik": "0000816284",
        "fillingDate": "2016-02-11",
        "acceptedDate": "2016-02-11 16:29:43",
        "calendarYear": "2015",
        "period": "Q4",
        "revenue": 2563300000,
        "costOfRevenue": 105400000,
        "grossProfit": 2457900000,
        "grossProfitRatio": 0.9588811298,
        "researchAndDevelopmentExpenses": 776800000,
        "generalAndAdministrativeExpenses": 609100000,
        "sellingAndMarketingExpenses": 0,
        "sellingGeneralAndAdministrativeExpenses": 609100000,
        "otherExpenses": 0,
        "operatingExpenses": 1385900000,
        "costAndExpenses": 1663100000,
        "interestIncome": 0,
        "interestExpense": 124600000,
        "depreciationAndAmortization": 123800000,
        "ebitda": 993900000,
        "ebitdaratio": 0.3877423634,
        "operatingIncome": 900200000,
        "operatingIncomeRatio": 0.3511879218,
        "totalOtherIncomeExpensesNet": -154700000,
        "incomeBeforeTax": 745500000,
        "incomeBeforeTaxRatio": 0.2908360317,
        "incomeTaxExpense": 184500000,
        "netIncome": 561000000,
        "netIncomeRatio": 0.2188585027,
        "eps": 0.71,
        "epsdiluted": 0.68,
        "weightedAverageShsOut": 792200000,
        "weightedAverageShsOutDil": 824900000,
        "link": "https://www.sec.gov/Archives/edgar/data/816284/000162828016011012/0001628280-16-011012-index.htm",
        "finalLink": "https://www.sec.gov/Archives/edgar/data/816284/000162828016011012/a2015123110k.htm"
    },
    {
        "date": "2015-09-30",
        "symbol": "CELG",
        "reportedCurrency": "USD",
        "cik": "0000816284",
        "fillingDate": "2015-11-05",
        "acceptedDate": "2015-11-05 16:12:35",
        "calendarYear": "2015",
        "period": "Q3",
        "revenue": 2334100000,
        "costOfRevenue": 109900000,
        "grossProfit": 2224200000,
        "grossProfitRatio": 0.9529154706,
        "researchAndDevelopmentExpenses": 1304500000,
        "generalAndAdministrativeExpenses": 550300000,
        "sellingAndMarketingExpenses": 0,
        "sellingGeneralAndAdministrativeExpenses": 550300000,
        "otherExpenses": 0,
        "operatingExpenses": 1854800000,
        "costAndExpenses": 2254500000,
        "interestIncome": 0,
        "interestExpense": 88500000,
        "depreciationAndAmortization": 96000000,
        "ebitda": 164700000,
        "ebitdaratio": 0.0705625295,
        "operatingIncome": 79600000,
        "operatingIncomeRatio": 0.0341030804,
        "totalOtherIncomeExpensesNet": 0,
        "incomeBeforeTax": -19900000,
        "incomeBeforeTaxRatio": -0.0085257701,
        "incomeTaxExpense": 14200000,
        "netIncome": -34000000,
        "netIncomeRatio": -0.0145666424,
        "eps": -0.0428,
        "epsdiluted": -0.0411,
        "weightedAverageShsOut": 794300000,
        "weightedAverageShsOutDil": 827700000,
        "link": "https://www.sec.gov/Archives/edgar/data/816284/000162828015008340/0001628280-15-008340-index.htm",
        "finalLink": "https://www.sec.gov/Archives/edgar/data/816284/000162828015008340/a2015093010q.htm"
    },
    {
        "date": "2015-06-30",
        "symbol": "CELG",
        "reportedCurrency": "USD",
        "cik": "0000816284",
        "fillingDate": "2015-07-28",
        "acceptedDate": "2015-07-28 16:06:22",
        "calendarYear": "2015",
        "period": "Q2",
        "revenue": 2277800000,
        "costOfRevenue": 100800000,
        "grossProfit": 2177000000,
        "grossProfitRatio": 0.9557467732,
        "researchAndDevelopmentExpenses": 1110000000,
        "generalAndAdministrativeExpenses": 616800000,
        "sellingAndMarketingExpenses": 0,
        "sellingGeneralAndAdministrativeExpenses": 616800000,
        "otherExpenses": 0,
        "operatingExpenses": 1726800000,
        "costAndExpenses": 1862000000,
        "interestIncome": 0,
        "interestExpense": 48300000,
        "depreciationAndAmortization": 94400000,
        "ebitda": 613500000,
        "ebitdaratio": 0.2693388357,
        "operatingIncome": 415800000,
        "operatingIncomeRatio": 0.1825445605,
        "totalOtherIncomeExpensesNet": 55000000,
        "incomeBeforeTax": 470800000,
        "incomeBeforeTaxRatio": 0.2066906664,
        "incomeTaxExpense": 114600000,
        "netIncome": 356200000,
        "netIncomeRatio": 0.1563789622,
        "eps": 0.45,
        "epsdiluted": 0.43,
        "weightedAverageShsOut": 796000000,
        "weightedAverageShsOutDil": 829700000,
        "link": "https://www.sec.gov/Archives/edgar/data/816284/000162828015005496/0001628280-15-005496-index.htm",
        "finalLink": "https://www.sec.gov/Archives/edgar/data/816284/000162828015005496/a2015063010q.htm"
    },
    {
        "date": "2015-03-31",
        "symbol": "CELG",
        "reportedCurrency": "USD",
        "cik": "0000816284",
        "fillingDate": "2015-04-30",
        "acceptedDate": "2015-04-30 16:09:43",
        "calendarYear": "2015",
        "period": "Q1",
        "revenue": 2080800000,
        "costOfRevenue": 104000000,
        "grossProfit": 1976800000,
        "grossProfitRatio": 0.9500192234,
        "researchAndDevelopmentExpenses": 506000000,
        "generalAndAdministrativeExpenses": 529200000,
        "sellingAndMarketingExpenses": 0,
        "sellingGeneralAndAdministrativeExpenses": 529200000,
        "otherExpenses": 0,
        "operatingExpenses": 1035200000,
        "costAndExpenses": 1221800000,
        "interestIncome": 0,
        "interestExpense": 49200000,
        "depreciationAndAmortization": 94700000,
        "ebitda": 971000000,
        "ebitdaratio": 0.4666474433,
        "operatingIncome": 859000000,
        "operatingIncomeRatio": 0.4128219915,
        "totalOtherIncomeExpensesNet": -31900000,
        "incomeBeforeTax": 827100000,
        "incomeBeforeTaxRatio": 0.3974913495,
        "incomeTaxExpense": 108200000,
        "netIncome": 718900000,
        "netIncomeRatio": 0.3454921184,
        "eps": 0.9,
        "epsdiluted": 0.86,
        "weightedAverageShsOut": 798900000,
        "weightedAverageShsOutDil": 834100000,
        "link": "https://www.sec.gov/Archives/edgar/data/816284/000162828015003181/0001628280-15-003181-index.htm",
        "finalLink": "https://www.sec.gov/Archives/edgar/data/816284/000162828015003181/a2015033110q.htm"
    },
    {
        "date": "2014-12-31",
        "symbol": "CELG",
        "reportedCurrency": "USD",
        "cik": "0000816284",
        "fillingDate": "2015-02-20",
        "acceptedDate": "2015-02-20 16:11:58",
        "calendarYear": "2014",
        "period": "Q4",
        "revenue": 2085500000,
        "costOfRevenue": 103200000,
        "grossProfit": 1982300000,
        "grossProfitRatio": 0.9505154639,
        "researchAndDevelopmentExpenses": 584900000,
        "generalAndAdministrativeExpenses": 544400000,
        "sellingAndMarketingExpenses": 0,
        "sellingGeneralAndAdministrativeExpenses": 544400000,
        "otherExpenses": 0,
        "operatingExpenses": 1129300000,
        "costAndExpenses": 1333800000,
        "interestIncome": 0,
        "interestExpense": 51700000,
        "depreciationAndAmortization": 92200000,
        "ebitda": 854700000,
        "ebitdaratio": 0.409829777,
        "operatingIncome": 751700000,
        "operatingIncomeRatio": 0.3604411412,
        "totalOtherIncomeExpensesNet": -40900000,
        "incomeBeforeTax": 710800000,
        "incomeBeforeTaxRatio": 0.3408295373,
        "incomeTaxExpense": 96900000,
        "netIncome": 613900000,
        "netIncomeRatio": 0.2943658595,
        "eps": 0.76,
        "epsdiluted": 0.73,
        "weightedAverageShsOut": 802700000,
        "weightedAverageShsOutDil": 836000000,
        "link": "https://www.sec.gov/Archives/edgar/data/816284/000162828015000889/0001628280-15-000889-index.htm",
        "finalLink": "https://www.sec.gov/Archives/edgar/data/816284/000162828015000889/a2014123110k.htm"
    },
    {
        "date": "2014-09-30",
        "symbol": "CELG",
        "reportedCurrency": "USD",
        "cik": "0000816284",
        "fillingDate": "2014-10-28",
        "acceptedDate": "2014-10-28 16:05:13",
        "calendarYear": "2014",
        "period": "Q3",
        "revenue": 1982200000,
        "costOfRevenue": 97700000,
        "grossProfit": 1884500000,
        "grossProfitRatio": 0.9507113308,
        "researchAndDevelopmentExpenses": 675100000,
        "generalAndAdministrativeExpenses": 497600000,
        "sellingAndMarketingExpenses": 0,
        "sellingGeneralAndAdministrativeExpenses": 497600000,
        "otherExpenses": 0,
        "operatingExpenses": 1172700000,
        "costAndExpenses": 1335600000,
        "interestIncome": 0,
        "interestExpense": 53500000,
        "depreciationAndAmortization": 92900000,
        "ebitda": 723900000,
        "ebitdaratio": 0.3652002825,
        "operatingIncome": 646600000,
        "operatingIncomeRatio": 0.3262032086,
        "totalOtherIncomeExpensesNet": -69100000,
        "incomeBeforeTax": 577500000,
        "incomeBeforeTaxRatio": 0.2913429523,
        "incomeTaxExpense": 69000000,
        "netIncome": 508500000,
        "netIncomeRatio": 0.256533145,
        "eps": 0.63,
        "epsdiluted": 0.61,
        "weightedAverageShsOut": 803500000,
        "weightedAverageShsOutDil": 836400000,
        "link": "https://www.sec.gov/Archives/edgar/data/816284/000144530514004505/0001445305-14-004505-index.htm",
        "finalLink": "https://www.sec.gov/Archives/edgar/data/816284/000144530514004505/a2014093010q.htm"
    },
    {
        "date": "2014-06-30",
        "symbol": "CELG",
        "reportedCurrency": "USD",
        "cik": "0000816284",
        "fillingDate": "2014-07-29",
        "acceptedDate": "2014-07-29 16:18:27",
        "calendarYear": "2014",
        "period": "Q2",
        "revenue": 1872700000,
        "costOfRevenue": 98900000,
        "grossProfit": 1773800000,
        "grossProfitRatio": 0.9471885513,
        "researchAndDevelopmentExpenses": 456900000,
        "generalAndAdministrativeExpenses": 491800000,
        "sellingAndMarketingExpenses": 0,
        "sellingGeneralAndAdministrativeExpenses": 491800000,
        "otherExpenses": 0,
        "operatingExpenses": 948700000,
        "costAndExpenses": 1113800000,
        "interestIncome": 0,
        "interestExpense": 41600000,
        "depreciationAndAmortization": 91400000,
        "ebitda": 839800000,
        "ebitdaratio": 0.4484434239,
        "operatingIncome": 758900000,
        "operatingIncomeRatio": 0.4052437657,
        "totalOtherIncomeExpensesNet": -52100000,
        "incomeBeforeTax": 706800000,
        "incomeBeforeTaxRatio": 0.3774229722,
        "incomeTaxExpense": 109000000,
        "netIncome": 597800000,
        "netIncomeRatio": 0.319218241,
        "eps": 0.74,
        "epsdiluted": 0.71,
        "weightedAverageShsOut": 805500000,
        "weightedAverageShsOutDil": 838000000,
        "link": "https://www.sec.gov/Archives/edgar/data/816284/000144530514002973/0001445305-14-002973-index.htm",
        "finalLink": "https://www.sec.gov/Archives/edgar/data/816284/000144530514002973/a2014063010q.htm"
    },
    {
        "date": "2014-03-31",
        "symbol": "CELG",
        "reportedCurrency": "USD",
        "cik": "0000816284",
        "fillingDate": "2014-04-29",
        "acceptedDate": "2014-04-29 16:04:56",
        "calendarYear": "2014",
        "period": "Q1",
        "revenue": 1730000000,
        "costOfRevenue": 86100000,
        "grossProfit": 1643900000,
        "grossProfitRatio": 0.9502312139,
        "researchAndDevelopmentExpenses": 713700000,
        "generalAndAdministrativeExpenses": 494100000,
        "sellingAndMarketingExpenses": 0,
        "sellingGeneralAndAdministrativeExpenses": 494100000,
        "otherExpenses": 0,
        "operatingExpenses": 1207800000,
        "costAndExpenses": 1368200000,
        "interestIncome": 0,
        "interestExpense": 29300000,
        "depreciationAndAmortization": 97100000,
        "ebitda": 458700000,
        "ebitdaratio": 0.2651445087,
        "operatingIncome": 361800000,
        "operatingIncomeRatio": 0.209132948,
        "totalOtherIncomeExpensesNet": -29500000,
        "incomeBeforeTax": 332300000,
        "incomeBeforeTaxRatio": 0.1920809249,
        "incomeTaxExpense": 52600000,
        "netIncome": 279700000,
        "netIncomeRatio": 0.1616763006,
        "eps": 0.69,
        "epsdiluted": 0.66,
        "weightedAverageShsOut": 405700000,
        "weightedAverageShsOutDil": 422500000,
        "link": "https://www.sec.gov/Archives/edgar/data/816284/000144530514001528/0001445305-14-001528-index.htm",
        "finalLink": "https://www.sec.gov/Archives/edgar/data/816284/000144530514001528/a201403310q.htm"
    },
    {
        "date": "2013-12-31",
        "symbol": "CELG",
        "reportedCurrency": "USD",
        "cik": "0000816284",
        "fillingDate": "2014-02-13",
        "acceptedDate": "2014-02-13 16:02:05",
        "calendarYear": "2013",
        "period": "Q4",
        "revenue": 1755900000,
        "costOfRevenue": 92800000,
        "grossProfit": 1663100000,
        "grossProfitRatio": 0.9471496099,
        "researchAndDevelopmentExpenses": 731200000,
        "generalAndAdministrativeExpenses": 448700000,
        "sellingAndMarketingExpenses": 0,
        "sellingGeneralAndAdministrativeExpenses": 448700000,
        "otherExpenses": 0,
        "operatingExpenses": 1179900000,
        "costAndExpenses": 1430100000,
        "interestIncome": 0,
        "interestExpense": 30100000,
        "depreciationAndAmortization": 97300000,
        "ebitda": 344600000,
        "ebitdaratio": 0.196252634,
        "operatingIncome": 325800000,
        "operatingIncomeRatio": 0.1855458739,
        "totalOtherIncomeExpensesNet": -108600000,
        "incomeBeforeTax": 217200000,
        "incomeBeforeTaxRatio": 0.1236972493,
        "incomeTaxExpense": 2800000,
        "netIncome": 214400000,
        "netIncomeRatio": 0.1221026254,
        "eps": 0.52,
        "epsdiluted": 0.5,
        "weightedAverageShsOut": 413800000,
        "weightedAverageShsOutDil": 430300000,
        "link": "https://www.sec.gov/Archives/edgar/data/816284/000144530514000438/0001445305-14-000438-index.htm",
        "finalLink": "https://www.sec.gov/Archives/edgar/data/816284/000144530514000438/a2013123110k.htm"
    },
    {
        "date": "2013-09-30",
        "symbol": "CELG",
        "reportedCurrency": "USD",
        "cik": "0000816284",
        "fillingDate": "2013-10-29",
        "acceptedDate": "2013-10-29 17:30:53",
        "calendarYear": "2013",
        "period": "Q3",
        "revenue": 1674400000,
        "costOfRevenue": 86200000,
        "grossProfit": 1588200000,
        "grossProfitRatio": 0.9485188724,
        "researchAndDevelopmentExpenses": 584500000,
        "generalAndAdministrativeExpenses": 448700000,
        "sellingAndMarketingExpenses": 0,
        "sellingGeneralAndAdministrativeExpenses": 448700000,
        "otherExpenses": 0,
        "operatingExpenses": 1033200000,
        "costAndExpenses": 1218800000,
        "interestIncome": 0,
        "interestExpense": 24000000,
        "depreciationAndAmortization": 93600000,
        "ebitda": 559600000,
        "ebitdaratio": 0.334209269,
        "operatingIncome": 455600000,
        "operatingIncomeRatio": 0.2720974677,
        "totalOtherIncomeExpensesNet": -13600000,
        "incomeBeforeTax": 442000000,
        "incomeBeforeTaxRatio": 0.2639751553,
        "incomeTaxExpense": 69500000,
        "netIncome": 372500000,
        "netIncomeRatio": 0.2224677496,
        "eps": 0.9,
        "epsdiluted": 0.87,
        "weightedAverageShsOut": 414700000,
        "weightedAverageShsOutDil": 430500000,
        "link": "https://www.sec.gov/Archives/edgar/data/816284/000144530513002562/0001445305-13-002562-index.htm",
        "finalLink": "https://www.sec.gov/Archives/edgar/data/816284/000144530513002562/a2013093010q.htm"
    },
    {
        "date": "2013-06-30",
        "symbol": "CELG",
        "reportedCurrency": "USD",
        "cik": "0000816284",
        "fillingDate": "2013-07-30",
        "acceptedDate": "2013-07-30 16:12:14",
        "calendarYear": "2013",
        "period": "Q2",
        "revenue": 1599000000,
        "costOfRevenue": 80900000,
        "grossProfit": 1518100000,
        "grossProfitRatio": 0.9494058787,
        "researchAndDevelopmentExpenses": 458100000,
        "generalAndAdministrativeExpenses": 418100000,
        "sellingAndMarketingExpenses": 0,
        "sellingGeneralAndAdministrativeExpenses": 418100000,
        "otherExpenses": 0,
        "operatingExpenses": 876200000,
        "costAndExpenses": 1035300000,
        "interestIncome": 0,
        "interestExpense": 19600000,
        "depreciationAndAmortization": 92300000,
        "ebitda": 669700000,
        "ebitdaratio": 0.4188242652,
        "operatingIncome": 563700000,
        "operatingIncomeRatio": 0.352532833,
        "totalOtherIncomeExpensesNet": -5900000,
        "incomeBeforeTax": 557800000,
        "incomeBeforeTaxRatio": 0.3488430269,
        "incomeTaxExpense": 79700000,
        "netIncome": 478100000,
        "netIncomeRatio": 0.2989993746,
        "eps": 1.15,
        "epsdiluted": 1.11,
        "weightedAverageShsOut": 416000000,
        "weightedAverageShsOutDil": 431000000,
        "link": "https://www.sec.gov/Archives/edgar/data/816284/000144530513001744/0001445305-13-001744-index.htm",
        "finalLink": "https://www.sec.gov/Archives/edgar/data/816284/000144530513001744/a2013063010q.htm"
    },
    {
        "date": "2013-03-31",
        "symbol": "CELG",
        "reportedCurrency": "USD",
        "cik": "0000816284",
        "fillingDate": "2013-04-30",
        "acceptedDate": "2013-04-30 16:11:45",
        "calendarYear": "2013",
        "period": "Q1",
        "revenue": 1464600000,
        "costOfRevenue": 80500000,
        "grossProfit": 1384100000,
        "grossProfitRatio": 0.9450361874,
        "researchAndDevelopmentExpenses": 452400000,
        "generalAndAdministrativeExpenses": 369000000,
        "sellingAndMarketingExpenses": 0,
        "sellingGeneralAndAdministrativeExpenses": 369000000,
        "otherExpenses": 0,
        "operatingExpenses": 821400000,
        "costAndExpenses": 1000800000,
        "interestIncome": 0,
        "interestExpense": 17900000,
        "depreciationAndAmortization": 90900000,
        "ebitda": 557200000,
        "ebitdaratio": 0.3804451727,
        "operatingIncome": 463800000,
        "operatingIncomeRatio": 0.3166734945,
        "totalOtherIncomeExpensesNet": -15400000,
        "incomeBeforeTax": 448400000,
        "incomeBeforeTaxRatio": 0.3061586781,
        "incomeTaxExpense": 63500000,
        "netIncome": 384900000,
        "netIncomeRatio": 0.2628021303,
        "eps": 0.92,
        "epsdiluted": 0.89,
        "weightedAverageShsOut": 417900000,
        "weightedAverageShsOutDil": 432200000,
        "link": "https://www.sec.gov/Archives/edgar/data/816284/000110465913035213/0001104659-13-035213-index.htm",
        "finalLink": "https://www.sec.gov/Archives/edgar/data/816284/000110465913035213/a13-8330_110q.htm"
    },
    {
        "date": "2012-12-31",
        "symbol": "CELG",
        "reportedCurrency": "USD",
        "cik": "0000816284",
        "fillingDate": "2013-02-15",
        "acceptedDate": "2013-02-15 16:09:13",
        "calendarYear": "2012",
        "period": "Q4",
        "revenue": 1447410000,
        "costOfRevenue": 80130000,
        "grossProfit": 1367280000,
        "grossProfitRatio": 0.9446390449,
        "researchAndDevelopmentExpenses": 473419000,
        "generalAndAdministrativeExpenses": 370092000,
        "sellingAndMarketingExpenses": 0,
        "sellingGeneralAndAdministrativeExpenses": 370092000,
        "otherExpenses": 0,
        "operatingExpenses": 843511000,
        "costAndExpenses": 1126162000,
        "interestIncome": 0,
        "interestExpense": 22553000,
        "depreciationAndAmortization": 90646000,
        "ebitda": 403502000,
        "ebitdaratio": 0.2787751915,
        "operatingIncome": 321248000,
        "operatingIncomeRatio": 0.2219467877,
        "totalOtherIncomeExpensesNet": -30945000,
        "incomeBeforeTax": 290303000,
        "incomeBeforeTaxRatio": 0.2005672201,
        "incomeTaxExpense": 27188000,
        "netIncome": 263115000,
        "netIncomeRatio": 0.1817833233,
        "eps": 0.61,
        "epsdiluted": 0.6,
        "weightedAverageShsOut": 430927000,
        "weightedAverageShsOutDil": 440796000,
        "link": "https://www.sec.gov/Archives/edgar/data/816284/000104746913001186/0001047469-13-001186-index.htm",
        "finalLink": "https://www.sec.gov/Archives/edgar/data/816284/000104746913001186/a2212863z10-k.htm"
    },
    {
        "date": "2012-09-30",
        "symbol": "CELG",
        "reportedCurrency": "USD",
        "cik": "0000816284",
        "fillingDate": "2012-10-29",
        "acceptedDate": "2012-10-29 13:42:50",
        "calendarYear": "2012",
        "period": "Q3",
        "revenue": 1419251000,
        "costOfRevenue": 74622000,
        "grossProfit": 1344629000,
        "grossProfitRatio": 0.9474215625,
        "researchAndDevelopmentExpenses": 441595000,
        "generalAndAdministrativeExpenses": 354644000,
        "sellingAndMarketingExpenses": 0,
        "sellingGeneralAndAdministrativeExpenses": 354644000,
        "otherExpenses": 0,
        "operatingExpenses": 796239000,
        "costAndExpenses": 917667000,
        "interestIncome": 0,
        "interestExpense": 17793000,
        "depreciationAndAmortization": 68291000,
        "ebitda": 562586000,
        "ebitdaratio": 0.3963964091,
        "operatingIncome": 501584000,
        "operatingIncomeRatio": 0.3534145828,
        "totalOtherIncomeExpensesNet": -25082000,
        "incomeBeforeTax": 476502000,
        "incomeBeforeTaxRatio": 0.3357418808,
        "incomeTaxExpense": 52347000,
        "netIncome": 424155000,
        "netIncomeRatio": 0.2988583415,
        "eps": 0.98,
        "epsdiluted": 0.96,
        "weightedAverageShsOut": 434062000,
        "weightedAverageShsOutDil": 443432000,
        "link": "https://www.sec.gov/Archives/edgar/data/816284/000110465912071891/0001104659-12-071891-index.htm",
        "finalLink": "https://www.sec.gov/Archives/edgar/data/816284/000110465912071891/a12-19056_110q.htm"
    },
    {
        "date": "2012-06-30",
        "symbol": "CELG",
        "reportedCurrency": "USD",
        "cik": "0000816284",
        "fillingDate": "2012-08-01",
        "acceptedDate": "2012-08-01 16:06:01",
        "calendarYear": "2012",
        "period": "Q2",
        "revenue": 1366764000,
        "costOfRevenue": 71852000,
        "grossProfit": 1294912000,
        "grossProfitRatio": 0.9474291099,
        "researchAndDevelopmentExpenses": 447098000,
        "generalAndAdministrativeExpenses": 323027000,
        "sellingAndMarketingExpenses": 0,
        "sellingGeneralAndAdministrativeExpenses": 323027000,
        "otherExpenses": 0,
        "operatingExpenses": 770125000,
        "costAndExpenses": 925410000,
        "interestIncome": 0,
        "interestExpense": 11474000,
        "depreciationAndAmortization": 64934000,
        "ebitda": 517092000,
        "ebitdaratio": 0.3783330553,
        "operatingIncome": 441354000,
        "operatingIncomeRatio": 0.3229189531,
        "totalOtherIncomeExpensesNet": -670000,
        "incomeBeforeTax": 440684000,
        "incomeBeforeTaxRatio": 0.3224287441,
        "incomeTaxExpense": 73311000,
        "netIncome": 367373000,
        "netIncomeRatio": 0.2687903691,
        "eps": 0.84,
        "epsdiluted": 0.82,
        "weightedAverageShsOut": 437526000,
        "weightedAverageShsOutDil": 447092000,
        "link": "https://www.sec.gov/Archives/edgar/data/816284/000110465912053213/0001104659-12-053213-index.htm",
        "finalLink": "https://www.sec.gov/Archives/edgar/data/816284/000110465912053213/a12-12707_110q.htm"
    },
    {
        "date": "2012-03-31",
        "symbol": "CELG",
        "reportedCurrency": "USD",
        "cik": "0000816284",
        "fillingDate": "2012-05-02",
        "acceptedDate": "2012-05-02 16:07:50",
        "calendarYear": "2012",
        "period": "Q1",
        "revenue": 1273288000,
        "costOfRevenue": 72520000,
        "grossProfit": 1200768000,
        "grossProfitRatio": 0.9430450927,
        "researchAndDevelopmentExpenses": 362044000,
        "generalAndAdministrativeExpenses": 325778000,
        "sellingAndMarketingExpenses": 0,
        "sellingGeneralAndAdministrativeExpenses": 325778000,
        "otherExpenses": 0,
        "operatingExpenses": 687822000,
        "costAndExpenses": 791032000,
        "interestIncome": 0,
        "interestExpense": 11385000,
        "depreciationAndAmortization": 61020000,
        "ebitda": 546407000,
        "ebitdaratio": 0.429130723,
        "operatingIncome": 482256000,
        "operatingIncomeRatio": 0.3787485628,
        "totalOtherIncomeExpensesNet": -8254000,
        "incomeBeforeTax": 474002000,
        "incomeBeforeTaxRatio": 0.372266133,
        "incomeTaxExpense": 72465000,
        "netIncome": 401537000,
        "netIncomeRatio": 0.315354421,
        "eps": 0.92,
        "epsdiluted": 0.9,
        "weightedAverageShsOut": 438349000,
        "weightedAverageShsOutDil": 448598000,
        "link": "https://www.sec.gov/Archives/edgar/data/816284/000110465912032025/0001104659-12-032025-index.htm",
        "finalLink": "https://www.sec.gov/Archives/edgar/data/816284/000110465912032025/a12-7369_110q.htm"
    },
    {
        "date": "2011-12-31",
        "symbol": "CELG",
        "reportedCurrency": "USD",
        "cik": "0000816284",
        "fillingDate": "2012-02-22",
        "acceptedDate": "2012-02-22 16:14:57",
        "calendarYear": "2011",
        "period": "Q4",
        "revenue": 1283897000,
        "costOfRevenue": 77503000,
        "grossProfit": 1206394000,
        "grossProfitRatio": 0.9396345657,
        "researchAndDevelopmentExpenses": 436427000,
        "generalAndAdministrativeExpenses": 315107000,
        "sellingAndMarketingExpenses": 0,
        "sellingGeneralAndAdministrativeExpenses": 315107000,
        "otherExpenses": 0,
        "operatingExpenses": 751534000,
        "costAndExpenses": 879166000,
        "interestIncome": 0,
        "interestExpense": 11277000,
        "depreciationAndAmortization": 94367000,
        "ebitda": 507306000,
        "ebitdaratio": 0.3951298274,
        "operatingIncome": 404731000,
        "operatingIncomeRatio": 0.3152363468,
        "totalOtherIncomeExpensesNet": -3069000,
        "incomeBeforeTax": 401662000,
        "incomeBeforeTaxRatio": 0.3128459682,
        "incomeTaxExpense": -8516000,
        "netIncome": 410178000,
        "netIncomeRatio": 0.319478899,
        "eps": 0.9,
        "epsdiluted": 0.89,
        "weightedAverageShsOut": 455348000,
        "weightedAverageShsOutDil": 462748000,
        "link": "https://www.sec.gov/Archives/edgar/data/816284/000104746912001293/0001047469-12-001293-index.htm",
        "finalLink": "https://www.sec.gov/Archives/edgar/data/816284/000104746912001293/a2207399z10-k.htm"
    },
    {
        "date": "2011-09-30",
        "symbol": "CELG",
        "reportedCurrency": "USD",
        "cik": "0000816284",
        "fillingDate": "2011-11-02",
        "acceptedDate": "2011-11-02 16:06:33",
        "calendarYear": "2011",
        "period": "Q3",
        "revenue": 1249737000,
        "costOfRevenue": 94645000,
        "grossProfit": 1155092000,
        "grossProfitRatio": 0.924268066,
        "researchAndDevelopmentExpenses": 356839000,
        "generalAndAdministrativeExpenses": 303303000,
        "sellingAndMarketingExpenses": 0,
        "sellingGeneralAndAdministrativeExpenses": 303303000,
        "otherExpenses": 0,
        "operatingExpenses": 660142000,
        "costAndExpenses": 818622000,
        "interestIncome": 0,
        "interestExpense": 10292000,
        "depreciationAndAmortization": 109958000,
        "ebitda": 532891000,
        "ebitdaratio": 0.4264025151,
        "operatingIncome": 431115000,
        "operatingIncomeRatio": 0.3449645805,
        "totalOtherIncomeExpensesNet": -19168000,
        "incomeBeforeTax": 411947000,
        "incomeBeforeTaxRatio": 0.3296269535,
        "incomeTaxExpense": 39657000,
        "netIncome": 372984000,
        "netIncomeRatio": 0.2984499939,
        "eps": 0.81,
        "epsdiluted": 0.8,
        "weightedAverageShsOut": 460161000,
        "weightedAverageShsOutDil": 467052000,
        "link": "https://www.sec.gov/Archives/edgar/data/816284/000110465911060043/0001104659-11-060043-index.htm",
        "finalLink": "https://www.sec.gov/Archives/edgar/data/816284/000110465911060043/a11-26049_110q.htm"
    },
    {
        "date": "2011-06-30",
        "symbol": "CELG",
        "reportedCurrency": "USD",
        "cik": "0000816284",
        "fillingDate": "2011-08-03",
        "acceptedDate": "2011-08-03 16:06:55",
        "calendarYear": "2011",
        "period": "Q2",
        "revenue": 1183155000,
        "costOfRevenue": 126443000,
        "grossProfit": 1056712000,
        "grossProfitRatio": 0.8931306549,
        "researchAndDevelopmentExpenses": 371520000,
        "generalAndAdministrativeExpenses": 305643000,
        "sellingAndMarketingExpenses": 0,
        "sellingGeneralAndAdministrativeExpenses": 305643000,
        "otherExpenses": 0,
        "operatingExpenses": 677163000,
        "costAndExpenses": 864216000,
        "interestIncome": 0,
        "interestExpense": 9418000,
        "depreciationAndAmortization": 88310000,
        "ebitda": 416329000,
        "ebitdaratio": 0.3518803538,
        "operatingIncome": 318939000,
        "operatingIncomeRatio": 0.2695665403,
        "totalOtherIncomeExpensesNet": -338000,
        "incomeBeforeTax": 318601000,
        "incomeBeforeTaxRatio": 0.2692808635,
        "incomeTaxExpense": 39203000,
        "netIncome": 279398000,
        "netIncomeRatio": 0.2361465742,
        "eps": 0.6,
        "epsdiluted": 0.59,
        "weightedAverageShsOut": 464300000,
        "weightedAverageShsOutDil": 470958000,
        "link": "https://www.sec.gov/Archives/edgar/data/816284/000095012311072197/0000950123-11-072197-index.htm",
        "finalLink": "https://www.sec.gov/Archives/edgar/data/816284/000095012311072197/c18091e10vq.htm"
    },
    {
        "date": "2011-03-31",
        "symbol": "CELG",
        "reportedCurrency": "USD",
        "cik": "0000816284",
        "fillingDate": "2011-05-05",
        "acceptedDate": "2011-05-04 21:20:48",
        "calendarYear": "2011",
        "period": "Q1",
        "revenue": 1125281000,
        "costOfRevenue": 127268000,
        "grossProfit": 998013000,
        "grossProfitRatio": 0.8869011385,
        "researchAndDevelopmentExpenses": 435478000,
        "generalAndAdministrativeExpenses": 302261000,
        "sellingAndMarketingExpenses": 0,
        "sellingGeneralAndAdministrativeExpenses": 302261000,
        "otherExpenses": 0,
        "operatingExpenses": 737739000,
        "costAndExpenses": 837313000,
        "interestIncome": 0,
        "interestExpense": 11750000,
        "depreciationAndAmortization": 86958000,
        "ebitda": 386020000,
        "ebitdaratio": 0.3430432043,
        "operatingIncome": 287968000,
        "operatingIncomeRatio": 0.2559076355,
        "totalOtherIncomeExpensesNet": -656000,
        "incomeBeforeTax": 287312000,
        "incomeBeforeTaxRatio": 0.25532467,
        "incomeTaxExpense": 31722000,
        "netIncome": 255590000,
        "netIncomeRatio": 0.227134378,
        "eps": 0.55,
        "epsdiluted": 0.54,
        "weightedAverageShsOut": 465993000,
        "weightedAverageShsOutDil": 472235000,
        "link": "https://www.sec.gov/Archives/edgar/data/816284/000095012311044984/0000950123-11-044984-index.htm",
        "finalLink": "https://www.sec.gov/Archives/edgar/data/816284/000095012311044984/c15615e10vq.htm"
    },
    {
        "date": "2010-12-31",
        "symbol": "CELG",
        "reportedCurrency": "USD",
        "cik": "0000816284",
        "fillingDate": "2011-03-01",
        "acceptedDate": "2011-03-01 16:07:41",
        "calendarYear": "2010",
        "period": "Q4",
        "revenue": 3625745000,
        "costOfRevenue": 306521000,
        "grossProfit": 3319224000,
        "grossProfitRatio": 0.9154598572,
        "researchAndDevelopmentExpenses": 1128495000,
        "generalAndAdministrativeExpenses": 950634000,
        "sellingAndMarketingExpenses": 0,
        "sellingGeneralAndAdministrativeExpenses": 950634000,
        "otherExpenses": 0,
        "operatingExpenses": 2079129000,
        "costAndExpenses": 2636110000,
        "interestIncome": 0,
        "interestExpense": 12634000,
        "depreciationAndAmortization": 259089000,
        "ebitda": 1284653000,
        "ebitdaratio": 0.3543142168,
        "operatingIncome": 989635000,
        "operatingIncomeRatio": 0.2729466634,
        "totalOtherIncomeExpensesNet": 23295000,
        "incomeBeforeTax": 1012930000,
        "incomeBeforeTaxRatio": 0.2793715498,
        "incomeTaxExpense": 132418000,
        "netIncome": 880512000,
        "netIncomeRatio": 0.2428499522,
        "eps": 1.9,
        "epsdiluted": 1.88,
        "weightedAverageShsOut": 462298000,
        "weightedAverageShsOutDil": 469517000,
        "link": "https://www.sec.gov/Archives/edgar/data/816284/000095012311020640/0000950123-11-020640-index.htm",
        "finalLink": "https://www.sec.gov/Archives/edgar/data/816284/000095012311020640/y89208e10vk.htm"
    },
    {
        "date": "2010-09-30",
        "symbol": "CELG",
        "reportedCurrency": "USD",
        "cik": "0000816284",
        "fillingDate": "2010-11-02",
        "acceptedDate": "2010-11-01 19:39:31",
        "calendarYear": "2010",
        "period": "Q3",
        "revenue": 910111000,
        "costOfRevenue": 63542000,
        "grossProfit": 846569000,
        "grossProfitRatio": 0.9301821426,
        "researchAndDevelopmentExpenses": 253547000,
        "generalAndAdministrativeExpenses": 228281000,
        "sellingAndMarketingExpenses": 0,
        "sellingGeneralAndAdministrativeExpenses": 228281000,
        "otherExpenses": 0,
        "operatingExpenses": 481828000,
        "costAndExpenses": 599405000,
        "interestIncome": 0,
        "interestExpense": 0,
        "depreciationAndAmortization": 13410000,
        "ebitda": 343572000,
        "ebitdaratio": 0.377505601,
        "operatingIncome": 310706000,
        "operatingIncomeRatio": 0.3413935223,
        "totalOtherIncomeExpensesNet": 19456000,
        "incomeBeforeTax": 330162000,
        "incomeBeforeTaxRatio": 0.3627711345,
        "incomeTaxExpense": 49011000,
        "netIncome": 281151000,
        "netIncomeRatio": 0.3089194615,
        "eps": 0.61,
        "epsdiluted": 0.6,
        "weightedAverageShsOut": 462298000,
        "weightedAverageShsOutDil": 469517000,
        "link": "https://www.sec.gov/Archives/edgar/data/816284/000095012310098966/0000950123-10-098966-index.htm",
        "finalLink": "https://www.sec.gov/Archives/edgar/data/816284/000095012310098966/c05798e10vq.htm"
    },
    {
        "date": "2010-06-30",
        "symbol": "CELG",
        "reportedCurrency": "USD",
        "cik": "0000816284",
        "fillingDate": "2010-08-04",
        "acceptedDate": "2010-08-03 21:35:53",
        "calendarYear": "2010",
        "period": "Q2",
        "revenue": 852692000,
        "costOfRevenue": 67993000,
        "grossProfit": 784699000,
        "grossProfitRatio": 0.9202607741,
        "researchAndDevelopmentExpenses": 342761000,
        "generalAndAdministrativeExpenses": 219263000,
        "sellingAndMarketingExpenses": 0,
        "sellingGeneralAndAdministrativeExpenses": 219263000,
        "otherExpenses": 0,
        "operatingExpenses": 562024000,
        "costAndExpenses": 684921000,
        "interestIncome": 0,
        "interestExpense": 0,
        "depreciationAndAmortization": 13519000,
        "ebitda": 185797000,
        "ebitdaratio": 0.2178946208,
        "operatingIncome": 167771000,
        "operatingIncomeRatio": 0.1967545139,
        "totalOtherIncomeExpensesNet": 4507000,
        "incomeBeforeTax": 172278000,
        "incomeBeforeTaxRatio": 0.202040127,
        "incomeTaxExpense": 16926000,
        "netIncome": 155352000,
        "netIncomeRatio": 0.1821900522,
        "eps": 0.34,
        "epsdiluted": 0.33,
        "weightedAverageShsOut": 462298000,
        "weightedAverageShsOutDil": 469517000,
        "link": "https://www.sec.gov/Archives/edgar/data/816284/000095012310072016/0000950123-10-072016-index.htm",
        "finalLink": "https://www.sec.gov/Archives/edgar/data/816284/000095012310072016/c98288e10vq.htm"
    },
    {
        "date": "2010-03-31",
        "symbol": "CELG",
        "reportedCurrency": "USD",
        "cik": "0000816284",
        "fillingDate": "2010-05-03",
        "acceptedDate": "2010-05-03 16:49:30",
        "calendarYear": "2010",
        "period": "Q1",
        "revenue": 791254000,
        "costOfRevenue": 61915000,
        "grossProfit": 729339000,
        "grossProfitRatio": 0.9217507905,
        "researchAndDevelopmentExpenses": 204657000,
        "generalAndAdministrativeExpenses": 207978000,
        "sellingAndMarketingExpenses": 0,
        "sellingGeneralAndAdministrativeExpenses": 207978000,
        "otherExpenses": 0,
        "operatingExpenses": 412635000,
        "costAndExpenses": 521005000,
        "interestIncome": 0,
        "interestExpense": 0,
        "depreciationAndAmortization": 11951000,
        "ebitda": 300310000,
        "ebitdaratio": 0.3795367859,
        "operatingIncome": 270249000,
        "operatingIncomeRatio": 0.3415451928,
        "totalOtherIncomeExpensesNet": 18110000,
        "incomeBeforeTax": 288359000,
        "incomeBeforeTaxRatio": 0.3644329128,
        "incomeTaxExpense": 53917000,
        "netIncome": 234442000,
        "netIncomeRatio": 0.2962917091,
        "eps": 0.51,
        "epsdiluted": 0.5,
        "weightedAverageShsOut": 459304000,
        "weightedAverageShsOutDil": 467354000,
        "link": "https://www.sec.gov/Archives/edgar/data/816284/000095012310042785/0000950123-10-042785-index.htm",
        "finalLink": "https://www.sec.gov/Archives/edgar/data/816284/000095012310042785/c98019e10vq.htm"
    },
    {
        "date": "2009-12-31",
        "symbol": "CELG",
        "reportedCurrency": "USD",
        "cik": "0000816284",
        "fillingDate": "2010-02-18",
        "acceptedDate": "2010-02-18 15:30:35",
        "calendarYear": "2009",
        "period": "Q4",
        "revenue": 761037000,
        "costOfRevenue": 49030000,
        "grossProfit": 712007000,
        "grossProfitRatio": 0.9355747487,
        "researchAndDevelopmentExpenses": 201739000,
        "generalAndAdministrativeExpenses": 211563000,
        "sellingAndMarketingExpenses": 0,
        "sellingGeneralAndAdministrativeExpenses": 211563000,
        "otherExpenses": 0,
        "operatingExpenses": 413302000,
        "costAndExpenses": 462332000,
        "interestIncome": 0,
        "interestExpense": -509000,
        "depreciationAndAmortization": 12011000,
        "ebitda": 316071000,
        "ebitdaratio": 0.4153162067,
        "operatingIncome": 282705000,
        "operatingIncomeRatio": 0.3714733975,
        "totalOtherIncomeExpensesNet": 21864000,
        "incomeBeforeTax": 304569000,
        "incomeBeforeTaxRatio": 0.4002026183,
        "incomeTaxExpense": 50354000,
        "netIncome": 254215000,
        "netIncomeRatio": 0.3340376355,
        "eps": 0.55,
        "epsdiluted": 0.54,
        "weightedAverageShsOut": 459304000,
        "weightedAverageShsOutDil": 467354000,
        "link": "https://www.sec.gov/Archives/edgar/data/816284/000095012310014092/0000950123-10-014092-index.htm",
        "finalLink": "https://www.sec.gov/Archives/edgar/data/816284/000095012310014092/c96467e10vk.htm"
    },
    {
        "date": "2009-09-30",
        "symbol": "CELG",
        "reportedCurrency": "USD",
        "cik": "0000816284",
        "fillingDate": "2009-10-30",
        "acceptedDate": "2009-10-30 16:08:08",
        "calendarYear": "2009",
        "period": "Q3",
        "revenue": 695137000,
        "costOfRevenue": 52058000,
        "grossProfit": 643079000,
        "grossProfitRatio": 0.9251111651,
        "researchAndDevelopmentExpenses": 193362000,
        "generalAndAdministrativeExpenses": 192512000,
        "sellingAndMarketingExpenses": 0,
        "sellingGeneralAndAdministrativeExpenses": 192512000,
        "otherExpenses": 0,
        "operatingExpenses": 385874000,
        "costAndExpenses": 437932000,
        "interestIncome": 0,
        "interestExpense": -466000,
        "depreciationAndAmortization": 10409000,
        "ebitda": 280645000,
        "ebitdaratio": 0.403726172,
        "operatingIncome": 236094000,
        "operatingIncomeRatio": 0.3396366472,
        "totalOtherIncomeExpensesNet": 34608000,
        "incomeBeforeTax": 270702000,
        "incomeBeforeTaxRatio": 0.3894225167,
        "incomeTaxExpense": 53887000,
        "netIncome": 216815000,
        "netIncomeRatio": 0.3119025458,
        "eps": 0.47,
        "epsdiluted": 0.46,
        "weightedAverageShsOut": 459332000,
        "weightedAverageShsOutDil": 467469000,
        "link": "https://www.sec.gov/Archives/edgar/data/816284/000095012309055625/0000950123-09-055625-index.htm",
        "finalLink": "https://www.sec.gov/Archives/edgar/data/816284/000095012309055625/c91609e10vq.htm"
    },
    {
        "date": "2009-06-30",
        "symbol": "CELG",
        "reportedCurrency": "USD",
        "cik": "0000816284",
        "fillingDate": "2009-07-31",
        "acceptedDate": "2009-07-31 16:22:47",
        "calendarYear": "2009",
        "period": "Q2",
        "revenue": 628666000,
        "costOfRevenue": 50902000,
        "grossProfit": 577764000,
        "grossProfitRatio": 0.9190317275,
        "researchAndDevelopmentExpenses": 218499000,
        "generalAndAdministrativeExpenses": 176312000,
        "sellingAndMarketingExpenses": 0,
        "sellingGeneralAndAdministrativeExpenses": 176312000,
        "otherExpenses": 0,
        "operatingExpenses": 394811000,
        "costAndExpenses": 445713000,
        "interestIncome": 0,
        "interestExpense": -527000,
        "depreciationAndAmortization": 9741000,
        "ebitda": 198377000,
        "ebitdaratio": 0.3155522964,
        "operatingIncome": 160286000,
        "operatingIncomeRatio": 0.2549620943,
        "totalOtherIncomeExpensesNet": 28877000,
        "incomeBeforeTax": 189163000,
        "incomeBeforeTaxRatio": 0.3008958652,
        "incomeTaxExpense": 46329000,
        "netIncome": 142834000,
        "netIncomeRatio": 0.2272017256,
        "eps": 0.31,
        "epsdiluted": 0.31,
        "weightedAverageShsOut": 459584000,
        "weightedAverageShsOutDil": 467759000,
        "link": "https://www.sec.gov/Archives/edgar/data/816284/000095012309028388/0000950123-09-028388-index.htm",
        "finalLink": "https://www.sec.gov/Archives/edgar/data/816284/000095012309028388/c88525e10vq.htm"
    },
    {
        "date": "2009-03-31",
        "symbol": "CELG",
        "reportedCurrency": "USD",
        "cik": "0000816284",
        "fillingDate": "2009-05-06",
        "acceptedDate": "2009-05-06 16:10:02",
        "calendarYear": "2009",
        "period": "Q1",
        "revenue": 605053000,
        "costOfRevenue": 64299000,
        "grossProfit": 540754000,
        "grossProfitRatio": 0.8937299708,
        "researchAndDevelopmentExpenses": 181248000,
        "generalAndAdministrativeExpenses": 173440000,
        "sellingAndMarketingExpenses": 0,
        "sellingGeneralAndAdministrativeExpenses": 173440000,
        "otherExpenses": 0,
        "operatingExpenses": 354688000,
        "costAndExpenses": 418987000,
        "interestIncome": 0,
        "interestExpense": -464000,
        "depreciationAndAmortization": 9521000,
        "ebitda": 220326000,
        "ebitdaratio": 0.3641433065,
        "operatingIncome": 162441000,
        "operatingIncomeRatio": 0.2684740015,
        "totalOtherIncomeExpensesNet": 48828000,
        "incomeBeforeTax": 211269000,
        "incomeBeforeTaxRatio": 0.3491743698,
        "incomeTaxExpense": 48386000,
        "netIncome": 162883000,
        "netIncomeRatio": 0.269204516,
        "eps": 0.35,
        "epsdiluted": 0.35,
        "weightedAverageShsOut": 459583000,
        "weightedAverageShsOutDil": 468105000,
        "link": "https://www.sec.gov/Archives/edgar/data/816284/000136231009006621/0001362310-09-006621-index.htm",
        "finalLink": "https://www.sec.gov/Archives/edgar/data/816284/000136231009006621/c84885e10vq.htm"
    },
    {
        "date": "2008-12-31",
        "symbol": "CELG",
        "reportedCurrency": "USD",
        "cik": "0000816284",
        "fillingDate": "2009-02-17",
        "acceptedDate": "2009-02-17 17:24:30",
        "calendarYear": "2008",
        "period": "Q4",
        "revenue": 628254000,
        "costOfRevenue": 67815000,
        "grossProfit": 560439000,
        "grossProfitRatio": 0.8920579893,
        "researchAndDevelopmentExpenses": 468568000,
        "generalAndAdministrativeExpenses": 200202000,
        "sellingAndMarketingExpenses": 0,
        "sellingGeneralAndAdministrativeExpenses": 200202000,
        "otherExpenses": 0,
        "operatingExpenses": 668770000,
        "costAndExpenses": 736585000,
        "interestIncome": 0,
        "interestExpense": -469000,
        "depreciationAndAmortization": 19066000,
        "ebitda": -81975000,
        "ebitdaratio": -0.1304806655,
        "operatingIncome": -134456000,
        "operatingIncomeRatio": -0.2140153505,
        "totalOtherIncomeExpensesNet": 33884000,
        "incomeBeforeTax": -100572000,
        "incomeBeforeTaxRatio": -0.1600817504,
        "incomeTaxExpense": 48690000,
        "netIncome": -149262000,
        "netIncomeRatio": -0.2375822518,
        "eps": -0.34,
        "epsdiluted": -0.34,
        "weightedAverageShsOut": 442620000,
        "weightedAverageShsOutDil": 442620000,
        "link": "https://www.sec.gov/Archives/edgar/data/816284/000136231009002329/0001362310-09-002329-index.htm",
        "finalLink": "https://www.sec.gov/Archives/edgar/data/816284/000136231009002329/c80967e10vk.htm"
    },
    {
        "date": "2008-09-30",
        "symbol": "CELG",
        "reportedCurrency": "USD",
        "cik": "0000816284",
        "fillingDate": "2008-10-29",
        "acceptedDate": "2008-10-29 16:45:58",
        "calendarYear": "2008",
        "period": "Q3",
        "revenue": 592466000,
        "costOfRevenue": 70534000,
        "grossProfit": 521932000,
        "grossProfitRatio": 0.8809484426,
        "researchAndDevelopmentExpenses": 160911000,
        "generalAndAdministrativeExpenses": 168608000,
        "sellingAndMarketingExpenses": 0,
        "sellingGeneralAndAdministrativeExpenses": 168608000,
        "otherExpenses": 0,
        "operatingExpenses": 329519000,
        "costAndExpenses": 400053000,
        "interestIncome": 0,
        "interestExpense": -512000,
        "depreciationAndAmortization": 9848000,
        "ebitda": 188208000,
        "ebitdaratio": 0.317668862,
        "operatingIncome": 159580000,
        "operatingIncomeRatio": 0.2693487896,
        "totalOtherIncomeExpensesNet": 19292000,
        "incomeBeforeTax": 178872000,
        "incomeBeforeTaxRatio": 0.3019109957,
        "incomeTaxExpense": 42058000,
        "netIncome": 136814000,
        "netIncomeRatio": 0.2309229559,
        "eps": 0.31,
        "epsdiluted": 0.31,
        "weightedAverageShsOut": 437206000,
        "weightedAverageShsOutDil": 437206000,
        "link": "https://www.sec.gov/Archives/edgar/data/816284/000136231008006321/0001362310-08-006321-index.htm",
        "finalLink": "https://www.sec.gov/Archives/edgar/data/816284/000136231008006321/c76440e10vq.htm"
    },
    {
        "date": "2008-06-30",
        "symbol": "CELG",
        "reportedCurrency": "USD",
        "cik": "0000816284",
        "fillingDate": "2008-07-31",
        "acceptedDate": "2008-07-30 19:54:52",
        "calendarYear": "2008",
        "period": "Q2",
        "revenue": 571464000,
        "costOfRevenue": 75194000,
        "grossProfit": 496270000,
        "grossProfitRatio": 0.868418658,
        "researchAndDevelopmentExpenses": 144862000,
        "generalAndAdministrativeExpenses": 176286000,
        "sellingAndMarketingExpenses": 0,
        "sellingGeneralAndAdministrativeExpenses": 176286000,
        "otherExpenses": 0,
        "operatingExpenses": 321148000,
        "costAndExpenses": 396342000,
        "interestIncome": 0,
        "interestExpense": -1246000,
        "depreciationAndAmortization": 8125000,
        "ebitda": 165795000,
        "ebitdaratio": 0.2901232624,
        "operatingIncome": 139955000,
        "operatingIncomeRatio": 0.2449060658,
        "totalOtherIncomeExpensesNet": 18961000,
        "incomeBeforeTax": 158916000,
        "incomeBeforeTaxRatio": 0.2780857587,
        "incomeTaxExpense": 39033000,
        "netIncome": 119883000,
        "netIncomeRatio": 0.2097822435,
        "eps": 0.28,
        "epsdiluted": 0.28,
        "weightedAverageShsOut": 427451000,
        "weightedAverageShsOutDil": 427451000,
        "link": "https://www.sec.gov/Archives/edgar/data/816284/000136231008003970/0001362310-08-003970-index.htm",
        "finalLink": "https://www.sec.gov/Archives/edgar/data/816284/000136231008003970/c74144e10vq.htm"
    },
    {
        "date": "2008-03-31",
        "symbol": "CELG",
        "reportedCurrency": "USD",
        "cik": "0000816284",
        "fillingDate": "2008-05-12",
        "acceptedDate": "2008-05-12 16:44:49",
        "calendarYear": "2008",
        "period": "Q1",
        "revenue": 462597000,
        "costOfRevenue": 44724000,
        "grossProfit": 417873000,
        "grossProfitRatio": 0.9033197362,
        "researchAndDevelopmentExpenses": 156877000,
        "generalAndAdministrativeExpenses": 140451000,
        "sellingAndMarketingExpenses": 0,
        "sellingGeneralAndAdministrativeExpenses": 140451000,
        "otherExpenses": 0,
        "operatingExpenses": 297328000,
        "costAndExpenses": 342052000,
        "interestIncome": 0,
        "interestExpense": -2210000,
        "depreciationAndAmortization": 7497000,
        "ebitda": -1600754000,
        "ebitdaratio": -3.4603639885,
        "operatingIncome": -1629297000,
        "operatingIncomeRatio": -3.5220656424,
        "totalOtherIncomeExpensesNet": 23256000,
        "incomeBeforeTax": -1606041000,
        "incomeBeforeTaxRatio": -3.4717929429,
        "incomeTaxExpense": 35047000,
        "netIncome": -1641088000,
        "netIncomeRatio": -3.5475543508,
        "eps": -3.98,
        "epsdiluted": -3.98,
        "weightedAverageShsOut": 412263000,
        "weightedAverageShsOutDil": 412263000,
        "link": "https://www.sec.gov/Archives/edgar/data/816284/000136231008002685/0001362310-08-002685-index.htm",
        "finalLink": "https://www.sec.gov/Archives/edgar/data/816284/000136231008002685/c73357e10vq.htm"
    },
    {
        "date": "2007-12-31",
        "symbol": "CELG",
        "reportedCurrency": "USD",
        "cik": "0000816284",
        "fillingDate": "2008-02-20",
        "acceptedDate": "2008-02-20 06:03:05",
        "calendarYear": "2007",
        "period": "Q4",
        "revenue": 414590000,
        "costOfRevenue": 45404000,
        "grossProfit": 369186000,
        "grossProfitRatio": 0.8904845751,
        "researchAndDevelopmentExpenses": 98536000,
        "generalAndAdministrativeExpenses": 133154000,
        "sellingAndMarketingExpenses": 0,
        "sellingGeneralAndAdministrativeExpenses": 133154000,
        "otherExpenses": 0,
        "operatingExpenses": 231690000,
        "costAndExpenses": 277094000,
        "interestIncome": 0,
        "interestExpense": -3214000,
        "depreciationAndAmortization": 9033000,
        "ebitda": 371676000,
        "ebitdaratio": 0.8964905087,
        "operatingIncome": 137496000,
        "operatingIncomeRatio": 0.3316433103,
        "totalOtherIncomeExpensesNet": 26997000,
        "incomeBeforeTax": 164493000,
        "incomeBeforeTaxRatio": 0.3967606551,
        "incomeTaxExpense": 290536000,
        "netIncome": 75321000,
        "netIncomeRatio": 0.1816758725,
        "eps": 0.2,
        "epsdiluted": 0.17,
        "weightedAverageShsOut": 383225000,
        "weightedAverageShsOutDil": 431858000,
        "link": "https://www.sec.gov/Archives/edgar/data/816284/000095012308001878/0000950123-08-001878-index.htm",
        "finalLink": "https://www.sec.gov/Archives/edgar/data/816284/000095012308001878/y49949e10vk.htm"
    },
    {
        "date": "2007-09-30",
        "symbol": "CELG",
        "reportedCurrency": "USD",
        "cik": "0000816284",
        "fillingDate": "2007-11-02",
        "acceptedDate": "2007-11-02 16:04:47",
        "calendarYear": "2007",
        "period": "Q3",
        "revenue": 349908000,
        "costOfRevenue": 34079000,
        "grossProfit": 315829000,
        "grossProfitRatio": 0.9026058278,
        "researchAndDevelopmentExpenses": 130545000,
        "generalAndAdministrativeExpenses": 97309000,
        "sellingAndMarketingExpenses": 0,
        "sellingGeneralAndAdministrativeExpenses": 97309000,
        "otherExpenses": 0,
        "operatingExpenses": 227854000,
        "costAndExpenses": 261933000,
        "interestIncome": 0,
        "interestExpense": -2614000,
        "depreciationAndAmortization": 7517000,
        "ebitda": -83177000,
        "ebitdaratio": -0.2377110555,
        "operatingIncome": 87975000,
        "operatingIncomeRatio": 0.2514232312,
        "totalOtherIncomeExpensesNet": 25309000,
        "incomeBeforeTax": 113284000,
        "incomeBeforeTaxRatio": 0.3237536724,
        "incomeTaxExpense": -126913000,
        "netIncome": 38833000,
        "netIncomeRatio": 0.1109806006,
        "eps": 0.1,
        "epsdiluted": 0.0901,
        "weightedAverageShsOut": 380841000,
        "weightedAverageShsOutDil": 431208000,
        "link": "https://www.sec.gov/Archives/edgar/data/816284/000136231007002670/0001362310-07-002670-index.htm",
        "finalLink": "https://www.sec.gov/Archives/edgar/data/816284/000136231007002670/c71425e10vq.htm"
    },
    {
        "date": "2007-06-30",
        "symbol": "CELG",
        "reportedCurrency": "USD",
        "cik": "0000816284",
        "fillingDate": "2007-08-06",
        "acceptedDate": "2007-08-06 16:44:31",
        "calendarYear": "2007",
        "period": "Q2",
        "revenue": 347907000,
        "costOfRevenue": 28701000,
        "grossProfit": 319206000,
        "grossProfitRatio": 0.9175038157,
        "researchAndDevelopmentExpenses": 89934000,
        "generalAndAdministrativeExpenses": 113986000,
        "sellingAndMarketingExpenses": 0,
        "sellingGeneralAndAdministrativeExpenses": 113986000,
        "otherExpenses": 0,
        "operatingExpenses": 203920000,
        "costAndExpenses": 232621000,
        "interestIncome": 0,
        "interestExpense": -2611000,
        "depreciationAndAmortization": 8072000,
        "ebitda": 138555000,
        "ebitdaratio": 0.3982529814,
        "operatingIncome": 115286000,
        "operatingIncomeRatio": 0.331370165,
        "totalOtherIncomeExpensesNet": 17808000,
        "incomeBeforeTax": 133094000,
        "incomeBeforeTaxRatio": 0.3825562579,
        "incomeTaxExpense": 78224000,
        "netIncome": 54870000,
        "netIncomeRatio": 0.1577145617,
        "eps": 0.14,
        "epsdiluted": 0.13,
        "weightedAverageShsOut": 379350000,
        "weightedAverageShsOutDil": 430346000,
        "link": "https://www.sec.gov/Archives/edgar/data/816284/000136231007001595/0001362310-07-001595-index.htm",
        "finalLink": "https://www.sec.gov/Archives/edgar/data/816284/000136231007001595/c70910e10vq.htm"
    }
]