[
    {
        "date": "2024-05-31",
        "symbol": "CEM",
        "reportedCurrency": "USD",
        "cik": "0001488775",
        "fillingDate": "2024-05-31",
        "acceptedDate": "2024-05-29 20:00:00",
        "calendarYear": "2024",
        "period": "Q2",
        "revenue": 169461748,
        "costOfRevenue": 3684809,
        "grossProfit": 165776939,
        "grossProfitRatio": 0.9782558067,
        "researchAndDevelopmentExpenses": 0,
        "generalAndAdministrativeExpenses": 0,
        "sellingAndMarketingExpenses": 0,
        "sellingGeneralAndAdministrativeExpenses": 0,
        "otherExpenses": -45690899,
        "operatingExpenses": -45690899,
        "costAndExpenses": 49375711,
        "interestIncome": 0,
        "interestExpense": 0,
        "depreciationAndAmortization": 0,
        "ebitda": 120086040,
        "ebitdaratio": 0.7086321333,
        "operatingIncome": 120086040,
        "operatingIncomeRatio": 0.7086321333,
        "totalOtherIncomeExpensesNet": -6777463,
        "incomeBeforeTax": 113308577,
        "incomeBeforeTaxRatio": 0.6686380752,
        "incomeTaxExpense": 23275051,
        "netIncome": 90033526,
        "netIncomeRatio": 0.5312911442,
        "eps": 6.77,
        "epsdiluted": 6.77,
        "weightedAverageShsOut": 13294195,
        "weightedAverageShsOutDil": 13294195,
        "link": null,
        "finalLink": null
    },
    {
        "date": "2023-11-30",
        "symbol": "CEM",
        "reportedCurrency": "USD",
        "cik": "0001488775",
        "fillingDate": "2023-11-30",
        "acceptedDate": "2023-11-29 19:00:00",
        "calendarYear": "2023",
        "period": "Q4",
        "revenue": 141332284,
        "costOfRevenue": 3963450,
        "grossProfit": 137368834,
        "grossProfitRatio": 0.9719565135,
        "researchAndDevelopmentExpenses": 0,
        "generalAndAdministrativeExpenses": 0,
        "sellingAndMarketingExpenses": 0,
        "sellingGeneralAndAdministrativeExpenses": 0,
        "otherExpenses": 3085148,
        "operatingExpenses": 3085148,
        "costAndExpenses": 7048598,
        "interestIncome": 0,
        "interestExpense": 7535718,
        "depreciationAndAmortization": 49601672,
        "ebitda": 208076380,
        "ebitdaratio": 1.4722494685,
        "operatingIncome": 134283690,
        "operatingIncomeRatio": 0.9501275024,
        "totalOtherIncomeExpensesNet": -7537529,
        "incomeBeforeTax": 126746161,
        "incomeBeforeTaxRatio": 0.8967955333,
        "incomeTaxExpense": 12889445,
        "netIncome": 113856716,
        "netIncomeRatio": 0.8055959529,
        "eps": 8.56,
        "epsdiluted": 8.56,
        "weightedAverageShsOut": 13294195,
        "weightedAverageShsOutDil": 13294195,
        "link": null,
        "finalLink": null
    },
    {
        "date": "2023-05-31",
        "symbol": "CEM",
        "reportedCurrency": "USD",
        "cik": "0001488775",
        "fillingDate": "2023-05-31",
        "acceptedDate": "2023-05-31 00:00:00",
        "calendarYear": "2023",
        "period": "Q2",
        "revenue": 19474778,
        "costOfRevenue": 4344402,
        "grossProfit": 15130376,
        "grossProfitRatio": 0.7769216163,
        "researchAndDevelopmentExpenses": 0,
        "generalAndAdministrativeExpenses": 0,
        "sellingAndMarketingExpenses": 0,
        "sellingGeneralAndAdministrativeExpenses": 0,
        "otherExpenses": -2.5383486784804425,
        "operatingExpenses": 57802618,
        "costAndExpenses": 62147016,
        "interestIncome": 0,
        "interestExpense": 6754220,
        "depreciationAndAmortization": -49433777,
        "ebitda": -42672240,
        "ebitdaratio": -2.1911541174,
        "operatingIncome": -42672240,
        "operatingIncomeRatio": -2.1911541174,
        "totalOtherIncomeExpensesNet": -6761537,
        "incomeBeforeTax": -49433777,
        "incomeBeforeTaxRatio": -2.5383486785,
        "incomeTaxExpense": 3794600,
        "netIncome": -53228377,
        "netIncomeRatio": -2.7331955722,
        "eps": -3.96,
        "epsdiluted": -3.96,
        "weightedAverageShsOut": 13441509,
        "weightedAverageShsOutDil": 13441509,
        "link": null,
        "finalLink": null
    },
    {
        "date": "2022-11-30",
        "symbol": "CEM",
        "reportedCurrency": "USD",
        "cik": "0001488775",
        "fillingDate": "2022-11-30",
        "acceptedDate": "2022-11-29 19:00:00",
        "calendarYear": "2022",
        "period": "Q4",
        "revenue": 24449184,
        "costOfRevenue": 7325669,
        "grossProfit": 17123515,
        "grossProfitRatio": 0.7003716361,
        "researchAndDevelopmentExpenses": 0,
        "generalAndAdministrativeExpenses": 0,
        "sellingAndMarketingExpenses": 0,
        "sellingGeneralAndAdministrativeExpenses": 0,
        "otherExpenses": 0.2813670182203218,
        "operatingExpenses": 5922658,
        "costAndExpenses": 13248330,
        "interestIncome": 0,
        "interestExpense": 4305257,
        "depreciationAndAmortization": 6879194,
        "ebitda": 11200860,
        "ebitdaratio": 0.4581281731,
        "operatingIncome": 11200860,
        "operatingIncomeRatio": 0.4581281731,
        "totalOtherIncomeExpensesNet": -4321666,
        "incomeBeforeTax": 6879194,
        "incomeBeforeTaxRatio": 0.2813670182,
        "incomeTaxExpense": -1544538,
        "netIncome": 8423732,
        "netIncomeRatio": 0.3445404149,
        "eps": 0.63,
        "epsdiluted": 0.63,
        "weightedAverageShsOut": 13455195,
        "weightedAverageShsOutDil": 13455195,
        "link": "",
        "finalLink": ""
    },
    {
        "date": "2022-05-31",
        "symbol": "CEM",
        "reportedCurrency": "USD",
        "cik": "0001488775",
        "fillingDate": "2022-05-31",
        "acceptedDate": "2022-05-30 20:00:00",
        "calendarYear": "2022",
        "period": "Q2",
        "revenue": 28186027,
        "costOfRevenue": 3501192,
        "grossProfit": 24684835,
        "grossProfitRatio": 0.8757827061,
        "researchAndDevelopmentExpenses": 0,
        "generalAndAdministrativeExpenses": 0,
        "sellingAndMarketingExpenses": 0,
        "sellingGeneralAndAdministrativeExpenses": 0,
        "otherExpenses": 153238206,
        "operatingExpenses": -153238206,
        "costAndExpenses": -149737013,
        "interestIncome": 0,
        "interestExpense": 2992664,
        "depreciationAndAmortization": 86065,
        "ebitda": 177923040,
        "ebitdaratio": 6.3124554589,
        "operatingIncome": 177923040,
        "operatingIncomeRatio": 6.3124554589,
        "totalOtherIncomeExpensesNet": -2990768,
        "incomeBeforeTax": 174932272,
        "incomeBeforeTaxRatio": 6.2063472798,
        "incomeTaxExpense": -255097,
        "netIncome": 175187369,
        "netIncomeRatio": 6.2153977572,
        "eps": 13.02,
        "epsdiluted": 13.02,
        "weightedAverageShsOut": 13455195,
        "weightedAverageShsOutDil": 13455195,
        "link": "",
        "finalLink": ""
    },
    {
        "date": "2021-11-30",
        "symbol": "CEM",
        "reportedCurrency": "USD",
        "cik": "0001488775",
        "fillingDate": "2021-11-30",
        "acceptedDate": "2021-11-29 19:00:00",
        "calendarYear": "2021",
        "period": "Q4",
        "revenue": 62954507,
        "costOfRevenue": 3114676,
        "grossProfit": 59839831,
        "grossProfitRatio": 0.9505249719,
        "researchAndDevelopmentExpenses": 0,
        "generalAndAdministrativeExpenses": 0,
        "sellingAndMarketingExpenses": 0,
        "sellingGeneralAndAdministrativeExpenses": 0,
        "otherExpenses": -53502312,
        "operatingExpenses": 53502312,
        "costAndExpenses": 56616988,
        "interestIncome": 0,
        "interestExpense": 2758705,
        "depreciationAndAmortization": 71391,
        "ebitda": 6337520,
        "ebitdaratio": 0.1006682492,
        "operatingIncome": 6337520,
        "operatingIncomeRatio": 0.1006682492,
        "totalOtherIncomeExpensesNet": -2762364,
        "incomeBeforeTax": 3575156,
        "incomeBeforeTaxRatio": 0.0567895163,
        "incomeTaxExpense": -932946,
        "netIncome": 4508102,
        "netIncomeRatio": 0.0716088842,
        "eps": 0.33,
        "epsdiluted": 0.33,
        "weightedAverageShsOut": 13539195,
        "weightedAverageShsOutDil": 13539195,
        "link": "",
        "finalLink": ""
    },
    {
        "date": "2021-05-31",
        "symbol": "CEM",
        "reportedCurrency": "USD",
        "cik": "0001488775",
        "fillingDate": "2021-05-31",
        "acceptedDate": "2021-05-30 20:00:00",
        "calendarYear": "2021",
        "period": "Q2",
        "revenue": -2305538,
        "costOfRevenue": 2554262,
        "grossProfit": -4859800,
        "grossProfitRatio": 2.1078811106,
        "researchAndDevelopmentExpenses": 0,
        "generalAndAdministrativeExpenses": 0,
        "sellingAndMarketingExpenses": 0,
        "sellingGeneralAndAdministrativeExpenses": 0,
        "otherExpenses": 176747130,
        "operatingExpenses": -176747130,
        "costAndExpenses": -174192869,
        "interestIncome": 0,
        "interestExpense": 3009487,
        "depreciationAndAmortization": 55806,
        "ebitda": 171887330,
        "ebitdaratio": -74.554108412,
        "operatingIncome": 171887330,
        "operatingIncomeRatio": -74.554108412,
        "totalOtherIncomeExpensesNet": -3009486,
        "incomeBeforeTax": 168877844,
        "incomeBeforeTaxRatio": -73.2487792437,
        "incomeTaxExpense": -2789799,
        "netIncome": 171667643,
        "netIncomeRatio": -74.4588217587,
        "eps": 12.63,
        "epsdiluted": 12.63,
        "weightedAverageShsOut": 13595347,
        "weightedAverageShsOutDil": 13595347,
        "link": "",
        "finalLink": ""
    },
    {
        "date": "2020-11-30",
        "symbol": "CEM",
        "reportedCurrency": "USD",
        "cik": "0001488775",
        "fillingDate": "2020-11-30",
        "acceptedDate": "2020-11-29 19:00:00",
        "calendarYear": "2020",
        "period": "Q4",
        "revenue": -21053796,
        "costOfRevenue": 2061833,
        "grossProfit": -23115629,
        "grossProfitRatio": 1.0979316509,
        "researchAndDevelopmentExpenses": 0,
        "generalAndAdministrativeExpenses": 0,
        "sellingAndMarketingExpenses": 0,
        "sellingGeneralAndAdministrativeExpenses": 0,
        "otherExpenses": 38667045,
        "operatingExpenses": -38667045,
        "costAndExpenses": -36605209,
        "interestIncome": 0,
        "interestExpense": 3377723,
        "depreciationAndAmortization": 55131,
        "ebitda": 15551420,
        "ebitdaratio": -0.7386515952,
        "operatingIncome": 15551420,
        "operatingIncomeRatio": -0.7386515952,
        "totalOtherIncomeExpensesNet": -3366230,
        "incomeBeforeTax": 12185190,
        "incomeBeforeTaxRatio": -0.5787645135,
        "incomeTaxExpense": 15631846,
        "netIncome": -3446656,
        "netIncomeRatio": 0.1637071054,
        "eps": -0.25,
        "epsdiluted": -0.25,
        "weightedAverageShsOut": 13942046,
        "weightedAverageShsOutDil": 13942046,
        "link": "",
        "finalLink": ""
    },
    {
        "date": "2020-05-31",
        "symbol": "CEM",
        "reportedCurrency": "USD",
        "cik": "0001488775",
        "fillingDate": "2020-05-31",
        "acceptedDate": "2020-05-30 20:00:00",
        "calendarYear": "2020",
        "period": "Q2",
        "revenue": -216143011,
        "costOfRevenue": 4474320,
        "grossProfit": -220617331,
        "grossProfitRatio": 1.0207007387,
        "researchAndDevelopmentExpenses": 0,
        "generalAndAdministrativeExpenses": 273170,
        "sellingAndMarketingExpenses": 1515859,
        "sellingGeneralAndAdministrativeExpenses": 1789029,
        "otherExpenses": -285059628,
        "operatingExpenses": 285059628,
        "costAndExpenses": 301111745,
        "interestIncome": 0,
        "interestExpense": 11577793,
        "depreciationAndAmortization": -932500450,
        "ebitda": -505676960,
        "ebitdaratio": 2.3395480504,
        "operatingIncome": -505676960,
        "operatingIncomeRatio": 2.3395480504,
        "totalOtherIncomeExpensesNet": -11577796,
        "incomeBeforeTax": -517254756,
        "incomeBeforeTaxRatio": 2.3931134928,
        "incomeTaxExpense": -47055342,
        "netIncome": -470199414,
        "netIncomeRatio": 2.1754088269,
        "eps": -33.39,
        "epsdiluted": -33.39,
        "weightedAverageShsOut": 14082992,
        "weightedAverageShsOutDil": 14082992,
        "link": "",
        "finalLink": ""
    },
    {
        "date": "2019-11-30",
        "symbol": "CEM",
        "reportedCurrency": "USD",
        "cik": "0001488775",
        "fillingDate": "2019-11-30",
        "acceptedDate": "2019-11-29 19:00:00",
        "calendarYear": "2019",
        "period": "Q4",
        "revenue": 32536929,
        "costOfRevenue": 6805237,
        "grossProfit": 25731692,
        "grossProfitRatio": 0.7908457495,
        "researchAndDevelopmentExpenses": 0,
        "generalAndAdministrativeExpenses": 230810,
        "sellingAndMarketingExpenses": 1320409,
        "sellingGeneralAndAdministrativeExpenses": 1551219,
        "otherExpenses": -3.258442760272712,
        "operatingExpenses": 122850660,
        "costAndExpenses": -97118970,
        "interestIncome": 0,
        "interestExpense": 8900754,
        "depreciationAndAmortization": -106019724,
        "ebitda": -97118970,
        "ebitdaratio": -2.9848843448,
        "operatingIncome": -79778143,
        "operatingIncomeRatio": -2.4519260253,
        "totalOtherIncomeExpensesNet": -8900754,
        "incomeBeforeTax": -5.6649,
        "incomeBeforeTaxRatio": -1.741e-07,
        "incomeTaxExpense": -5.6649,
        "netIncome": 14082992,
        "netIncomeRatio": 0.4328310149,
        "eps": 1,
        "epsdiluted": 1,
        "weightedAverageShsOut": 14082992,
        "weightedAverageShsOutDil": 14082992,
        "link": "",
        "finalLink": ""
    },
    {
        "date": "2019-05-31",
        "symbol": "CEM",
        "reportedCurrency": "USD",
        "cik": "0001488775",
        "fillingDate": "2019-05-31",
        "acceptedDate": "2019-05-30 20:00:00",
        "calendarYear": "2019",
        "period": "Q2",
        "revenue": 11639580,
        "costOfRevenue": 14984000,
        "grossProfit": -3344420,
        "grossProfitRatio": -0.2873316735,
        "researchAndDevelopmentExpenses": 0,
        "generalAndAdministrativeExpenses": 305120,
        "sellingAndMarketingExpenses": 1292780,
        "sellingGeneralAndAdministrativeExpenses": 1597900,
        "otherExpenses": 0,
        "operatingExpenses": 1597900,
        "costAndExpenses": 16581900,
        "interestIncome": 0,
        "interestExpense": 41192000,
        "depreciationAndAmortization": 82384010,
        "ebitda": 77441690,
        "ebitdaratio": 6.653306219,
        "operatingIncome": -4942320,
        "operatingIncomeRatio": -0.4246132592,
        "totalOtherIncomeExpensesNet": 41192010,
        "incomeBeforeTax": 36249690,
        "incomeBeforeTaxRatio": 3.1143469094,
        "incomeTaxExpense": -1272470,
        "netIncome": 37522160,
        "netIncomeRatio": 3.2236695826,
        "eps": 2.66,
        "epsdiluted": 2.66,
        "weightedAverageShsOut": 14082990,
        "weightedAverageShsOutDil": 14082990,
        "link": "",
        "finalLink": ""
    },
    {
        "date": "2018-11-30",
        "symbol": "CEM",
        "reportedCurrency": "USD",
        "cik": "0001488775",
        "fillingDate": "2018-11-30",
        "acceptedDate": "2018-11-29 19:00:00",
        "calendarYear": "2018",
        "period": "Q4",
        "revenue": 4647130,
        "costOfRevenue": 16659810,
        "grossProfit": -12012680,
        "grossProfitRatio": -2.5849674961,
        "researchAndDevelopmentExpenses": 0,
        "generalAndAdministrativeExpenses": 304920,
        "sellingAndMarketingExpenses": 1300569,
        "sellingGeneralAndAdministrativeExpenses": 1605489,
        "otherExpenses": 0,
        "operatingExpenses": 1605489,
        "costAndExpenses": 18265300,
        "interestIncome": 0,
        "interestExpense": 0,
        "depreciationAndAmortization": -105828260,
        "ebitda": -119446430,
        "ebitdaratio": -25.7032684689,
        "operatingIncome": -13618170,
        "operatingIncomeRatio": -2.9304473944,
        "totalOtherIncomeExpensesNet": -68821023,
        "incomeBeforeTax": -66532300,
        "incomeBeforeTaxRatio": -14.3168579317,
        "incomeTaxExpense": -3811060,
        "netIncome": -62721240,
        "netIncomeRatio": -13.4967689735,
        "eps": -4.45,
        "epsdiluted": -4.45,
        "weightedAverageShsOut": 14082990,
        "weightedAverageShsOutDil": 14082990,
        "link": "",
        "finalLink": ""
    },
    {
        "date": "2018-05-31",
        "symbol": "CEM",
        "reportedCurrency": "USD",
        "cik": "0001488775",
        "fillingDate": "2018-05-31",
        "acceptedDate": "2018-05-30 20:00:00",
        "calendarYear": "2018",
        "period": "Q2",
        "revenue": 9397270,
        "costOfRevenue": 15819670,
        "grossProfit": -6422400,
        "grossProfitRatio": -0.6834325288,
        "researchAndDevelopmentExpenses": 0,
        "generalAndAdministrativeExpenses": 315950,
        "sellingAndMarketingExpenses": 1292349,
        "sellingGeneralAndAdministrativeExpenses": 1608299,
        "otherExpenses": 0,
        "operatingExpenses": 1608299,
        "costAndExpenses": 17427969,
        "interestIncome": 0,
        "interestExpense": 80984890,
        "depreciationAndAmortization": 161969780,
        "ebitda": 153939080,
        "ebitdaratio": 16.3812554072,
        "operatingIncome": -8030700,
        "operatingIncomeRatio": -0.8545779785,
        "totalOtherIncomeExpensesNet": 80984890,
        "incomeBeforeTax": 72954190,
        "incomeBeforeTaxRatio": 7.7633387143,
        "incomeTaxExpense": -37560440,
        "netIncome": 110514630,
        "netIncomeRatio": 11.7602910207,
        "eps": 7.85,
        "epsdiluted": 7.85,
        "weightedAverageShsOut": 14082990,
        "weightedAverageShsOutDil": 14082990,
        "link": "",
        "finalLink": ""
    },
    {
        "date": "2017-11-30",
        "symbol": "CEM",
        "reportedCurrency": "USD",
        "cik": "0001488775",
        "fillingDate": "2017-11-30",
        "acceptedDate": "2017-11-29 19:00:00",
        "calendarYear": "2017",
        "period": "Q4",
        "revenue": 7741080,
        "costOfRevenue": 15861210,
        "grossProfit": -8120130,
        "grossProfitRatio": -1.0489660357,
        "researchAndDevelopmentExpenses": 0,
        "generalAndAdministrativeExpenses": 257560,
        "sellingAndMarketingExpenses": 1269080,
        "sellingGeneralAndAdministrativeExpenses": 1526640,
        "otherExpenses": 0,
        "operatingExpenses": 1526640,
        "costAndExpenses": 17387850,
        "interestIncome": 0,
        "interestExpense": 0,
        "depreciationAndAmortization": -195558080,
        "ebitda": -205204850,
        "ebitdaratio": -26.5085556537,
        "operatingIncome": -9646770,
        "operatingIncomeRatio": -1.2461788278,
        "totalOtherIncomeExpensesNet": -155204834,
        "incomeBeforeTax": -107425820,
        "incomeBeforeTaxRatio": -13.8773685326,
        "incomeTaxExpense": -5185330,
        "netIncome": -102240480,
        "netIncomeRatio": -13.2075214311,
        "eps": -7.26,
        "epsdiluted": -7.26,
        "weightedAverageShsOut": 14083730,
        "weightedAverageShsOutDil": 14083730,
        "link": "",
        "finalLink": ""
    },
    {
        "date": "2017-05-31",
        "symbol": "CEM",
        "reportedCurrency": "USD",
        "cik": "0001488775",
        "fillingDate": "2017-05-31",
        "acceptedDate": "2017-05-30 20:00:00",
        "calendarYear": "2017",
        "period": "Q2",
        "revenue": 5270000,
        "costOfRevenue": 16390000,
        "grossProfit": -11120000,
        "grossProfitRatio": -2.110056926,
        "researchAndDevelopmentExpenses": 0,
        "generalAndAdministrativeExpenses": 360000,
        "sellingAndMarketingExpenses": 1300000,
        "sellingGeneralAndAdministrativeExpenses": 1660000,
        "otherExpenses": 0,
        "operatingExpenses": 1660000,
        "costAndExpenses": 18050000,
        "interestIncome": 0,
        "interestExpense": 33030000,
        "depreciationAndAmortization": 66060000,
        "ebitda": 53280000,
        "ebitdaratio": 10.110056926,
        "operatingIncome": -12780000,
        "operatingIncomeRatio": -2.4250474383,
        "totalOtherIncomeExpensesNet": 33020000,
        "incomeBeforeTax": 20240000,
        "incomeBeforeTaxRatio": 3.8406072106,
        "incomeTaxExpense": -4290000,
        "netIncome": 24540000,
        "netIncomeRatio": 4.6565464896,
        "eps": 0.35,
        "epsdiluted": 0.35,
        "weightedAverageShsOut": 70080000,
        "weightedAverageShsOutDil": 70080000,
        "link": "",
        "finalLink": ""
    },
    {
        "date": "2016-11-30",
        "symbol": "CEM",
        "reportedCurrency": "USD",
        "cik": "0001488775",
        "fillingDate": "2016-11-30",
        "acceptedDate": "2016-11-29 19:00:00",
        "calendarYear": "2016",
        "period": "Q4",
        "revenue": 4110000,
        "costOfRevenue": 16220000,
        "grossProfit": -12110000,
        "grossProfitRatio": -2.9464720195,
        "researchAndDevelopmentExpenses": 0,
        "generalAndAdministrativeExpenses": 1160000,
        "sellingAndMarketingExpenses": 350000,
        "sellingGeneralAndAdministrativeExpenses": 1510000,
        "otherExpenses": 0,
        "operatingExpenses": 1510000,
        "costAndExpenses": 17730000,
        "interestIncome": 0,
        "interestExpense": 89140000,
        "depreciationAndAmortization": 178280000,
        "ebitda": 164670000,
        "ebitdaratio": 40.0656934307,
        "operatingIncome": -13610000,
        "operatingIncomeRatio": -3.3114355231,
        "totalOtherIncomeExpensesNet": 89140000,
        "incomeBeforeTax": 75530000,
        "incomeBeforeTaxRatio": 18.3771289538,
        "incomeTaxExpense": -5070000,
        "netIncome": 80600000,
        "netIncomeRatio": 19.6107055961,
        "eps": 1.15,
        "epsdiluted": 1.15,
        "weightedAverageShsOut": 70080000,
        "weightedAverageShsOutDil": 70080000,
        "link": "",
        "finalLink": ""
    },
    {
        "date": "2016-05-31",
        "symbol": "CEM",
        "reportedCurrency": "USD",
        "cik": "0001488775",
        "fillingDate": "2016-05-31",
        "acceptedDate": "2016-05-30 20:00:00",
        "calendarYear": "2016",
        "period": "Q2",
        "revenue": -5140000,
        "costOfRevenue": 23100000,
        "grossProfit": -28240000,
        "grossProfitRatio": 5.4941634241,
        "researchAndDevelopmentExpenses": 0,
        "generalAndAdministrativeExpenses": 370000,
        "sellingAndMarketingExpenses": 4070000,
        "sellingGeneralAndAdministrativeExpenses": 4440000,
        "otherExpenses": 0,
        "operatingExpenses": 4440000,
        "costAndExpenses": 27540000,
        "interestIncome": 0,
        "interestExpense": -38490000,
        "depreciationAndAmortization": -76980000,
        "ebitda": -109660000,
        "ebitdaratio": 21.3346303502,
        "operatingIncome": -32680000,
        "operatingIncomeRatio": 6.3579766537,
        "totalOtherIncomeExpensesNet": -38490000,
        "incomeBeforeTax": -71170000,
        "incomeBeforeTaxRatio": 13.8463035019,
        "incomeTaxExpense": -8440000,
        "netIncome": -62730000,
        "netIncomeRatio": 12.2042801556,
        "eps": -0.9,
        "epsdiluted": -0.9,
        "weightedAverageShsOut": 70080000,
        "weightedAverageShsOutDil": 70080000,
        "link": "",
        "finalLink": ""
    }
]