[
    {
        "date": "2022-03-31",
        "symbol": "CERN",
        "reportedCurrency": "USD",
        "cik": "0000804753",
        "fillingDate": "2022-05-03",
        "acceptedDate": "2022-05-03 09:07:58",
        "calendarYear": "2022",
        "period": "Q1",
        "revenue": 1429801000,
        "costOfRevenue": 243848000,
        "grossProfit": 1185953000,
        "grossProfitRatio": 0.8294531896,
        "researchAndDevelopmentExpenses": 195091000,
        "generalAndAdministrativeExpenses": 109279000,
        "sellingAndMarketingExpenses": 612997000,
        "sellingGeneralAndAdministrativeExpenses": 722276000,
        "otherExpenses": 16602000,
        "operatingExpenses": 933969000,
        "costAndExpenses": 1177817000,
        "interestIncome": 0,
        "interestExpense": 0,
        "depreciationAndAmortization": 175223000,
        "ebitda": 427233000,
        "ebitdaratio": 0.2988059177,
        "operatingIncome": 252010000,
        "operatingIncomeRatio": 0.1762552971,
        "totalOtherIncomeExpensesNet": 0,
        "incomeBeforeTax": 252010000,
        "incomeBeforeTaxRatio": 0.1762552971,
        "incomeTaxExpense": 45881000,
        "netIncome": 206129000,
        "netIncomeRatio": 0.1441662161,
        "eps": 0.7,
        "epsdiluted": 0.7,
        "weightedAverageShsOut": 296336000,
        "weightedAverageShsOutDil": 296336000,
        "link": "https://www.sec.gov/Archives/edgar/data/804753/000080475322000024/0000804753-22-000024-index.htm",
        "finalLink": "https://www.sec.gov/Archives/edgar/data/804753/000080475322000024/cern-20220331.htm"
    },
    {
        "date": "2021-12-31",
        "symbol": "CERN",
        "reportedCurrency": "USD",
        "cik": "0000804753",
        "fillingDate": "2022-02-22",
        "acceptedDate": "2022-02-22 16:30:20",
        "calendarYear": "2021",
        "period": "Q4",
        "revenue": 1452315000,
        "costOfRevenue": 257925000,
        "grossProfit": 1194390000,
        "grossProfitRatio": 0.8224042305,
        "researchAndDevelopmentExpenses": 199405000,
        "generalAndAdministrativeExpenses": 130600000,
        "sellingAndMarketingExpenses": 631942000,
        "sellingGeneralAndAdministrativeExpenses": 762542000,
        "otherExpenses": 16708000,
        "operatingExpenses": 978655000,
        "costAndExpenses": 1236580000,
        "interestIncome": 0,
        "interestExpense": 0,
        "depreciationAndAmortization": 183038000,
        "ebitda": 395499000,
        "ebitdaratio": 0.272323153,
        "operatingIncome": 212461000,
        "operatingIncomeRatio": 0.146291266,
        "totalOtherIncomeExpensesNet": 0,
        "incomeBeforeTax": 212461000,
        "incomeBeforeTaxRatio": 0.146291266,
        "incomeTaxExpense": 37619000,
        "netIncome": 174842000,
        "netIncomeRatio": 0.1203884832,
        "eps": 0.6,
        "epsdiluted": 0.59,
        "weightedAverageShsOut": 293383000,
        "weightedAverageShsOutDil": 295342000,
        "link": "https://www.sec.gov/Archives/edgar/data/804753/000080475322000009/0000804753-22-000009-index.htm",
        "finalLink": "https://www.sec.gov/Archives/edgar/data/804753/000080475322000009/cern-20211231.htm"
    },
    {
        "date": "2021-09-30",
        "symbol": "CERN",
        "reportedCurrency": "USD",
        "cik": "0000804753",
        "fillingDate": "2021-10-29",
        "acceptedDate": "2021-10-29 16:02:19",
        "calendarYear": "2021",
        "period": "Q3",
        "revenue": 1467976000,
        "costOfRevenue": 251111000,
        "grossProfit": 1216865000,
        "grossProfitRatio": 0.8289406639,
        "researchAndDevelopmentExpenses": 202663000,
        "generalAndAdministrativeExpenses": 121395000,
        "sellingAndMarketingExpenses": 651010000,
        "sellingGeneralAndAdministrativeExpenses": 772405000,
        "otherExpenses": 16874000,
        "operatingExpenses": 991942000,
        "costAndExpenses": 1243053000,
        "interestIncome": 0,
        "interestExpense": 0,
        "depreciationAndAmortization": 181249000,
        "ebitda": 401102000,
        "ebitdaratio": 0.2732347123,
        "operatingIncome": 224923000,
        "operatingIncomeRatio": 0.1532198074,
        "totalOtherIncomeExpensesNet": -5070000,
        "incomeBeforeTax": 219853000,
        "incomeBeforeTaxRatio": 0.1497660725,
        "incomeTaxExpense": 44058000,
        "netIncome": 175795000,
        "netIncomeRatio": 0.1197533202,
        "eps": 0.59,
        "epsdiluted": 0.59,
        "weightedAverageShsOut": 296202000,
        "weightedAverageShsOutDil": 298714000,
        "link": "https://www.sec.gov/Archives/edgar/data/804753/000080475321000052/0000804753-21-000052-index.htm",
        "finalLink": "https://www.sec.gov/Archives/edgar/data/804753/000080475321000052/cern-20210930.htm"
    },
    {
        "date": "2021-06-30",
        "symbol": "CERN",
        "reportedCurrency": "USD",
        "cik": "0000804753",
        "fillingDate": "2021-07-30",
        "acceptedDate": "2021-07-30 16:02:17",
        "calendarYear": "2021",
        "period": "Q2",
        "revenue": 1456755000,
        "costOfRevenue": 261325000,
        "grossProfit": 1195430000,
        "grossProfitRatio": 0.8206115647,
        "researchAndDevelopmentExpenses": 241600000,
        "generalAndAdministrativeExpenses": 156307000,
        "sellingAndMarketingExpenses": 731077000,
        "sellingGeneralAndAdministrativeExpenses": 887384000,
        "otherExpenses": 16886000,
        "operatingExpenses": 1145870000,
        "costAndExpenses": 1407195000,
        "interestIncome": 0,
        "interestExpense": 0,
        "depreciationAndAmortization": 179254000,
        "ebitda": 227136000,
        "ebitdaratio": 0.1559191491,
        "operatingIncome": 49560000,
        "operatingIncomeRatio": 0.0340208202,
        "totalOtherIncomeExpensesNet": -1678000,
        "incomeBeforeTax": 47882000,
        "incomeBeforeTaxRatio": 0.032868945,
        "incomeTaxExpense": 15175000,
        "netIncome": 32707000,
        "netIncomeRatio": 0.0224519566,
        "eps": 0.11,
        "epsdiluted": 0.11,
        "weightedAverageShsOut": 300737000,
        "weightedAverageShsOutDil": 303591000,
        "link": "https://www.sec.gov/Archives/edgar/data/804753/000080475321000043/0000804753-21-000043-index.htm",
        "finalLink": "https://www.sec.gov/Archives/edgar/data/804753/000080475321000043/cern-20210630.htm"
    },
    {
        "date": "2021-03-31",
        "symbol": "CERN",
        "reportedCurrency": "USD",
        "cik": "0000804753",
        "fillingDate": "2021-05-05",
        "acceptedDate": "2021-05-05 16:01:48",
        "calendarYear": "2021",
        "period": "Q1",
        "revenue": 1387778000,
        "costOfRevenue": 230656000,
        "grossProfit": 1157122000,
        "grossProfitRatio": 0.8337947424,
        "researchAndDevelopmentExpenses": 192327000,
        "generalAndAdministrativeExpenses": 112365000,
        "sellingAndMarketingExpenses": 622176000,
        "sellingGeneralAndAdministrativeExpenses": 734541000,
        "otherExpenses": 12196000,
        "operatingExpenses": 939064000,
        "costAndExpenses": 1169720000,
        "interestIncome": 0,
        "interestExpense": 0,
        "depreciationAndAmortization": 175313000,
        "ebitda": 394577000,
        "ebitdaratio": 0.2843228528,
        "operatingIncome": 218058000,
        "operatingIncomeRatio": 0.1571274368,
        "totalOtherIncomeExpensesNet": 1206000,
        "incomeBeforeTax": 219264000,
        "incomeBeforeTaxRatio": 0.1579964519,
        "incomeTaxExpense": 47012000,
        "netIncome": 172252000,
        "netIncomeRatio": 0.1241207167,
        "eps": 0.57,
        "epsdiluted": 0.56,
        "weightedAverageShsOut": 304731000,
        "weightedAverageShsOutDil": 308031000,
        "link": "https://www.sec.gov/Archives/edgar/data/804753/000080475321000026/0000804753-21-000026-index.htm",
        "finalLink": "https://www.sec.gov/Archives/edgar/data/804753/000080475321000026/cern-20210331.htm"
    },
    {
        "date": "2020-12-31",
        "symbol": "CERN",
        "reportedCurrency": "USD",
        "cik": "0000804753",
        "fillingDate": "2021-02-19",
        "acceptedDate": "2021-02-19 16:06:55",
        "calendarYear": "2020",
        "period": "Q4",
        "revenue": 1395025000,
        "costOfRevenue": 234673000,
        "grossProfit": 1160352000,
        "grossProfitRatio": 0.831778642,
        "researchAndDevelopmentExpenses": 197906000,
        "generalAndAdministrativeExpenses": 100586000,
        "sellingAndMarketingExpenses": 675477000,
        "sellingGeneralAndAdministrativeExpenses": 776063000,
        "otherExpenses": 12564000,
        "operatingExpenses": 986533000,
        "costAndExpenses": 1221206000,
        "interestIncome": 0,
        "interestExpense": 0,
        "depreciationAndAmortization": 178436000,
        "ebitda": 354568000,
        "ebitdaratio": 0.2541660544,
        "operatingIncome": 177473000,
        "operatingIncomeRatio": 0.1272185086,
        "totalOtherIncomeExpensesNet": -1341000,
        "incomeBeforeTax": 176132000,
        "incomeBeforeTaxRatio": 0.1262572355,
        "incomeTaxExpense": 34627000,
        "netIncome": 141505000,
        "netIncomeRatio": 0.1014354581,
        "eps": 0.46,
        "epsdiluted": 0.46,
        "weightedAverageShsOut": 306401000,
        "weightedAverageShsOutDil": 309254000,
        "link": "https://www.sec.gov/Archives/edgar/data/804753/000080475321000009/0000804753-21-000009-index.htm",
        "finalLink": "https://www.sec.gov/Archives/edgar/data/804753/000080475321000009/cern-20201231.htm"
    },
    {
        "date": "2020-09-30",
        "symbol": "CERN",
        "reportedCurrency": "USD",
        "cik": "0000804753",
        "fillingDate": "2020-10-29",
        "acceptedDate": "2020-10-29 16:03:55",
        "calendarYear": "2020",
        "period": "Q3",
        "revenue": 1368673000,
        "costOfRevenue": 231889000,
        "grossProfit": 1136784000,
        "grossProfitRatio": 0.8305738478,
        "researchAndDevelopmentExpenses": 186826000,
        "generalAndAdministrativeExpenses": 116816000,
        "sellingAndMarketingExpenses": 625402000,
        "sellingGeneralAndAdministrativeExpenses": 742218000,
        "otherExpenses": 12789000,
        "operatingExpenses": 941833000,
        "costAndExpenses": 1173722000,
        "interestIncome": 0,
        "interestExpense": 0,
        "depreciationAndAmortization": 175046000,
        "ebitda": 634886000,
        "ebitdaratio": 0.4638697483,
        "operatingIncome": 411820000,
        "operatingIncomeRatio": 0.3008899861,
        "totalOtherIncomeExpensesNet": 48020000,
        "incomeBeforeTax": 459840000,
        "incomeBeforeTaxRatio": 0.3359750649,
        "incomeTaxExpense": 103164000,
        "netIncome": 356676000,
        "netIncomeRatio": 0.2605998657,
        "eps": 1.17,
        "epsdiluted": 1.16,
        "weightedAverageShsOut": 305759000,
        "weightedAverageShsOutDil": 308366000,
        "link": "https://www.sec.gov/Archives/edgar/data/804753/000080475320000054/0000804753-20-000054-index.htm",
        "finalLink": "https://www.sec.gov/Archives/edgar/data/804753/000080475320000054/cern-20200930.htm"
    },
    {
        "date": "2020-06-30",
        "symbol": "CERN",
        "reportedCurrency": "USD",
        "cik": "0000804753",
        "fillingDate": "2020-07-30",
        "acceptedDate": "2020-07-30 18:44:06",
        "calendarYear": "2020",
        "period": "Q2",
        "revenue": 1330349000,
        "costOfRevenue": 211963000,
        "grossProfit": 1118386000,
        "grossProfitRatio": 0.8406711322,
        "researchAndDevelopmentExpenses": 178955000,
        "generalAndAdministrativeExpenses": 134332000,
        "sellingAndMarketingExpenses": 645087000,
        "sellingGeneralAndAdministrativeExpenses": 779419000,
        "otherExpenses": 13114000,
        "operatingExpenses": 971488000,
        "costAndExpenses": 1183451000,
        "interestIncome": 0,
        "interestExpense": 0,
        "depreciationAndAmortization": 171295000,
        "ebitda": 342825000,
        "ebitdaratio": 0.257695537,
        "operatingIncome": 146898000,
        "operatingIncomeRatio": 0.110420649,
        "totalOtherIncomeExpensesNet": 24632000,
        "incomeBeforeTax": 171530000,
        "incomeBeforeTaxRatio": 0.1289360912,
        "incomeTaxExpense": 36782000,
        "netIncome": 134748000,
        "netIncomeRatio": 0.1012877072,
        "eps": 0.44,
        "epsdiluted": 0.44,
        "weightedAverageShsOut": 304776000,
        "weightedAverageShsOutDil": 306717000,
        "link": "https://www.sec.gov/Archives/edgar/data/804753/000080475320000045/0000804753-20-000045-index.htm",
        "finalLink": "https://www.sec.gov/Archives/edgar/data/804753/000080475320000045/cern-20200630.htm"
    },
    {
        "date": "2020-03-31",
        "symbol": "CERN",
        "reportedCurrency": "USD",
        "cik": "0000804753",
        "fillingDate": "2020-04-29",
        "acceptedDate": "2020-04-29 16:02:47",
        "calendarYear": "2020",
        "period": "Q1",
        "revenue": 1411741000,
        "costOfRevenue": 254416000,
        "grossProfit": 1157325000,
        "grossProfitRatio": 0.8197856406,
        "researchAndDevelopmentExpenses": 185320000,
        "generalAndAdministrativeExpenses": 139852000,
        "sellingAndMarketingExpenses": 636649000,
        "sellingGeneralAndAdministrativeExpenses": 776501000,
        "otherExpenses": 17128000,
        "operatingExpenses": 978949000,
        "costAndExpenses": 1233365000,
        "interestIncome": 0,
        "interestExpense": 0,
        "depreciationAndAmortization": 172646000,
        "ebitda": 356617000,
        "ebitdaratio": 0.25260795,
        "operatingIncome": 178376000,
        "operatingIncomeRatio": 0.1263517883,
        "totalOtherIncomeExpensesNet": 5595000,
        "incomeBeforeTax": 183971000,
        "incomeBeforeTaxRatio": 0.1303149799,
        "incomeTaxExpense": 36812000,
        "netIncome": 147159000,
        "netIncomeRatio": 0.1042393754,
        "eps": 0.48,
        "epsdiluted": 0.47,
        "weightedAverageShsOut": 309657000,
        "weightedAverageShsOutDil": 312240000,
        "link": "https://www.sec.gov/Archives/edgar/data/804753/000080475320000031/0000804753-20-000031-index.html",
        "finalLink": "https://www.sec.gov/Archives/edgar/data/804753/000080475320000031/cern-20200331.htm"
    },
    {
        "date": "2019-12-28",
        "symbol": "CERN",
        "reportedCurrency": "USD",
        "cik": "0000804753",
        "fillingDate": "2020-02-10",
        "acceptedDate": "2020-02-10 16:03:23",
        "calendarYear": "2019",
        "period": "Q4",
        "revenue": 1442232000,
        "costOfRevenue": 277386000,
        "grossProfit": 1164846000,
        "grossProfitRatio": 0.8076689465,
        "researchAndDevelopmentExpenses": 129824000,
        "generalAndAdministrativeExpenses": 770805000,
        "sellingAndMarketingExpenses": 0,
        "sellingGeneralAndAdministrativeExpenses": 770805000,
        "otherExpenses": 81386000,
        "operatingExpenses": 982015000,
        "costAndExpenses": 1259401000,
        "interestIncome": 0,
        "interestExpense": 14469000,
        "depreciationAndAmortization": 178407000,
        "ebitda": 384577000,
        "ebitdaratio": 0.2666540473,
        "operatingIncome": 182831000,
        "operatingIncomeRatio": 0.1267694795,
        "totalOtherIncomeExpensesNet": 8870000,
        "incomeBeforeTax": 191701000,
        "incomeBeforeTaxRatio": 0.132919669,
        "incomeTaxExpense": 37370000,
        "netIncome": 154331000,
        "netIncomeRatio": 0.1070084425,
        "eps": 0.49,
        "epsdiluted": 0.49,
        "weightedAverageShsOut": 312070000,
        "weightedAverageShsOutDil": 314793000,
        "link": "https://www.sec.gov/Archives/edgar/data/804753/000080475320000007/0000804753-20-000007-index.html",
        "finalLink": "https://www.sec.gov/Archives/edgar/data/804753/000080475320000007/a201910-k.htm"
    },
    {
        "date": "2019-09-28",
        "symbol": "CERN",
        "reportedCurrency": "USD",
        "cik": "0000804753",
        "fillingDate": "2019-10-25",
        "acceptedDate": "2019-10-25 08:13:26",
        "calendarYear": "2019",
        "period": "Q3",
        "revenue": 1429428000,
        "costOfRevenue": 271778000,
        "grossProfit": 1157650000,
        "grossProfitRatio": 0.8098694023,
        "researchAndDevelopmentExpenses": 130740000,
        "generalAndAdministrativeExpenses": 860064000,
        "sellingAndMarketingExpenses": 0,
        "sellingGeneralAndAdministrativeExpenses": 860064000,
        "otherExpenses": 78069000,
        "operatingExpenses": 1068873000,
        "costAndExpenses": 1340651000,
        "interestIncome": 0,
        "interestExpense": 0,
        "depreciationAndAmortization": 173073000,
        "ebitda": 275385000,
        "ebitdaratio": 0.1926539847,
        "operatingIncome": 88777000,
        "operatingIncomeRatio": 0.0621066608,
        "totalOtherIncomeExpensesNet": 13535000,
        "incomeBeforeTax": 102312000,
        "incomeBeforeTaxRatio": 0.0715754833,
        "incomeTaxExpense": 20377000,
        "netIncome": 81935000,
        "netIncomeRatio": 0.0573201308,
        "eps": 0.26,
        "epsdiluted": 0.26,
        "weightedAverageShsOut": 315876000,
        "weightedAverageShsOutDil": 319113000,
        "link": "https://www.sec.gov/Archives/edgar/data/804753/000080475319000062/0000804753-19-000062-index.html",
        "finalLink": "https://www.sec.gov/Archives/edgar/data/804753/000080475319000062/q3201910-q.htm"
    },
    {
        "date": "2019-06-29",
        "symbol": "CERN",
        "reportedCurrency": "USD",
        "cik": "0000804753",
        "fillingDate": "2019-07-25",
        "acceptedDate": "2019-07-25 16:03:06",
        "calendarYear": "2019",
        "period": "Q2",
        "revenue": 1431061000,
        "costOfRevenue": 268673000,
        "grossProfit": 1162388000,
        "grossProfitRatio": 0.8122560813,
        "researchAndDevelopmentExpenses": 125042000,
        "generalAndAdministrativeExpenses": 828683000,
        "sellingAndMarketingExpenses": 0,
        "sellingGeneralAndAdministrativeExpenses": 828683000,
        "otherExpenses": 77546000,
        "operatingExpenses": 1031271000,
        "costAndExpenses": 1299944000,
        "interestIncome": 0,
        "interestExpense": 0,
        "depreciationAndAmortization": 169815000,
        "ebitda": 323938000,
        "ebitdaratio": 0.2263621187,
        "operatingIncome": 131117000,
        "operatingIncomeRatio": 0.0916222299,
        "totalOtherIncomeExpensesNet": 23006000,
        "incomeBeforeTax": 154123000,
        "incomeBeforeTaxRatio": 0.107698414,
        "incomeTaxExpense": 27154000,
        "netIncome": 126969000,
        "netIncomeRatio": 0.0887236812,
        "eps": 0.4,
        "epsdiluted": 0.39,
        "weightedAverageShsOut": 321280000,
        "weightedAverageShsOutDil": 324662000,
        "link": "https://www.sec.gov/Archives/edgar/data/804753/000080475319000043/0000804753-19-000043-index.html",
        "finalLink": "https://www.sec.gov/Archives/edgar/data/804753/000080475319000043/q2201910-q.htm"
    },
    {
        "date": "2019-03-30",
        "symbol": "CERN",
        "reportedCurrency": "USD",
        "cik": "0000804753",
        "fillingDate": "2019-04-26",
        "acceptedDate": "2019-04-26 16:03:24",
        "calendarYear": "2019",
        "period": "Q1",
        "revenue": 1389877000,
        "costOfRevenue": 253204000,
        "grossProfit": 1136673000,
        "grossProfitRatio": 0.8178227282,
        "researchAndDevelopmentExpenses": 124116000,
        "generalAndAdministrativeExpenses": 736383000,
        "sellingAndMarketingExpenses": 0,
        "sellingGeneralAndAdministrativeExpenses": 736383000,
        "otherExpenses": 78230000,
        "operatingExpenses": 938729000,
        "costAndExpenses": 1191933000,
        "interestIncome": 0,
        "interestExpense": 0,
        "depreciationAndAmortization": 166671000,
        "ebitda": 373047000,
        "ebitdaratio": 0.2684028874,
        "operatingIncome": 197944000,
        "operatingIncomeRatio": 0.1424183579,
        "totalOtherIncomeExpensesNet": 8432000,
        "incomeBeforeTax": 206376000,
        "incomeBeforeTaxRatio": 0.1484850818,
        "incomeTaxExpense": 40157000,
        "netIncome": 166219000,
        "netIncomeRatio": 0.119592597,
        "eps": 0.51,
        "epsdiluted": 0.51,
        "weightedAverageShsOut": 324573000,
        "weightedAverageShsOutDil": 327003000,
        "link": "https://www.sec.gov/Archives/edgar/data/804753/000080475319000019/0000804753-19-000019-index.html",
        "finalLink": "https://www.sec.gov/Archives/edgar/data/804753/000080475319000019/q1201910-q.htm"
    },
    {
        "date": "2018-12-29",
        "symbol": "CERN",
        "reportedCurrency": "USD",
        "cik": "0000804753",
        "fillingDate": "2019-02-08",
        "acceptedDate": "2019-02-08 16:51:02",
        "calendarYear": "2018",
        "period": "Q4",
        "revenue": 1365664000,
        "costOfRevenue": 236955000,
        "grossProfit": 1128709000,
        "grossProfitRatio": 0.8264909963,
        "researchAndDevelopmentExpenses": 126814000,
        "generalAndAdministrativeExpenses": 761619000,
        "sellingAndMarketingExpenses": 0,
        "sellingGeneralAndAdministrativeExpenses": 761619000,
        "otherExpenses": 76149000,
        "operatingExpenses": 964582000,
        "costAndExpenses": 1201537000,
        "interestIncome": 0,
        "interestExpense": 7987000,
        "depreciationAndAmortization": 168843000,
        "ebitda": 348619000,
        "ebitdaratio": 0.2552743574,
        "operatingIncome": 164127000,
        "operatingIncomeRatio": 0.1201810987,
        "totalOtherIncomeExpensesNet": 7662000,
        "incomeBeforeTax": 171789000,
        "incomeBeforeTaxRatio": 0.1257915563,
        "incomeTaxExpense": 40469000,
        "netIncome": 131320000,
        "netIncomeRatio": 0.0961583523,
        "eps": 0.4,
        "epsdiluted": 0.4,
        "weightedAverageShsOut": 327956000,
        "weightedAverageShsOutDil": 330824000,
        "link": "https://www.sec.gov/Archives/edgar/data/804753/000080475319000009/0000804753-19-000009-index.html",
        "finalLink": "https://www.sec.gov/Archives/edgar/data/804753/000080475319000009/a201810-k.htm"
    },
    {
        "date": "2018-09-29",
        "symbol": "CERN",
        "reportedCurrency": "USD",
        "cik": "0000804753",
        "fillingDate": "2018-10-26",
        "acceptedDate": "2018-10-26 16:03:28",
        "calendarYear": "2018",
        "period": "Q3",
        "revenue": 1340100000,
        "costOfRevenue": 230300000,
        "grossProfit": 1109800000,
        "grossProfitRatio": 0.8281471532,
        "researchAndDevelopmentExpenses": 118900000,
        "generalAndAdministrativeExpenses": 708700000,
        "sellingAndMarketingExpenses": 35000,
        "sellingGeneralAndAdministrativeExpenses": 708735000,
        "otherExpenses": 74965000,
        "operatingExpenses": 902600000,
        "costAndExpenses": 1132900000,
        "interestIncome": 0,
        "interestExpense": 0,
        "depreciationAndAmortization": 161103000,
        "ebitda": 375203000,
        "ebitdaratio": 0.2799813447,
        "operatingIncome": 207156000,
        "operatingIncomeRatio": 0.1545824938,
        "totalOtherIncomeExpensesNet": 6944000,
        "incomeBeforeTax": 214100000,
        "incomeBeforeTaxRatio": 0.1597641967,
        "incomeTaxExpense": 44700000,
        "netIncome": 169400000,
        "netIncomeRatio": 0.126408477,
        "eps": 0.51,
        "epsdiluted": 0.51,
        "weightedAverageShsOut": 329342000,
        "weightedAverageShsOutDil": 332937000,
        "link": "https://www.sec.gov/Archives/edgar/data/804753/000080475318000039/0000804753-18-000039-index.html",
        "finalLink": "https://www.sec.gov/Archives/edgar/data/804753/000080475318000039/q3201810-q.htm"
    },
    {
        "date": "2018-06-30",
        "symbol": "CERN",
        "reportedCurrency": "USD",
        "cik": "0000804753",
        "fillingDate": "2018-08-03",
        "acceptedDate": "2018-08-03 16:06:19",
        "calendarYear": "2018",
        "period": "Q2",
        "revenue": 1367727000,
        "costOfRevenue": 238783000,
        "grossProfit": 1128944000,
        "grossProfitRatio": 0.8254161832,
        "researchAndDevelopmentExpenses": 168278000,
        "generalAndAdministrativeExpenses": 95464000,
        "sellingAndMarketingExpenses": 635105000,
        "sellingGeneralAndAdministrativeExpenses": 730569000,
        "otherExpenses": 21810000,
        "operatingExpenses": 920657000,
        "costAndExpenses": 1159440000,
        "interestIncome": 0,
        "interestExpense": 0,
        "depreciationAndAmortization": 160053000,
        "ebitda": 374937000,
        "ebitdaratio": 0.2741314604,
        "operatingIncome": 208287000,
        "operatingIncomeRatio": 0.1522869695,
        "totalOtherIncomeExpensesNet": 6597000,
        "incomeBeforeTax": 214884000,
        "incomeBeforeTaxRatio": 0.1571103005,
        "incomeTaxExpense": 45527000,
        "netIncome": 169357000,
        "netIncomeRatio": 0.123823687,
        "eps": 0.51,
        "epsdiluted": 0.51,
        "weightedAverageShsOut": 330206000,
        "weightedAverageShsOutDil": 333562000,
        "link": "https://www.sec.gov/Archives/edgar/data/804753/000080475318000033/0000804753-18-000033-index.html",
        "finalLink": "https://www.sec.gov/Archives/edgar/data/804753/000080475318000033/q2201810-q.htm"
    },
    {
        "date": "2018-03-31",
        "symbol": "CERN",
        "reportedCurrency": "USD",
        "cik": "0000804753",
        "fillingDate": "2018-05-03",
        "acceptedDate": "2018-05-03 07:19:23",
        "calendarYear": "2018",
        "period": "Q1",
        "revenue": 1292861000,
        "costOfRevenue": 231278000,
        "grossProfit": 1061583000,
        "grossProfitRatio": 0.8211114729,
        "researchAndDevelopmentExpenses": 161617000,
        "generalAndAdministrativeExpenses": 92294000,
        "sellingAndMarketingExpenses": 589948000,
        "sellingGeneralAndAdministrativeExpenses": 682242000,
        "otherExpenses": 22509000,
        "operatingExpenses": 866368000,
        "costAndExpenses": 1097646000,
        "interestIncome": 0,
        "interestExpense": 0,
        "depreciationAndAmortization": 152592000,
        "ebitda": 352671000,
        "ebitdaratio": 0.2727833851,
        "operatingIncome": 195215000,
        "operatingIncomeRatio": 0.1509945771,
        "totalOtherIncomeExpensesNet": 4864000,
        "incomeBeforeTax": 200079000,
        "incomeBeforeTaxRatio": 0.1547567759,
        "incomeTaxExpense": 40078000,
        "netIncome": 160001000,
        "netIncomeRatio": 0.1237573103,
        "eps": 0.48,
        "epsdiluted": 0.48,
        "weightedAverageShsOut": 332395000,
        "weightedAverageShsOutDil": 336534000,
        "link": "https://www.sec.gov/Archives/edgar/data/804753/000080475318000018/0000804753-18-000018-index.html",
        "finalLink": "https://www.sec.gov/Archives/edgar/data/804753/000080475318000018/q1201810-q.htm"
    },
    {
        "date": "2017-12-30",
        "symbol": "CERN",
        "reportedCurrency": "USD",
        "cik": "0000804753",
        "fillingDate": "2018-02-12",
        "acceptedDate": "2018-02-12 17:17:03",
        "calendarYear": "2017",
        "period": "Q4",
        "revenue": 1313800000,
        "costOfRevenue": 229100000,
        "grossProfit": 1084700000,
        "grossProfitRatio": 0.825620338,
        "researchAndDevelopmentExpenses": 115600000,
        "generalAndAdministrativeExpenses": 680700000,
        "sellingAndMarketingExpenses": -23000,
        "sellingGeneralAndAdministrativeExpenses": 680677000,
        "otherExpenses": 69323000,
        "operatingExpenses": 865600000,
        "costAndExpenses": 1094700000,
        "interestIncome": 0,
        "interestExpense": 8012000,
        "depreciationAndAmortization": 155482000,
        "ebitda": 531094000,
        "ebitdaratio": 0.4042426549,
        "operatingIncome": 219051000,
        "operatingIncomeRatio": 0.1667308571,
        "totalOtherIncomeExpensesNet": 2649000,
        "incomeBeforeTax": 221700000,
        "incomeBeforeTaxRatio": 0.1687471457,
        "incomeTaxExpense": 30900000,
        "netIncome": 336700000,
        "netIncomeRatio": 0.2562794946,
        "eps": 1.02,
        "epsdiluted": 1,
        "weightedAverageShsOut": 331418000,
        "weightedAverageShsOutDil": 338039000,
        "link": "https://www.sec.gov/Archives/edgar/data/804753/000080475318000006/0000804753-18-000006-index.html",
        "finalLink": "https://www.sec.gov/Archives/edgar/data/804753/000080475318000006/a201710-k.htm"
    },
    {
        "date": "2017-09-30",
        "symbol": "CERN",
        "reportedCurrency": "USD",
        "cik": "0000804753",
        "fillingDate": "2017-10-27",
        "acceptedDate": "2017-10-27 16:02:31",
        "calendarYear": "2017",
        "period": "Q3",
        "revenue": 1276007000,
        "costOfRevenue": 202904000,
        "grossProfit": 1073103000,
        "grossProfitRatio": 0.8409851984,
        "researchAndDevelopmentExpenses": 153834000,
        "generalAndAdministrativeExpenses": 84178000,
        "sellingAndMarketingExpenses": 564621000,
        "sellingGeneralAndAdministrativeExpenses": 648799000,
        "otherExpenses": 22564000,
        "operatingExpenses": 825197000,
        "costAndExpenses": 1028101000,
        "interestIncome": 0,
        "interestExpense": 0,
        "depreciationAndAmortization": 146352000,
        "ebitda": 396767000,
        "ebitdaratio": 0.310944219,
        "operatingIncome": 247906000,
        "operatingIncomeRatio": 0.1942826332,
        "totalOtherIncomeExpensesNet": 2509000,
        "incomeBeforeTax": 250415000,
        "incomeBeforeTaxRatio": 0.1962489234,
        "incomeTaxExpense": 72991000,
        "netIncome": 177424000,
        "netIncomeRatio": 0.1390462592,
        "eps": 0.53,
        "epsdiluted": 0.52,
        "weightedAverageShsOut": 331993000,
        "weightedAverageShsOutDil": 338780000,
        "link": "https://www.sec.gov/Archives/edgar/data/804753/000080475317000039/0000804753-17-000039-index.html",
        "finalLink": "https://www.sec.gov/Archives/edgar/data/804753/000080475317000039/q3201710-q.htm"
    },
    {
        "date": "2017-07-01",
        "symbol": "CERN",
        "reportedCurrency": "USD",
        "cik": "0000804753",
        "fillingDate": "2017-07-28",
        "acceptedDate": "2017-07-28 16:02:18",
        "calendarYear": "2017",
        "period": "Q2",
        "revenue": 1292000000,
        "costOfRevenue": 223100000,
        "grossProfit": 1068900000,
        "grossProfitRatio": 0.8273219814,
        "researchAndDevelopmentExpenses": 101400000,
        "generalAndAdministrativeExpenses": 654000000,
        "sellingAndMarketingExpenses": 20000,
        "sellingGeneralAndAdministrativeExpenses": 654020000,
        "otherExpenses": 64080000,
        "operatingExpenses": 819500000,
        "costAndExpenses": 1042600000,
        "interestIncome": 0,
        "interestExpense": 0,
        "depreciationAndAmortization": 144056000,
        "ebitda": 396156000,
        "ebitdaratio": 0.306622291,
        "operatingIncome": 249388000,
        "operatingIncomeRatio": 0.1930247678,
        "totalOtherIncomeExpensesNet": 2612000,
        "incomeBeforeTax": 252000000,
        "incomeBeforeTaxRatio": 0.1950464396,
        "incomeTaxExpense": 72400000,
        "netIncome": 179700000,
        "netIncomeRatio": 0.1390866873,
        "eps": 0.54,
        "epsdiluted": 0.53,
        "weightedAverageShsOut": 331056000,
        "weightedAverageShsOutDil": 337898000,
        "link": "https://www.sec.gov/Archives/edgar/data/804753/000080475317000029/0000804753-17-000029-index.html",
        "finalLink": "https://www.sec.gov/Archives/edgar/data/804753/000080475317000029/q2201710-q.htm"
    },
    {
        "date": "2017-04-01",
        "symbol": "CERN",
        "reportedCurrency": "USD",
        "cik": "0000804753",
        "fillingDate": "2017-04-28",
        "acceptedDate": "2017-04-28 16:02:26",
        "calendarYear": "2017",
        "period": "Q1",
        "revenue": 1260500000,
        "costOfRevenue": 199000000,
        "grossProfit": 1061500000,
        "grossProfitRatio": 0.8421261404,
        "researchAndDevelopmentExpenses": 105300000,
        "generalAndAdministrativeExpenses": 648600000,
        "sellingAndMarketingExpenses": -8000,
        "sellingGeneralAndAdministrativeExpenses": 648592000,
        "otherExpenses": 63508000,
        "operatingExpenses": 817400000,
        "costAndExpenses": 1016400000,
        "interestIncome": 0,
        "interestExpense": 0,
        "depreciationAndAmortization": 134833000,
        "ebitda": 377833000,
        "ebitdaratio": 0.2997485125,
        "operatingIncome": 244126000,
        "operatingIncomeRatio": 0.1936739389,
        "totalOtherIncomeExpensesNet": -1126000,
        "incomeBeforeTax": 243000000,
        "incomeBeforeTaxRatio": 0.1927806426,
        "incomeTaxExpense": 69800000,
        "netIncome": 173200000,
        "netIncomeRatio": 0.1374057914,
        "eps": 0.52,
        "epsdiluted": 0.52,
        "weightedAverageShsOut": 329973000,
        "weightedAverageShsOutDil": 336190000,
        "link": "https://www.sec.gov/Archives/edgar/data/804753/000080475317000016/0000804753-17-000016-index.html",
        "finalLink": "https://www.sec.gov/Archives/edgar/data/804753/000080475317000016/q1201710-q.htm"
    },
    {
        "date": "2016-12-31",
        "symbol": "CERN",
        "reportedCurrency": "USD",
        "cik": "0000804753",
        "fillingDate": "2017-02-10",
        "acceptedDate": "2017-02-10 16:47:44",
        "calendarYear": "2016",
        "period": "Q4",
        "revenue": 1257819000,
        "costOfRevenue": 214997000,
        "grossProfit": 1042822000,
        "grossProfitRatio": 0.8290715914,
        "researchAndDevelopmentExpenses": 145967000,
        "generalAndAdministrativeExpenses": 125222000,
        "sellingAndMarketingExpenses": 537163000,
        "sellingGeneralAndAdministrativeExpenses": 662385000,
        "otherExpenses": 22442000,
        "operatingExpenses": 830794000,
        "costAndExpenses": 1045791000,
        "interestIncome": 0,
        "interestExpense": 0,
        "depreciationAndAmortization": 132851000,
        "ebitda": 348566000,
        "ebitdaratio": 0.277119363,
        "operatingIncome": 212028000,
        "operatingIncomeRatio": 0.1685679736,
        "totalOtherIncomeExpensesNet": 3687000,
        "incomeBeforeTax": 215715000,
        "incomeBeforeTaxRatio": 0.171499238,
        "incomeTaxExpense": 66024000,
        "netIncome": 149691000,
        "netIncomeRatio": 0.1190083788,
        "eps": 0.45,
        "epsdiluted": 0.44,
        "weightedAverageShsOut": 334931000,
        "weightedAverageShsOutDil": 339890000,
        "link": "https://www.sec.gov/Archives/edgar/data/804753/000080475317000004/0000804753-17-000004-index.html",
        "finalLink": "https://www.sec.gov/Archives/edgar/data/804753/000080475317000004/a201610-k.htm"
    },
    {
        "date": "2016-10-01",
        "symbol": "CERN",
        "reportedCurrency": "USD",
        "cik": "0000804753",
        "fillingDate": "2016-11-02",
        "acceptedDate": "2016-11-02 16:02:33",
        "calendarYear": "2016",
        "period": "Q3",
        "revenue": 1184600000,
        "costOfRevenue": 183000000,
        "grossProfit": 1001600000,
        "grossProfitRatio": 0.8455174743,
        "researchAndDevelopmentExpenses": 101200000,
        "generalAndAdministrativeExpenses": 599700000,
        "sellingAndMarketingExpenses": 42000,
        "sellingGeneralAndAdministrativeExpenses": 599742000,
        "otherExpenses": 58358000,
        "operatingExpenses": 759300000,
        "costAndExpenses": 942300000,
        "interestIncome": 0,
        "interestExpense": 0,
        "depreciationAndAmortization": 127289000,
        "ebitda": 369089000,
        "ebitdaratio": 0.3115726828,
        "operatingIncome": 242225000,
        "operatingIncomeRatio": 0.2044783049,
        "totalOtherIncomeExpensesNet": -425000,
        "incomeBeforeTax": 241800000,
        "incomeBeforeTaxRatio": 0.204119534,
        "incomeTaxExpense": 71800000,
        "netIncome": 170000000,
        "netIncomeRatio": 0.1435083573,
        "eps": 0.5,
        "epsdiluted": 0.49,
        "weightedAverageShsOut": 338684000,
        "weightedAverageShsOutDil": 344817000,
        "link": "https://www.sec.gov/Archives/edgar/data/804753/000080475316000092/0000804753-16-000092-index.html",
        "finalLink": "https://www.sec.gov/Archives/edgar/data/804753/000080475316000092/q3201610-q.htm"
    },
    {
        "date": "2016-07-02",
        "symbol": "CERN",
        "reportedCurrency": "USD",
        "cik": "0000804753",
        "fillingDate": "2016-08-03",
        "acceptedDate": "2016-08-03 16:02:50",
        "calendarYear": "2016",
        "period": "Q2",
        "revenue": 1216000000,
        "costOfRevenue": 205600000,
        "grossProfit": 1010400000,
        "grossProfitRatio": 0.8309210526,
        "researchAndDevelopmentExpenses": 100900000,
        "generalAndAdministrativeExpenses": 610300000,
        "sellingAndMarketingExpenses": -8000,
        "sellingGeneralAndAdministrativeExpenses": 610292000,
        "otherExpenses": 57908000,
        "operatingExpenses": 769100000,
        "costAndExpenses": 974700000,
        "interestIncome": 0,
        "interestExpense": 0,
        "depreciationAndAmortization": 124970000,
        "ebitda": 368770000,
        "ebitdaratio": 0.3032648026,
        "operatingIncome": 241312000,
        "operatingIncomeRatio": 0.1984473684,
        "totalOtherIncomeExpensesNet": 2488000,
        "incomeBeforeTax": 243800000,
        "incomeBeforeTaxRatio": 0.2004934211,
        "incomeTaxExpense": 77300000,
        "netIncome": 166500000,
        "netIncomeRatio": 0.1369243421,
        "eps": 0.49,
        "epsdiluted": 0.48,
        "weightedAverageShsOut": 337759000,
        "weightedAverageShsOutDil": 344026000,
        "link": "https://www.sec.gov/Archives/edgar/data/804753/000080475316000086/0000804753-16-000086-index.htm",
        "finalLink": "https://www.sec.gov/Archives/edgar/data/804753/000080475316000086/q2201610-q.htm"
    },
    {
        "date": "2016-04-02",
        "symbol": "CERN",
        "reportedCurrency": "USD",
        "cik": "0000804753",
        "fillingDate": "2016-05-06",
        "acceptedDate": "2016-05-06 16:02:36",
        "calendarYear": "2016",
        "period": "Q1",
        "revenue": 1138100000,
        "costOfRevenue": 175600000,
        "grossProfit": 962500000,
        "grossProfitRatio": 0.8457077585,
        "researchAndDevelopmentExpenses": 100900000,
        "generalAndAdministrativeExpenses": 592000000,
        "sellingAndMarketingExpenses": -39000,
        "sellingGeneralAndAdministrativeExpenses": 591961000,
        "otherExpenses": 54239000,
        "operatingExpenses": 747100000,
        "costAndExpenses": 922700000,
        "interestIncome": 0,
        "interestExpense": 0,
        "depreciationAndAmortization": 119126000,
        "ebitda": 336326000,
        "ebitdaratio": 0.2955153326,
        "operatingIncome": 215448000,
        "operatingIncomeRatio": 0.189304982,
        "totalOtherIncomeExpensesNet": 1652000,
        "incomeBeforeTax": 217100000,
        "incomeBeforeTaxRatio": 0.190756524,
        "incomeTaxExpense": 66800000,
        "netIncome": 150400000,
        "netIncomeRatio": 0.1321500747,
        "eps": 0.44,
        "epsdiluted": 0.43,
        "weightedAverageShsOut": 339518000,
        "weightedAverageShsOutDil": 345900000,
        "link": "https://www.sec.gov/Archives/edgar/data/804753/000080475316000074/0000804753-16-000074-index.html",
        "finalLink": "https://www.sec.gov/Archives/edgar/data/804753/000080475316000074/q1201610-q.htm"
    },
    {
        "date": "2016-01-02",
        "symbol": "CERN",
        "reportedCurrency": "USD",
        "cik": "0000804753",
        "fillingDate": "2016-02-17",
        "acceptedDate": "2016-02-17 16:03:22",
        "calendarYear": "2015",
        "period": "Q4",
        "revenue": 1175300000,
        "costOfRevenue": 199200000,
        "grossProfit": 976100000,
        "grossProfitRatio": 0.8305113588,
        "researchAndDevelopmentExpenses": 110500000,
        "generalAndAdministrativeExpenses": 583500000,
        "sellingAndMarketingExpenses": -35000,
        "sellingGeneralAndAdministrativeExpenses": 583465000,
        "otherExpenses": 55035000,
        "operatingExpenses": 749000000,
        "costAndExpenses": 948200000,
        "interestIncome": 0,
        "interestExpense": 11820000,
        "depreciationAndAmortization": 123150000,
        "ebitda": 362870000,
        "ebitdaratio": 0.308746703,
        "operatingIncome": 227134000,
        "operatingIncomeRatio": 0.1932561899,
        "totalOtherIncomeExpensesNet": 766000,
        "incomeBeforeTax": 227900000,
        "incomeBeforeTaxRatio": 0.1939079384,
        "incomeTaxExpense": 61800000,
        "netIncome": 166100000,
        "netIncomeRatio": 0.141325619,
        "eps": 0.49,
        "epsdiluted": 0.48,
        "weightedAverageShsOut": 340852000,
        "weightedAverageShsOutDil": 347892000,
        "link": "https://www.sec.gov/Archives/edgar/data/804753/000080475316000061/0000804753-16-000061-index.html",
        "finalLink": "https://www.sec.gov/Archives/edgar/data/804753/000080475316000061/a201510-k.htm"
    },
    {
        "date": "2015-10-03",
        "symbol": "CERN",
        "reportedCurrency": "USD",
        "cik": "0000804753",
        "fillingDate": "2015-11-04",
        "acceptedDate": "2015-11-04 17:03:45",
        "calendarYear": "2015",
        "period": "Q3",
        "revenue": 1127900000,
        "costOfRevenue": 190600000,
        "grossProfit": 937300000,
        "grossProfitRatio": 0.8310133877,
        "researchAndDevelopmentExpenses": 103100000,
        "generalAndAdministrativeExpenses": 564600000,
        "sellingAndMarketingExpenses": -14000,
        "sellingGeneralAndAdministrativeExpenses": 564586000,
        "otherExpenses": 54214000,
        "operatingExpenses": 721900000,
        "costAndExpenses": 912500000,
        "interestIncome": 0,
        "interestExpense": 0,
        "depreciationAndAmortization": 115562000,
        "ebitda": 331262000,
        "ebitdaratio": 0.2936980229,
        "operatingIncome": 215354000,
        "operatingIncomeRatio": 0.1909335934,
        "totalOtherIncomeExpensesNet": 346000,
        "incomeBeforeTax": 215700000,
        "incomeBeforeTaxRatio": 0.1912403582,
        "incomeTaxExpense": 68400000,
        "netIncome": 147300000,
        "netIncomeRatio": 0.1305966841,
        "eps": 0.43,
        "epsdiluted": 0.42,
        "weightedAverageShsOut": 344040000,
        "weightedAverageShsOutDil": 351364000,
        "link": "https://www.sec.gov/Archives/edgar/data/804753/000080475315000050/0000804753-15-000050-index.html",
        "finalLink": "https://www.sec.gov/Archives/edgar/data/804753/000080475315000050/q3201510-q.htm"
    },
    {
        "date": "2015-07-04",
        "symbol": "CERN",
        "reportedCurrency": "USD",
        "cik": "0000804753",
        "fillingDate": "2015-08-05",
        "acceptedDate": "2015-08-05 16:01:39",
        "calendarYear": "2015",
        "period": "Q2",
        "revenue": 1126000000,
        "costOfRevenue": 192300000,
        "grossProfit": 933700000,
        "grossProfitRatio": 0.8292184725,
        "researchAndDevelopmentExpenses": 108800000,
        "generalAndAdministrativeExpenses": 599000000,
        "sellingAndMarketingExpenses": -20000,
        "sellingGeneralAndAdministrativeExpenses": 598980000,
        "otherExpenses": 54220000,
        "operatingExpenses": 762000000,
        "costAndExpenses": 954300000,
        "interestIncome": 0,
        "interestExpense": 0,
        "depreciationAndAmortization": 113068000,
        "ebitda": 283668000,
        "ebitdaratio": 0.2519253996,
        "operatingIncome": 171736000,
        "operatingIncomeRatio": 0.1525186501,
        "totalOtherIncomeExpensesNet": -1036000,
        "incomeBeforeTax": 170700000,
        "incomeBeforeTaxRatio": 0.151598579,
        "incomeTaxExpense": 55600000,
        "netIncome": 115000000,
        "netIncomeRatio": 0.1021314387,
        "eps": 0.33,
        "epsdiluted": 0.33,
        "weightedAverageShsOut": 344431000,
        "weightedAverageShsOutDil": 352450000,
        "link": "https://www.sec.gov/Archives/edgar/data/804753/000080475315000036/0000804753-15-000036-index.html",
        "finalLink": "https://www.sec.gov/Archives/edgar/data/804753/000080475315000036/q2201510-q.htm"
    },
    {
        "date": "2015-04-04",
        "symbol": "CERN",
        "reportedCurrency": "USD",
        "cik": "0000804753",
        "fillingDate": "2015-05-08",
        "acceptedDate": "2015-05-08 16:01:42",
        "calendarYear": "2015",
        "period": "Q1",
        "revenue": 996100000,
        "costOfRevenue": 168700000,
        "grossProfit": 827400000,
        "grossProfitRatio": 0.830639494,
        "researchAndDevelopmentExpenses": 98200000,
        "generalAndAdministrativeExpenses": 533200000,
        "sellingAndMarketingExpenses": 46000,
        "sellingGeneralAndAdministrativeExpenses": 533246000,
        "otherExpenses": 29054000,
        "operatingExpenses": 660500000,
        "costAndExpenses": 829200000,
        "interestIncome": 0,
        "interestExpense": 0,
        "depreciationAndAmortization": 100445000,
        "ebitda": 267545000,
        "ebitdaratio": 0.2685925108,
        "operatingIncome": 166912000,
        "operatingIncomeRatio": 0.1675655055,
        "totalOtherIncomeExpensesNet": 188000,
        "incomeBeforeTax": 167100000,
        "incomeBeforeTaxRatio": 0.1677542415,
        "incomeTaxExpense": 56200000,
        "netIncome": 110900000,
        "netIncomeRatio": 0.1113342034,
        "eps": 0.32,
        "epsdiluted": 0.32,
        "weightedAverageShsOut": 343216000,
        "weightedAverageShsOutDil": 351659000,
        "link": "https://www.sec.gov/Archives/edgar/data/804753/000080475315000024/0000804753-15-000024-index.html",
        "finalLink": "https://www.sec.gov/Archives/edgar/data/804753/000080475315000024/q1201510-q.htm"
    },
    {
        "date": "2015-01-03",
        "symbol": "CERN",
        "reportedCurrency": "USD",
        "cik": "0000804753",
        "fillingDate": "2015-02-11",
        "acceptedDate": "2015-02-11 16:02:16",
        "calendarYear": "2014",
        "period": "Q4",
        "revenue": 926000000,
        "costOfRevenue": 172800000,
        "grossProfit": 753200000,
        "grossProfitRatio": 0.8133909287,
        "researchAndDevelopmentExpenses": 78900000,
        "generalAndAdministrativeExpenses": 451100000,
        "sellingAndMarketingExpenses": -10115000,
        "sellingGeneralAndAdministrativeExpenses": 440985000,
        "otherExpenses": 28015000,
        "operatingExpenses": 547900000,
        "costAndExpenses": 720700000,
        "interestIncome": 0,
        "interestExpense": 3993000,
        "depreciationAndAmortization": 85141000,
        "ebitda": 297634000,
        "ebitdaratio": 0.3214190065,
        "operatingIncome": 205294000,
        "operatingIncomeRatio": 0.221699784,
        "totalOtherIncomeExpensesNet": 3206000,
        "incomeBeforeTax": 208500000,
        "incomeBeforeTaxRatio": 0.225161987,
        "incomeTaxExpense": 60600000,
        "netIncome": 147900000,
        "netIncomeRatio": 0.1597192225,
        "eps": 0.43,
        "epsdiluted": 0.42,
        "weightedAverageShsOut": 341862000,
        "weightedAverageShsOutDil": 350197000,
        "link": "https://www.sec.gov/Archives/edgar/data/804753/000080475315000009/0000804753-15-000009-index.htm",
        "finalLink": "https://www.sec.gov/Archives/edgar/data/804753/000080475315000009/a201410-k.htm"
    },
    {
        "date": "2014-09-27",
        "symbol": "CERN",
        "reportedCurrency": "USD",
        "cik": "0000804753",
        "fillingDate": "2014-10-24",
        "acceptedDate": "2014-10-24 16:03:06",
        "calendarYear": "2014",
        "period": "Q3",
        "revenue": 840100000,
        "costOfRevenue": 140100000,
        "grossProfit": 700000000,
        "grossProfitRatio": 0.8332341388,
        "researchAndDevelopmentExpenses": 71700000,
        "generalAndAdministrativeExpenses": 411300000,
        "sellingAndMarketingExpenses": 3604000,
        "sellingGeneralAndAdministrativeExpenses": 414904000,
        "otherExpenses": 25296000,
        "operatingExpenses": 511900000,
        "costAndExpenses": 652000000,
        "interestIncome": 0,
        "interestExpense": 0,
        "depreciationAndAmortization": 75406000,
        "ebitda": 265706000,
        "ebitdaratio": 0.3162790144,
        "operatingIncome": 188154000,
        "operatingIncomeRatio": 0.2239661945,
        "totalOtherIncomeExpensesNet": 2146000,
        "incomeBeforeTax": 190300000,
        "incomeBeforeTaxRatio": 0.2265206523,
        "incomeTaxExpense": 61300000,
        "netIncome": 129000000,
        "netIncomeRatio": 0.1535531484,
        "eps": 0.38,
        "epsdiluted": 0.37,
        "weightedAverageShsOut": 341188000,
        "weightedAverageShsOutDil": 349326000,
        "link": "https://www.sec.gov/Archives/edgar/data/804753/000080475314000041/0000804753-14-000041-index.html",
        "finalLink": "https://www.sec.gov/Archives/edgar/data/804753/000080475314000041/q3201410-q.htm"
    },
    {
        "date": "2014-06-28",
        "symbol": "CERN",
        "reportedCurrency": "USD",
        "cik": "0000804753",
        "fillingDate": "2014-07-25",
        "acceptedDate": "2014-07-25 16:27:11",
        "calendarYear": "2014",
        "period": "Q2",
        "revenue": 851800000,
        "costOfRevenue": 162400000,
        "grossProfit": 689400000,
        "grossProfitRatio": 0.8093449166,
        "researchAndDevelopmentExpenses": 72400000,
        "generalAndAdministrativeExpenses": 397200000,
        "sellingAndMarketingExpenses": 3234000,
        "sellingGeneralAndAdministrativeExpenses": 400434000,
        "otherExpenses": 24866000,
        "operatingExpenses": 497700000,
        "costAndExpenses": 660100000,
        "interestIncome": 0,
        "interestExpense": 0,
        "depreciationAndAmortization": 71712000,
        "ebitda": 266012000,
        "ebitdaratio": 0.3122939657,
        "operatingIncome": 191633000,
        "operatingIncomeRatio": 0.2249741723,
        "totalOtherIncomeExpensesNet": 2767000,
        "incomeBeforeTax": 194400000,
        "incomeBeforeTaxRatio": 0.2282225875,
        "incomeTaxExpense": 65300000,
        "netIncome": 129000000,
        "netIncomeRatio": 0.1514440009,
        "eps": 0.38,
        "epsdiluted": 0.37,
        "weightedAverageShsOut": 341788000,
        "weightedAverageShsOutDil": 349794000,
        "link": "https://www.sec.gov/Archives/edgar/data/804753/000080475314000033/0000804753-14-000033-index.html",
        "finalLink": "https://www.sec.gov/Archives/edgar/data/804753/000080475314000033/q2201410-q.htm"
    },
    {
        "date": "2014-03-29",
        "symbol": "CERN",
        "reportedCurrency": "USD",
        "cik": "0000804753",
        "fillingDate": "2014-04-25",
        "acceptedDate": "2014-04-25 16:04:49",
        "calendarYear": "2014",
        "period": "Q1",
        "revenue": 784800000,
        "costOfRevenue": 129100000,
        "grossProfit": 655700000,
        "grossProfitRatio": 0.8354994903,
        "researchAndDevelopmentExpenses": 66400000,
        "generalAndAdministrativeExpenses": 386100000,
        "sellingAndMarketingExpenses": 14000,
        "sellingGeneralAndAdministrativeExpenses": 386114000,
        "otherExpenses": 25186000,
        "operatingExpenses": 477700000,
        "costAndExpenses": 606800000,
        "interestIncome": 0,
        "interestExpense": 0,
        "depreciationAndAmortization": 70094000,
        "ebitda": 251094000,
        "ebitdaratio": 0.3199464832,
        "operatingIncome": 178003000,
        "operatingIncomeRatio": 0.2268132008,
        "totalOtherIncomeExpensesNet": 2997000,
        "incomeBeforeTax": 181000000,
        "incomeBeforeTaxRatio": 0.2306320082,
        "incomeTaxExpense": 61500000,
        "netIncome": 119500000,
        "netIncomeRatio": 0.1522680938,
        "eps": 0.35,
        "epsdiluted": 0.34,
        "weightedAverageShsOut": 343701000,
        "weightedAverageShsOutDil": 352230000,
        "link": "https://www.sec.gov/Archives/edgar/data/804753/000080475314000017/0000804753-14-000017-index.html",
        "finalLink": "https://www.sec.gov/Archives/edgar/data/804753/000080475314000017/q1201410-q.htm"
    },
    {
        "date": "2013-12-28",
        "symbol": "CERN",
        "reportedCurrency": "USD",
        "cik": "0000804753",
        "fillingDate": "2014-02-05",
        "acceptedDate": "2014-02-05 16:05:13",
        "calendarYear": "2013",
        "period": "Q4",
        "revenue": 795300000,
        "costOfRevenue": 142100000,
        "grossProfit": 653200000,
        "grossProfitRatio": 0.8213252861,
        "researchAndDevelopmentExpenses": 67100000,
        "generalAndAdministrativeExpenses": 477000000,
        "sellingAndMarketingExpenses": 20000,
        "sellingGeneralAndAdministrativeExpenses": 477020000,
        "otherExpenses": 25380000,
        "operatingExpenses": 569500000,
        "costAndExpenses": 711600000,
        "interestIncome": 0,
        "interestExpense": 4226000,
        "depreciationAndAmortization": 74078000,
        "ebitda": 164804000,
        "ebitdaratio": 0.2072224318,
        "operatingIncome": 83749000,
        "operatingIncomeRatio": 0.1053049164,
        "totalOtherIncomeExpensesNet": 2751000,
        "incomeBeforeTax": 86500000,
        "incomeBeforeTaxRatio": 0.1087639884,
        "incomeTaxExpense": 26400000,
        "netIncome": 60100000,
        "netIncomeRatio": 0.0755689677,
        "eps": 0.17,
        "epsdiluted": 0.17,
        "weightedAverageShsOut": 343501000,
        "weightedAverageShsOutDil": 352131000,
        "link": "https://www.sec.gov/Archives/edgar/data/804753/000080475314000006/0000804753-14-000006-index.htm",
        "finalLink": "https://www.sec.gov/Archives/edgar/data/804753/000080475314000006/a201310-k.htm"
    },
    {
        "date": "2013-09-28",
        "symbol": "CERN",
        "reportedCurrency": "USD",
        "cik": "0000804753",
        "fillingDate": "2013-10-25",
        "acceptedDate": "2013-10-25 16:07:36",
        "calendarYear": "2013",
        "period": "Q3",
        "revenue": 727800000,
        "costOfRevenue": 119600000,
        "grossProfit": 608200000,
        "grossProfitRatio": 0.8356691399,
        "researchAndDevelopmentExpenses": 58900000,
        "generalAndAdministrativeExpenses": 356000000,
        "sellingAndMarketingExpenses": 17000,
        "sellingGeneralAndAdministrativeExpenses": 356017000,
        "otherExpenses": 24083000,
        "operatingExpenses": 439000000,
        "costAndExpenses": 558600000,
        "interestIncome": 0,
        "interestExpense": 0,
        "depreciationAndAmortization": 67228000,
        "ebitda": 239928000,
        "ebitdaratio": 0.3296619951,
        "operatingIncome": 169238000,
        "operatingIncomeRatio": 0.2325336631,
        "totalOtherIncomeExpensesNet": 3462000,
        "incomeBeforeTax": 172700000,
        "incomeBeforeTaxRatio": 0.2372904644,
        "incomeTaxExpense": 57400000,
        "netIncome": 115300000,
        "netIncomeRatio": 0.1584226436,
        "eps": 0.34,
        "epsdiluted": 0.33,
        "weightedAverageShsOut": 342992000,
        "weightedAverageShsOutDil": 351449000,
        "link": "https://www.sec.gov/Archives/edgar/data/804753/000080475313000045/0000804753-13-000045-index.html",
        "finalLink": "https://www.sec.gov/Archives/edgar/data/804753/000080475313000045/q3201310-q.htm"
    },
    {
        "date": "2013-06-29",
        "symbol": "CERN",
        "reportedCurrency": "USD",
        "cik": "0000804753",
        "fillingDate": "2013-07-26",
        "acceptedDate": "2013-07-26 16:04:42",
        "calendarYear": "2013",
        "period": "Q2",
        "revenue": 707600000,
        "costOfRevenue": 125800000,
        "grossProfit": 581800000,
        "grossProfitRatio": 0.8222159412,
        "researchAndDevelopmentExpenses": 82300000,
        "generalAndAdministrativeExpenses": 333000000,
        "sellingAndMarketingExpenses": 23000,
        "sellingGeneralAndAdministrativeExpenses": 333023000,
        "otherExpenses": -23000,
        "operatingExpenses": 415300000,
        "costAndExpenses": 541100000,
        "interestIncome": 0,
        "interestExpense": 2800000,
        "depreciationAndAmortization": 62891000,
        "ebitda": 234891000,
        "ebitdaratio": 0.3319544941,
        "operatingIncome": 166456000,
        "operatingIncomeRatio": 0.2352402487,
        "totalOtherIncomeExpensesNet": 2744000,
        "incomeBeforeTax": 169200000,
        "incomeBeforeTaxRatio": 0.2391181458,
        "incomeTaxExpense": 56300000,
        "netIncome": 112900000,
        "netIncomeRatio": 0.15955342,
        "eps": 0.33,
        "epsdiluted": 0.32,
        "weightedAverageShsOut": 343800000,
        "weightedAverageShsOutDil": 352485000,
        "link": "https://www.sec.gov/Archives/edgar/data/804753/000080475313000037/0000804753-13-000037-index.html",
        "finalLink": "https://www.sec.gov/Archives/edgar/data/804753/000080475313000037/q2201310-q.htm"
    },
    {
        "date": "2013-03-30",
        "symbol": "CERN",
        "reportedCurrency": "USD",
        "cik": "0000804753",
        "fillingDate": "2013-04-26",
        "acceptedDate": "2013-04-26 16:04:21",
        "calendarYear": "2013",
        "period": "Q1",
        "revenue": 680000000,
        "costOfRevenue": 127200000,
        "grossProfit": 552800000,
        "grossProfitRatio": 0.8129411765,
        "researchAndDevelopmentExpenses": 59000000,
        "generalAndAdministrativeExpenses": 315200000,
        "sellingAndMarketingExpenses": -32000,
        "sellingGeneralAndAdministrativeExpenses": 315168000,
        "otherExpenses": 22132000,
        "operatingExpenses": 396300000,
        "costAndExpenses": 523500000,
        "interestIncome": 0,
        "interestExpense": 0,
        "depreciationAndAmortization": 59341000,
        "ebitda": 218941000,
        "ebitdaratio": 0.3219720588,
        "operatingIncome": 156569000,
        "operatingIncomeRatio": 0.2302485294,
        "totalOtherIncomeExpensesNet": 3031000,
        "incomeBeforeTax": 159600000,
        "incomeBeforeTaxRatio": 0.2347058824,
        "incomeTaxExpense": 49600000,
        "netIncome": 110000000,
        "netIncomeRatio": 0.1617647059,
        "eps": 0.32,
        "epsdiluted": 0.31,
        "weightedAverageShsOut": 344064000,
        "weightedAverageShsOutDil": 352826000,
        "link": "https://www.sec.gov/Archives/edgar/data/804753/000080475313000021/0000804753-13-000021-index.html",
        "finalLink": "https://www.sec.gov/Archives/edgar/data/804753/000080475313000021/q1201310-q.htm"
    },
    {
        "date": "2012-12-29",
        "symbol": "CERN",
        "reportedCurrency": "USD",
        "cik": "0000804753",
        "fillingDate": "2013-02-08",
        "acceptedDate": "2013-02-08 16:05:05",
        "calendarYear": "2012",
        "period": "Q4",
        "revenue": 710400000,
        "costOfRevenue": 153100000,
        "grossProfit": 557300000,
        "grossProfitRatio": 0.7844876126,
        "researchAndDevelopmentExpenses": 57200000,
        "generalAndAdministrativeExpenses": 318200000,
        "sellingAndMarketingExpenses": 5000,
        "sellingGeneralAndAdministrativeExpenses": 318205000,
        "otherExpenses": 21395000,
        "operatingExpenses": 396800000,
        "costAndExpenses": 549900000,
        "interestIncome": 3843000,
        "interestExpense": 5068000,
        "depreciationAndAmortization": 60244000,
        "ebitda": 233012000,
        "ebitdaratio": 0.3280011261,
        "operatingIncome": 160444000,
        "operatingIncomeRatio": 0.2258502252,
        "totalOtherIncomeExpensesNet": 7256000,
        "incomeBeforeTax": 167700000,
        "incomeBeforeTaxRatio": 0.2360641892,
        "incomeTaxExpense": 55900000,
        "netIncome": 111800000,
        "netIncomeRatio": 0.1573761261,
        "eps": 0.33,
        "epsdiluted": 0.32,
        "weightedAverageShsOut": 343488000,
        "weightedAverageShsOutDil": 352360000,
        "link": "https://www.sec.gov/Archives/edgar/data/804753/000080475313000004/0000804753-13-000004-index.html",
        "finalLink": "https://www.sec.gov/Archives/edgar/data/804753/000080475313000004/a201210-k.htm"
    },
    {
        "date": "2012-09-29",
        "symbol": "CERN",
        "reportedCurrency": "USD",
        "cik": "0000804753",
        "fillingDate": "2012-10-26",
        "acceptedDate": "2012-10-26 16:04:38",
        "calendarYear": "2012",
        "period": "Q3",
        "revenue": 676500000,
        "costOfRevenue": 149600000,
        "grossProfit": 526900000,
        "grossProfitRatio": 0.7788617886,
        "researchAndDevelopmentExpenses": 57200000,
        "generalAndAdministrativeExpenses": 301100000,
        "sellingAndMarketingExpenses": 14000,
        "sellingGeneralAndAdministrativeExpenses": 301114000,
        "otherExpenses": 20886000,
        "operatingExpenses": 379200000,
        "costAndExpenses": 528800000,
        "interestIncome": 4400000,
        "interestExpense": 0,
        "depreciationAndAmortization": 56121000,
        "ebitda": 207221000,
        "ebitdaratio": 0.3063133777,
        "operatingIncome": 147696000,
        "operatingIncomeRatio": 0.2183237251,
        "totalOtherIncomeExpensesNet": 3304000,
        "incomeBeforeTax": 151000000,
        "incomeBeforeTaxRatio": 0.2232076866,
        "incomeTaxExpense": 52200000,
        "netIncome": 98900000,
        "netIncomeRatio": 0.1461936438,
        "eps": 0.29,
        "epsdiluted": 0.28,
        "weightedAverageShsOut": 342502000,
        "weightedAverageShsOutDil": 351740000,
        "link": "https://www.sec.gov/Archives/edgar/data/804753/000080475312000011/0000804753-12-000011-index.html",
        "finalLink": "https://www.sec.gov/Archives/edgar/data/804753/000080475312000011/q3201210-q.htm"
    },
    {
        "date": "2012-06-30",
        "symbol": "CERN",
        "reportedCurrency": "USD",
        "cik": "0000804753",
        "fillingDate": "2012-07-27",
        "acceptedDate": "2012-07-27 16:09:22",
        "calendarYear": "2012",
        "period": "Q2",
        "revenue": 637358000,
        "costOfRevenue": 147500000,
        "grossProfit": 489858000,
        "grossProfitRatio": 0.7685759024,
        "researchAndDevelopmentExpenses": 73507000,
        "generalAndAdministrativeExpenses": 38393000,
        "sellingAndMarketingExpenses": 241875000,
        "sellingGeneralAndAdministrativeExpenses": 280268000,
        "otherExpenses": 0,
        "operatingExpenses": 353775000,
        "costAndExpenses": 501275000,
        "interestIncome": 0,
        "interestExpense": 0,
        "depreciationAndAmortization": 53426000,
        "ebitda": 192323000,
        "ebitdaratio": 0.3017503507,
        "operatingIncome": 136083000,
        "operatingIncomeRatio": 0.213511088,
        "totalOtherIncomeExpensesNet": 2814000,
        "incomeBeforeTax": 138897000,
        "incomeBeforeTaxRatio": 0.217926189,
        "incomeTaxExpense": 41068000,
        "netIncome": 97829000,
        "netIncomeRatio": 0.1534914444,
        "eps": 0.29,
        "epsdiluted": 0.28,
        "weightedAverageShsOut": 341426000,
        "weightedAverageShsOutDil": 351268000,
        "link": "https://www.sec.gov/Archives/edgar/data/804753/000080475312000007/0000804753-12-000007-index.html",
        "finalLink": "https://www.sec.gov/Archives/edgar/data/804753/000080475312000007/cern-2012630x10q.htm"
    },
    {
        "date": "2012-03-31",
        "symbol": "CERN",
        "reportedCurrency": "USD",
        "cik": "0000804753",
        "fillingDate": "2012-04-27",
        "acceptedDate": "2012-04-27 16:01:36",
        "calendarYear": "2012",
        "period": "Q1",
        "revenue": 641212000,
        "costOfRevenue": 158008000,
        "grossProfit": 483204000,
        "grossProfitRatio": 0.7535791595,
        "researchAndDevelopmentExpenses": 71145000,
        "generalAndAdministrativeExpenses": 39546000,
        "sellingAndMarketingExpenses": 245074000,
        "sellingGeneralAndAdministrativeExpenses": 284620000,
        "otherExpenses": 0,
        "operatingExpenses": 355765000,
        "costAndExpenses": 513773000,
        "interestIncome": 4119000,
        "interestExpense": 1500000,
        "depreciationAndAmortization": 52789000,
        "ebitda": 184352000,
        "ebitdaratio": 0.2875055364,
        "operatingIncome": 127439000,
        "operatingIncomeRatio": 0.1987470603,
        "totalOtherIncomeExpensesNet": 2624000,
        "incomeBeforeTax": 130063000,
        "incomeBeforeTaxRatio": 0.2028393106,
        "incomeTaxExpense": 41355000,
        "netIncome": 88708000,
        "netIncomeRatio": 0.1383442606,
        "eps": 0.26,
        "epsdiluted": 0.25,
        "weightedAverageShsOut": 339936000,
        "weightedAverageShsOutDil": 350054000,
        "link": "https://www.sec.gov/Archives/edgar/data/804753/000119312512063585/0001193125-12-063585-index.htm",
        "finalLink": "https://www.sec.gov/Archives/edgar/data/804753/000119312512063585/d267045d10k.htm"
    },
    {
        "date": "2011-12-31",
        "symbol": "CERN",
        "reportedCurrency": "USD",
        "cik": "0000804753",
        "fillingDate": "2012-02-15",
        "acceptedDate": "2012-02-15 17:10:03",
        "calendarYear": "2011",
        "period": "Q4",
        "revenue": 615626000,
        "costOfRevenue": 132046000,
        "grossProfit": 483580000,
        "grossProfitRatio": 0.7855093839,
        "researchAndDevelopmentExpenses": 73323000,
        "generalAndAdministrativeExpenses": 34299000,
        "sellingAndMarketingExpenses": 238224000,
        "sellingGeneralAndAdministrativeExpenses": 272523000,
        "otherExpenses": 0,
        "operatingExpenses": 345846000,
        "costAndExpenses": 477892000,
        "interestIncome": 3691000,
        "interestExpense": 1441000,
        "depreciationAndAmortization": 55715000,
        "ebitda": 197120000,
        "ebitdaratio": 0.3201944037,
        "operatingIncome": 137734000,
        "operatingIncomeRatio": 0.2237299919,
        "totalOtherIncomeExpensesNet": 2230000,
        "incomeBeforeTax": 139964000,
        "incomeBeforeTaxRatio": 0.2273523211,
        "incomeTaxExpense": 48772000,
        "netIncome": 91192000,
        "netIncomeRatio": 0.1481288964,
        "eps": 0.27,
        "epsdiluted": 0.26,
        "weightedAverageShsOut": 338944000,
        "weightedAverageShsOutDil": 348976000,
        "link": "https://www.sec.gov/Archives/edgar/data/804753/000119312512063585/0001193125-12-063585-index.html",
        "finalLink": "https://www.sec.gov/Archives/edgar/data/804753/000119312512063585/d267045d10k.htm"
    },
    {
        "date": "2011-10-01",
        "symbol": "CERN",
        "reportedCurrency": "USD",
        "cik": "0000804753",
        "fillingDate": "2011-10-28",
        "acceptedDate": "2011-10-28 16:03:54",
        "calendarYear": "2011",
        "period": "Q3",
        "revenue": 571600000,
        "costOfRevenue": 120500000,
        "grossProfit": 451100000,
        "grossProfitRatio": 0.7891882435,
        "researchAndDevelopmentExpenses": 51600000,
        "generalAndAdministrativeExpenses": 258200000,
        "sellingAndMarketingExpenses": 40000,
        "sellingGeneralAndAdministrativeExpenses": 258240000,
        "otherExpenses": 20860000,
        "operatingExpenses": 330700000,
        "costAndExpenses": 451200000,
        "interestIncome": 4100000,
        "interestExpense": 2800000,
        "depreciationAndAmortization": 54171000,
        "ebitda": 180071000,
        "ebitdaratio": 0.3150297411,
        "operatingIncome": 120392000,
        "operatingIncomeRatio": 0.2106228132,
        "totalOtherIncomeExpensesNet": 2808000,
        "incomeBeforeTax": 123200000,
        "incomeBeforeTaxRatio": 0.2155353394,
        "incomeTaxExpense": 44300000,
        "netIncome": 78800000,
        "netIncomeRatio": 0.1378586424,
        "eps": 0.23,
        "epsdiluted": 0.23,
        "weightedAverageShsOut": 338280000,
        "weightedAverageShsOutDil": 348566000,
        "link": "https://www.sec.gov/Archives/edgar/data/804753/000119312511286181/0001193125-11-286181-index.html",
        "finalLink": "https://www.sec.gov/Archives/edgar/data/804753/000119312511286181/d225422d10q.htm"
    },
    {
        "date": "2011-07-02",
        "symbol": "CERN",
        "reportedCurrency": "USD",
        "cik": "0000804753",
        "fillingDate": "2011-08-01",
        "acceptedDate": "2011-08-01 16:24:30",
        "calendarYear": "2011",
        "period": "Q2",
        "revenue": 524200000,
        "costOfRevenue": 98500000,
        "grossProfit": 425700000,
        "grossProfitRatio": 0.8120946204,
        "researchAndDevelopmentExpenses": 49900000,
        "generalAndAdministrativeExpenses": 248000000,
        "sellingAndMarketingExpenses": -22000,
        "sellingGeneralAndAdministrativeExpenses": 247978000,
        "otherExpenses": 19922000,
        "operatingExpenses": 317800000,
        "costAndExpenses": 416300000,
        "interestIncome": 3949000,
        "interestExpense": 2900000,
        "depreciationAndAmortization": 52530000,
        "ebitda": 166230000,
        "ebitdaratio": 0.3171117894,
        "operatingIncome": 107973000,
        "operatingIncomeRatio": 0.2059767264,
        "totalOtherIncomeExpensesNet": 2927000,
        "incomeBeforeTax": 110900000,
        "incomeBeforeTaxRatio": 0.2115604731,
        "incomeTaxExpense": 38800000,
        "netIncome": 72000000,
        "netIncomeRatio": 0.1373521557,
        "eps": 0.21,
        "epsdiluted": 0.21,
        "weightedAverageShsOut": 336598000,
        "weightedAverageShsOutDil": 347182000,
        "link": "https://www.sec.gov/Archives/edgar/data/804753/000095012311071072/0000950123-11-071072-index.html",
        "finalLink": "https://www.sec.gov/Archives/edgar/data/804753/000095012311071072/c65170e10vq.htm"
    },
    {
        "date": "2011-04-02",
        "symbol": "CERN",
        "reportedCurrency": "USD",
        "cik": "0000804753",
        "fillingDate": "2011-04-29",
        "acceptedDate": "2011-04-29 16:18:56",
        "calendarYear": "2011",
        "period": "Q1",
        "revenue": 491700000,
        "costOfRevenue": 90700000,
        "grossProfit": 401000000,
        "grossProfitRatio": 0.8155379296,
        "researchAndDevelopmentExpenses": 52100000,
        "generalAndAdministrativeExpenses": 236100000,
        "sellingAndMarketingExpenses": 41000,
        "sellingGeneralAndAdministrativeExpenses": 236141000,
        "otherExpenses": 19059000,
        "operatingExpenses": 307300000,
        "costAndExpenses": 398000000,
        "interestIncome": 3478000,
        "interestExpense": 2000000,
        "depreciationAndAmortization": 50140000,
        "ebitda": 147940000,
        "ebitdaratio": 0.300874517,
        "operatingIncome": 93699000,
        "operatingIncomeRatio": 0.1905613179,
        "totalOtherIncomeExpensesNet": 2001000,
        "incomeBeforeTax": 95700000,
        "incomeBeforeTaxRatio": 0.1946308725,
        "incomeTaxExpense": 31200000,
        "netIncome": 64600000,
        "netIncomeRatio": 0.1313809233,
        "eps": 0.19,
        "epsdiluted": 0.19,
        "weightedAverageShsOut": 334220000,
        "weightedAverageShsOutDil": 345304000,
        "link": "https://www.sec.gov/Archives/edgar/data/804753/000095012311042049/0000950123-11-042049-index.html",
        "finalLink": "https://www.sec.gov/Archives/edgar/data/804753/000095012311042049/c64012e10vq.htm"
    },
    {
        "date": "2011-01-01",
        "symbol": "CERN",
        "reportedCurrency": "USD",
        "cik": "0000804753",
        "fillingDate": "2011-02-16",
        "acceptedDate": "2011-02-16 17:16:58",
        "calendarYear": "2010",
        "period": "Q4",
        "revenue": 500200000,
        "costOfRevenue": 94900000,
        "grossProfit": 405300000,
        "grossProfitRatio": 0.8102758896,
        "researchAndDevelopmentExpenses": 51800000,
        "generalAndAdministrativeExpenses": 231100000,
        "sellingAndMarketingExpenses": 28000,
        "sellingGeneralAndAdministrativeExpenses": 231128000,
        "otherExpenses": 19072000,
        "operatingExpenses": 302000000,
        "costAndExpenses": 396900000,
        "interestIncome": 0,
        "interestExpense": 1100000,
        "depreciationAndAmortization": 52466000,
        "ebitda": 158066000,
        "ebitdaratio": 0.3160055978,
        "operatingIncome": 103333000,
        "operatingIncomeRatio": 0.2065833667,
        "totalOtherIncomeExpensesNet": 1167000,
        "incomeBeforeTax": 104500000,
        "incomeBeforeTaxRatio": 0.2089164334,
        "incomeTaxExpense": 33900000,
        "netIncome": 70600000,
        "netIncomeRatio": 0.1411435426,
        "eps": 0.21,
        "epsdiluted": 0.21,
        "weightedAverageShsOut": 343400000,
        "weightedAverageShsOutDil": 343400000,
        "link": "https://www.sec.gov/Archives/edgar/data/804753/000095012311014774/0000950123-11-014774-index.htm",
        "finalLink": "https://www.sec.gov/Archives/edgar/data/804753/000095012311014774/c62126e10vk.htm"
    },
    {
        "date": "2010-10-02",
        "symbol": "CERN",
        "reportedCurrency": "USD",
        "cik": "0000804753",
        "fillingDate": "2010-10-29",
        "acceptedDate": "2010-10-29 16:01:46",
        "calendarYear": "2010",
        "period": "Q3",
        "revenue": 462700000,
        "costOfRevenue": 79100000,
        "grossProfit": 383600000,
        "grossProfitRatio": 0.8290468986,
        "researchAndDevelopmentExpenses": 49500000,
        "generalAndAdministrativeExpenses": 222300000,
        "sellingAndMarketingExpenses": -14000,
        "sellingGeneralAndAdministrativeExpenses": 222286000,
        "otherExpenses": 17814000,
        "operatingExpenses": 289600000,
        "costAndExpenses": 368700000,
        "interestIncome": 1766000,
        "interestExpense": 100000,
        "depreciationAndAmortization": 49420000,
        "ebitda": 143620000,
        "ebitdaratio": 0.3103955046,
        "operatingIncome": 93992000,
        "operatingIncomeRatio": 0.2031381024,
        "totalOtherIncomeExpensesNet": 108000,
        "incomeBeforeTax": 94100000,
        "incomeBeforeTaxRatio": 0.203371515,
        "incomeTaxExpense": 33200000,
        "netIncome": 60900000,
        "netIncomeRatio": 0.1316187595,
        "eps": 0.18,
        "epsdiluted": 0.18,
        "weightedAverageShsOut": 330188000,
        "weightedAverageShsOutDil": 341440000,
        "link": "https://www.sec.gov/Archives/edgar/data/804753/000095012310098142/0000950123-10-098142-index.html",
        "finalLink": "https://www.sec.gov/Archives/edgar/data/804753/000095012310098142/c60360e10vq.htm"
    },
    {
        "date": "2010-07-03",
        "symbol": "CERN",
        "reportedCurrency": "USD",
        "cik": "0000804753",
        "fillingDate": "2010-07-30",
        "acceptedDate": "2010-07-30 16:39:52",
        "calendarYear": "2010",
        "period": "Q2",
        "revenue": 456000000,
        "costOfRevenue": 78200000,
        "grossProfit": 377800000,
        "grossProfitRatio": 0.8285087719,
        "researchAndDevelopmentExpenses": 51600000,
        "generalAndAdministrativeExpenses": 223500000,
        "sellingAndMarketingExpenses": -50000,
        "sellingGeneralAndAdministrativeExpenses": 223450000,
        "otherExpenses": 16350000,
        "operatingExpenses": 291400000,
        "costAndExpenses": 369600000,
        "interestIncome": 2147000,
        "interestExpense": 400000,
        "depreciationAndAmortization": 46647000,
        "ebitda": 133347000,
        "ebitdaratio": 0.2924276316,
        "operatingIncome": 86352000,
        "operatingIncomeRatio": 0.1893684211,
        "totalOtherIncomeExpensesNet": -52000,
        "incomeBeforeTax": 86300000,
        "incomeBeforeTaxRatio": 0.189254386,
        "incomeTaxExpense": 30800000,
        "netIncome": 55500000,
        "netIncomeRatio": 0.1217105263,
        "eps": 0.17,
        "epsdiluted": 0.16,
        "weightedAverageShsOut": 329336000,
        "weightedAverageShsOutDil": 341344000,
        "link": "https://www.sec.gov/Archives/edgar/data/804753/000095012310070540/0000950123-10-070540-index.html",
        "finalLink": "https://www.sec.gov/Archives/edgar/data/804753/000095012310070540/c58968e10vq.htm"
    },
    {
        "date": "2010-04-03",
        "symbol": "CERN",
        "reportedCurrency": "USD",
        "cik": "0000804753",
        "fillingDate": "2010-04-30",
        "acceptedDate": "2010-04-30 16:53:21",
        "calendarYear": "2010",
        "period": "Q1",
        "revenue": 431300000,
        "costOfRevenue": 68100000,
        "grossProfit": 363200000,
        "grossProfitRatio": 0.8421052632,
        "researchAndDevelopmentExpenses": 50900000,
        "generalAndAdministrativeExpenses": 220800000,
        "sellingAndMarketingExpenses": 18000,
        "sellingGeneralAndAdministrativeExpenses": 220818000,
        "otherExpenses": 15882000,
        "operatingExpenses": 287600000,
        "costAndExpenses": 355700000,
        "interestIncome": 3657000,
        "interestExpense": -1783000,
        "depreciationAndAmortization": 44804000,
        "ebitda": 120421000,
        "ebitdaratio": 0.2792047299,
        "operatingIncome": 75656000,
        "operatingIncomeRatio": 0.1754138651,
        "totalOtherIncomeExpensesNet": 1744000,
        "incomeBeforeTax": 77400000,
        "incomeBeforeTaxRatio": 0.1794574542,
        "incomeTaxExpense": 27100000,
        "netIncome": 50300000,
        "netIncomeRatio": 0.1166241595,
        "eps": 0.15,
        "epsdiluted": 0.15,
        "weightedAverageShsOut": 327828000,
        "weightedAverageShsOutDil": 340420000,
        "link": "https://www.sec.gov/Archives/edgar/data/804753/000095012310041993/0000950123-10-041993-index.html",
        "finalLink": "https://www.sec.gov/Archives/edgar/data/804753/000095012310041993/c57785e10vq.htm"
    },
    {
        "date": "2010-01-02",
        "symbol": "CERN",
        "reportedCurrency": "USD",
        "cik": "0000804753",
        "fillingDate": "2010-02-22",
        "acceptedDate": "2010-02-22 17:16:58",
        "calendarYear": "2009",
        "period": "Q4",
        "revenue": 466300000,
        "costOfRevenue": 79300000,
        "grossProfit": 387000000,
        "grossProfitRatio": 0.8299378083,
        "researchAndDevelopmentExpenses": 74500000,
        "generalAndAdministrativeExpenses": 219400000,
        "sellingAndMarketingExpenses": -11000,
        "sellingGeneralAndAdministrativeExpenses": 219389000,
        "otherExpenses": 11000,
        "operatingExpenses": 293900000,
        "costAndExpenses": 373200000,
        "interestIncome": 0,
        "interestExpense": -595000,
        "depreciationAndAmortization": 51983000,
        "ebitda": 145088000,
        "ebitdaratio": 0.31114733,
        "operatingIncome": 93160000,
        "operatingIncomeRatio": 0.1997855458,
        "totalOtherIncomeExpensesNet": 540000,
        "incomeBeforeTax": 93700000,
        "incomeBeforeTaxRatio": 0.2009435985,
        "incomeTaxExpense": 33200000,
        "netIncome": 60500000,
        "netIncomeRatio": 0.1297447995,
        "eps": 0.18,
        "epsdiluted": 0.18,
        "weightedAverageShsOut": 339300000,
        "weightedAverageShsOutDil": 339300000,
        "link": "https://www.sec.gov/Archives/edgar/data/804753/000095012310015243/0000950123-10-015243-index.html",
        "finalLink": "https://www.sec.gov/Archives/edgar/data/804753/000095012310015243/c56132e10vk.htm"
    },
    {
        "date": "2009-10-03",
        "symbol": "CERN",
        "reportedCurrency": "USD",
        "cik": "0000804753",
        "fillingDate": "2009-11-04",
        "acceptedDate": "2009-11-04 16:11:25",
        "calendarYear": "2009",
        "period": "Q3",
        "revenue": 409400000,
        "costOfRevenue": 69500000,
        "grossProfit": 339900000,
        "grossProfitRatio": 0.8302393747,
        "researchAndDevelopmentExpenses": 66800000,
        "generalAndAdministrativeExpenses": 202500000,
        "sellingAndMarketingExpenses": -26000,
        "sellingGeneralAndAdministrativeExpenses": 202474000,
        "otherExpenses": -74000,
        "operatingExpenses": 269200000,
        "costAndExpenses": 338700000,
        "interestIncome": 2371000,
        "interestExpense": -180000,
        "depreciationAndAmortization": 48537000,
        "ebitda": 119257000,
        "ebitdaratio": 0.29129702,
        "operatingIncome": 70710000,
        "operatingIncomeRatio": 0.17271617,
        "totalOtherIncomeExpensesNet": 190000,
        "incomeBeforeTax": 70900000,
        "incomeBeforeTaxRatio": 0.1731802638,
        "incomeTaxExpense": 22500000,
        "netIncome": 48400000,
        "netIncomeRatio": 0.118221788,
        "eps": 0.15,
        "epsdiluted": 0.14,
        "weightedAverageShsOut": 324900000,
        "weightedAverageShsOutDil": 336688000,
        "link": "https://www.sec.gov/Archives/edgar/data/804753/000095012309057585/0000950123-09-057585-index.html",
        "finalLink": "https://www.sec.gov/Archives/edgar/data/804753/000095012309057585/c54426e10vq.htm"
    },
    {
        "date": "2009-07-04",
        "symbol": "CERN",
        "reportedCurrency": "USD",
        "cik": "0000804753",
        "fillingDate": "2009-08-05",
        "acceptedDate": "2009-08-05 08:41:40",
        "calendarYear": "2009",
        "period": "Q2",
        "revenue": 403800000,
        "costOfRevenue": 66900000,
        "grossProfit": 336900000,
        "grossProfitRatio": 0.8343239227,
        "researchAndDevelopmentExpenses": 65100000,
        "generalAndAdministrativeExpenses": 205700000,
        "sellingAndMarketingExpenses": -29000,
        "sellingGeneralAndAdministrativeExpenses": 205671000,
        "otherExpenses": 28999,
        "operatingExpenses": 270800000,
        "costAndExpenses": 337700000,
        "interestIncome": 1953000,
        "interestExpense": 146000,
        "depreciationAndAmortization": 46356000,
        "ebitda": 112702000,
        "ebitdaratio": 0.2791035166,
        "operatingIncome": 66156000,
        "operatingIncomeRatio": 0.163833581,
        "totalOtherIncomeExpensesNet": 44000,
        "incomeBeforeTax": 66200000,
        "incomeBeforeTaxRatio": 0.1639425458,
        "incomeTaxExpense": 22500000,
        "netIncome": 43700000,
        "netIncomeRatio": 0.108221892,
        "eps": 0.14,
        "epsdiluted": 0.13,
        "weightedAverageShsOut": 322764000,
        "weightedAverageShsOutDil": 334360000,
        "link": "https://www.sec.gov/Archives/edgar/data/804753/000095012309029993/0000950123-09-029993-index.html",
        "finalLink": "https://www.sec.gov/Archives/edgar/data/804753/000095012309029993/c52753e10vq.htm"
    },
    {
        "date": "2009-04-04",
        "symbol": "CERN",
        "reportedCurrency": "USD",
        "cik": "0000804753",
        "fillingDate": "2009-05-08",
        "acceptedDate": "2009-05-08 16:14:19",
        "calendarYear": "2009",
        "period": "Q1",
        "revenue": 392300000,
        "costOfRevenue": 65500000,
        "grossProfit": 326800000,
        "grossProfitRatio": 0.8330359419,
        "researchAndDevelopmentExpenses": 64700000,
        "generalAndAdministrativeExpenses": 200100000,
        "sellingAndMarketingExpenses": -25000,
        "sellingGeneralAndAdministrativeExpenses": 200075000,
        "otherExpenses": 25000,
        "operatingExpenses": 264800000,
        "costAndExpenses": 330300000,
        "interestIncome": 0,
        "interestExpense": 321000,
        "depreciationAndAmortization": 42727000,
        "ebitda": 104848000,
        "ebitdaratio": 0.2672648483,
        "operatingIncome": 61980000,
        "operatingIncomeRatio": 0.1579913332,
        "totalOtherIncomeExpensesNet": -80000,
        "incomeBeforeTax": 61900000,
        "incomeBeforeTaxRatio": 0.1577874076,
        "incomeTaxExpense": 21000000,
        "netIncome": 40800000,
        "netIncomeRatio": 0.1040020393,
        "eps": 0.13,
        "epsdiluted": 0.12,
        "weightedAverageShsOut": 321332000,
        "weightedAverageShsOutDil": 331428000,
        "link": "https://www.sec.gov/Archives/edgar/data/804753/000095013709003776/0000950137-09-003776-index.html",
        "finalLink": "https://www.sec.gov/Archives/edgar/data/804753/000095013709003776/c51140e10vq.htm"
    },
    {
        "date": "2009-01-03",
        "symbol": "CERN",
        "reportedCurrency": "USD",
        "cik": "0000804753",
        "fillingDate": "2009-03-02",
        "acceptedDate": "2009-03-02 16:29:59",
        "calendarYear": "2008",
        "period": "Q4",
        "revenue": 465700000,
        "costOfRevenue": 87600000,
        "grossProfit": 378100000,
        "grossProfitRatio": 0.8118960704,
        "researchAndDevelopmentExpenses": 69400000,
        "generalAndAdministrativeExpenses": 207300000,
        "sellingAndMarketingExpenses": 29000,
        "sellingGeneralAndAdministrativeExpenses": 207329000,
        "otherExpenses": -28999.999999940395,
        "operatingExpenses": 276700000,
        "costAndExpenses": 364300000,
        "interestIncome": 0,
        "interestExpense": -1137000,
        "depreciationAndAmortization": 46735000,
        "ebitda": 147998000,
        "ebitdaratio": 0.3177968649,
        "operatingIncome": 101447000,
        "operatingIncomeRatio": 0.2178376637,
        "totalOtherIncomeExpensesNet": 1053000,
        "incomeBeforeTax": 102500000,
        "incomeBeforeTaxRatio": 0.220098776,
        "incomeTaxExpense": 30900000,
        "netIncome": 71500000,
        "netIncomeRatio": 0.1535323169,
        "eps": 0.22,
        "epsdiluted": 0.22,
        "weightedAverageShsOut": 331800000,
        "weightedAverageShsOutDil": 331800000,
        "link": "https://www.sec.gov/Archives/edgar/data/804753/000095013709001436/0000950137-09-001436-index.html",
        "finalLink": "https://www.sec.gov/Archives/edgar/data/804753/000095013709001436/c49133e10vk.htm"
    },
    {
        "date": "2008-09-27",
        "symbol": "CERN",
        "reportedCurrency": "USD",
        "cik": "0000804753",
        "fillingDate": "2008-11-05",
        "acceptedDate": "2008-11-05 16:41:12",
        "calendarYear": "2008",
        "period": "Q3",
        "revenue": 422700000,
        "costOfRevenue": 72300000,
        "grossProfit": 350400000,
        "grossProfitRatio": 0.8289567069,
        "researchAndDevelopmentExpenses": 68100000,
        "generalAndAdministrativeExpenses": 214600000,
        "sellingAndMarketingExpenses": -32000,
        "sellingGeneralAndAdministrativeExpenses": 214568000,
        "otherExpenses": 32000,
        "operatingExpenses": 282700000,
        "costAndExpenses": 355000000,
        "interestIncome": 0,
        "interestExpense": -1919000,
        "depreciationAndAmortization": 43283000,
        "ebitda": 109264000,
        "ebitdaratio": 0.2584906553,
        "operatingIncome": 67751000,
        "operatingIncomeRatio": 0.1602815235,
        "totalOtherIncomeExpensesNet": 249000,
        "incomeBeforeTax": 68000000,
        "incomeBeforeTaxRatio": 0.1608705938,
        "incomeTaxExpense": 22900000,
        "netIncome": 45000000,
        "netIncomeRatio": 0.1064584812,
        "eps": 0.14,
        "epsdiluted": 0.13,
        "weightedAverageShsOut": 323128000,
        "weightedAverageShsOutDil": 334724000,
        "link": "https://www.sec.gov/Archives/edgar/data/804753/000095013708013448/0000950137-08-013448-index.html",
        "finalLink": "https://www.sec.gov/Archives/edgar/data/804753/000095013708013448/c47452e10vq.htm"
    },
    {
        "date": "2008-06-28",
        "symbol": "CERN",
        "reportedCurrency": "USD",
        "cik": "0000804753",
        "fillingDate": "2008-08-07",
        "acceptedDate": "2008-08-07 16:29:01",
        "calendarYear": "2008",
        "period": "Q2",
        "revenue": 402800000,
        "costOfRevenue": 71800000,
        "grossProfit": 331000000,
        "grossProfitRatio": 0.8217477656,
        "researchAndDevelopmentExpenses": 65900000,
        "generalAndAdministrativeExpenses": 211900000,
        "sellingAndMarketingExpenses": 3000,
        "sellingGeneralAndAdministrativeExpenses": 211903000,
        "otherExpenses": -3000,
        "operatingExpenses": 277800000,
        "costAndExpenses": 349600000,
        "interestIncome": 0,
        "interestExpense": 500000,
        "depreciationAndAmortization": 41820000,
        "ebitda": 96020000,
        "ebitdaratio": 0.2383813307,
        "operatingIncome": 53221000,
        "operatingIncomeRatio": 0.1321276068,
        "totalOtherIncomeExpensesNet": 479000,
        "incomeBeforeTax": 53700000,
        "incomeBeforeTaxRatio": 0.1333167825,
        "incomeTaxExpense": 18400000,
        "netIncome": 35300000,
        "netIncomeRatio": 0.0876365442,
        "eps": 0.11,
        "epsdiluted": 0.11,
        "weightedAverageShsOut": 322472000,
        "weightedAverageShsOutDil": 334324000,
        "link": "https://www.sec.gov/Archives/edgar/data/804753/000095013708010388/0000950137-08-010388-index.html",
        "finalLink": "https://www.sec.gov/Archives/edgar/data/804753/000095013708010388/c34421e10vq.htm"
    },
    {
        "date": "2008-03-29",
        "symbol": "CERN",
        "reportedCurrency": "USD",
        "cik": "0000804753",
        "fillingDate": "2008-05-08",
        "acceptedDate": "2008-05-08 16:13:58",
        "calendarYear": "2008",
        "period": "Q1",
        "revenue": 384800000,
        "costOfRevenue": 64400000,
        "grossProfit": 320400000,
        "grossProfitRatio": 0.8326403326,
        "researchAndDevelopmentExpenses": 69200000,
        "generalAndAdministrativeExpenses": 194800000,
        "sellingAndMarketingExpenses": -39000,
        "sellingGeneralAndAdministrativeExpenses": 194761000,
        "otherExpenses": -61000,
        "operatingExpenses": 263900000,
        "costAndExpenses": 328300000,
        "interestIncome": 0,
        "interestExpense": 1000000,
        "depreciationAndAmortization": 38628000,
        "ebitda": 96928000,
        "ebitdaratio": 0.2518918919,
        "operatingIncome": 56466000,
        "operatingIncomeRatio": 0.1467411642,
        "totalOtherIncomeExpensesNet": 834000,
        "incomeBeforeTax": 57300000,
        "incomeBeforeTaxRatio": 0.1489085239,
        "incomeTaxExpense": 20500000,
        "netIncome": 36800000,
        "netIncomeRatio": 0.0956340956,
        "eps": 0.11,
        "epsdiluted": 0.11,
        "weightedAverageShsOut": 321528000,
        "weightedAverageShsOutDil": 334116000,
        "link": "https://www.sec.gov/Archives/edgar/data/804753/000095013708007057/0000950137-08-007057-index.html",
        "finalLink": "https://www.sec.gov/Archives/edgar/data/804753/000095013708007057/c26490e10vq.htm"
    },
    {
        "date": "2007-12-29",
        "symbol": "CERN",
        "reportedCurrency": "USD",
        "cik": "0000804753",
        "fillingDate": "2008-02-27",
        "acceptedDate": "2008-02-27 15:55:39",
        "calendarYear": "2007",
        "period": "Q4",
        "revenue": 394500000,
        "costOfRevenue": 68900000,
        "grossProfit": 325600000,
        "grossProfitRatio": 0.8253485425,
        "researchAndDevelopmentExpenses": 72200000,
        "generalAndAdministrativeExpenses": 194800000,
        "sellingAndMarketingExpenses": 48000,
        "sellingGeneralAndAdministrativeExpenses": 194848000,
        "otherExpenses": -48000,
        "operatingExpenses": 267000000,
        "costAndExpenses": 335900000,
        "interestIncome": 0,
        "interestExpense": -915000,
        "depreciationAndAmortization": 41879000,
        "ebitda": 100164000,
        "ebitdaratio": 0.2539011407,
        "operatingIncome": 54505000,
        "operatingIncomeRatio": 0.1381622307,
        "totalOtherIncomeExpensesNet": 4695000,
        "incomeBeforeTax": 59200000,
        "incomeBeforeTaxRatio": 0.1500633714,
        "incomeTaxExpense": 17900000,
        "netIncome": 41300000,
        "netIncomeRatio": 0.1046894804,
        "eps": 0.12,
        "epsdiluted": 0.12,
        "weightedAverageShsOut": 334600000,
        "weightedAverageShsOutDil": 334600000,
        "link": "https://www.sec.gov/Archives/edgar/data/804753/000095013708002851/0000950137-08-002851-index.htm",
        "finalLink": "https://www.sec.gov/Archives/edgar/data/804753/000095013708002851/c24264e10vk.htm"
    },
    {
        "date": "2007-09-29",
        "symbol": "CERN",
        "reportedCurrency": "USD",
        "cik": "0000804753",
        "fillingDate": "2007-11-08",
        "acceptedDate": "2007-11-08 16:34:48",
        "calendarYear": "2007",
        "period": "Q3",
        "revenue": 372900000,
        "costOfRevenue": 57800000,
        "grossProfit": 315100000,
        "grossProfitRatio": 0.8449986592,
        "researchAndDevelopmentExpenses": 68000000,
        "generalAndAdministrativeExpenses": 192900000,
        "sellingAndMarketingExpenses": 16000,
        "sellingGeneralAndAdministrativeExpenses": 192916000,
        "otherExpenses": 84000,
        "operatingExpenses": 261000000,
        "costAndExpenses": 318800000,
        "interestIncome": 0,
        "interestExpense": 190000,
        "depreciationAndAmortization": 38963000,
        "ebitda": 92653000,
        "ebitdaratio": 0.2484660767,
        "operatingIncome": 56602000,
        "operatingIncomeRatio": 0.1517886833,
        "totalOtherIncomeExpensesNet": -3002000,
        "incomeBeforeTax": 53600000,
        "incomeBeforeTaxRatio": 0.1437382676,
        "incomeTaxExpense": 22300000,
        "netIncome": 31200000,
        "netIncomeRatio": 0.0836685438,
        "eps": 0.0979,
        "epsdiluted": 0.0935,
        "weightedAverageShsOut": 318536000,
        "weightedAverageShsOutDil": 333528000,
        "link": "https://www.sec.gov/Archives/edgar/data/804753/000095013707016829/0000950137-07-016829-index.html",
        "finalLink": "https://www.sec.gov/Archives/edgar/data/804753/000095013707016829/c21307e10vq.htm"
    },
    {
        "date": "2007-06-30",
        "symbol": "CERN",
        "reportedCurrency": "USD",
        "cik": "0000804753",
        "fillingDate": "2007-08-09",
        "acceptedDate": "2007-08-09 16:18:05",
        "calendarYear": "2007",
        "period": "Q2",
        "revenue": 386588000,
        "costOfRevenue": 80962000,
        "grossProfit": 305626000,
        "grossProfitRatio": 0.7905729097,
        "researchAndDevelopmentExpenses": 62873000,
        "generalAndAdministrativeExpenses": 193731000,
        "sellingAndMarketingExpenses": 0,
        "sellingGeneralAndAdministrativeExpenses": 193731000,
        "otherExpenses": 0,
        "operatingExpenses": 256604000,
        "costAndExpenses": 337566000,
        "interestIncome": 0,
        "interestExpense": 0,
        "depreciationAndAmortization": 37304000,
        "ebitda": 86335000,
        "ebitdaratio": 0.2233256076,
        "operatingIncome": 49022000,
        "operatingIncomeRatio": 0.1268068331,
        "totalOtherIncomeExpensesNet": 9000,
        "incomeBeforeTax": 49031000,
        "incomeBeforeTaxRatio": 0.1268301137,
        "incomeTaxExpense": 17916000,
        "netIncome": 31115000,
        "netIncomeRatio": 0.0804862024,
        "eps": 0.0982,
        "epsdiluted": 0.0936,
        "weightedAverageShsOut": 316892000,
        "weightedAverageShsOutDil": 332368000,
        "link": "https://www.sec.gov/Archives/edgar/data/804753/000095013707011805/0000950137-07-011805-index.html",
        "finalLink": "https://www.sec.gov/Archives/edgar/data/804753/000095013707011805/c17598e10vq.htm"
    },
    {
        "date": "2007-03-31",
        "symbol": "CERN",
        "reportedCurrency": "USD",
        "cik": "0000804753",
        "fillingDate": "2007-05-10",
        "acceptedDate": "2007-05-10 16:05:39",
        "calendarYear": "2007",
        "period": "Q1",
        "revenue": 365852000,
        "costOfRevenue": 72463000,
        "grossProfit": 293389000,
        "grossProfitRatio": 0.8019335688,
        "researchAndDevelopmentExpenses": 65823000,
        "generalAndAdministrativeExpenses": 183613000,
        "sellingAndMarketingExpenses": 0,
        "sellingGeneralAndAdministrativeExpenses": 183613000,
        "otherExpenses": 0,
        "operatingExpenses": 249436000,
        "costAndExpenses": 321899000,
        "interestIncome": 0,
        "interestExpense": 0,
        "depreciationAndAmortization": 34671000,
        "ebitda": 78422000,
        "ebitdaratio": 0.2143544384,
        "operatingIncome": 43953000,
        "operatingIncomeRatio": 0.1201387446,
        "totalOtherIncomeExpensesNet": -202000,
        "incomeBeforeTax": 43751000,
        "incomeBeforeTaxRatio": 0.1195866088,
        "incomeTaxExpense": 16171000,
        "netIncome": 27580000,
        "netIncomeRatio": 0.0753856751,
        "eps": 0.0876,
        "epsdiluted": 0.0834,
        "weightedAverageShsOut": 314844000,
        "weightedAverageShsOutDil": 330592000,
        "link": "https://www.sec.gov/Archives/edgar/data/804753/000095013707007233/0000950137-07-007233-index.html",
        "finalLink": "https://www.sec.gov/Archives/edgar/data/804753/000095013707007233/c15087e10vq.htm"
    },
    {
        "date": "2006-12-30",
        "symbol": "CERN",
        "reportedCurrency": "USD",
        "cik": "0000804753",
        "fillingDate": "2007-02-28",
        "acceptedDate": "2007-02-28 16:29:46",
        "calendarYear": "2006",
        "period": "Q4",
        "revenue": 380800000,
        "costOfRevenue": 89000000,
        "grossProfit": 291800000,
        "grossProfitRatio": 0.7662815126,
        "researchAndDevelopmentExpenses": 64900000,
        "generalAndAdministrativeExpenses": 176500000,
        "sellingAndMarketingExpenses": 44000,
        "sellingGeneralAndAdministrativeExpenses": 176544000,
        "otherExpenses": -44000.0000000298,
        "operatingExpenses": 241400000,
        "costAndExpenses": 330400000,
        "interestIncome": 0,
        "interestExpense": -487000,
        "depreciationAndAmortization": 36167000,
        "ebitda": 86580000,
        "ebitdaratio": 0.2273634454,
        "operatingIncome": 50383000,
        "operatingIncomeRatio": 0.1323082983,
        "totalOtherIncomeExpensesNet": 517000,
        "incomeBeforeTax": 50900000,
        "incomeBeforeTaxRatio": 0.1336659664,
        "incomeTaxExpense": 11800000,
        "netIncome": 39100000,
        "netIncomeRatio": 0.1026785714,
        "eps": 0.12,
        "epsdiluted": 0.12,
        "weightedAverageShsOut": 329000000,
        "weightedAverageShsOutDil": 329000000,
        "link": "https://www.sec.gov/Archives/edgar/data/804753/000095013707002997/0000950137-07-002997-index.htm",
        "finalLink": "https://www.sec.gov/Archives/edgar/data/804753/000095013707002997/c12737e10vk.htm"
    },
    {
        "date": "2006-09-30",
        "symbol": "CERN",
        "reportedCurrency": "USD",
        "cik": "0000804753",
        "fillingDate": "2006-11-09",
        "acceptedDate": "2006-11-09 16:49:29",
        "calendarYear": "2006",
        "period": "Q3",
        "revenue": 345452000,
        "costOfRevenue": 69803000,
        "grossProfit": 275649000,
        "grossProfitRatio": 0.7979371953,
        "researchAndDevelopmentExpenses": 62160000,
        "generalAndAdministrativeExpenses": 169612000,
        "sellingAndMarketingExpenses": 0,
        "sellingGeneralAndAdministrativeExpenses": 169612000,
        "otherExpenses": 0,
        "operatingExpenses": 231772000,
        "costAndExpenses": 301575000,
        "interestIncome": 0,
        "interestExpense": 0,
        "depreciationAndAmortization": 29697000,
        "ebitda": 73528000,
        "ebitdaratio": 0.2128457789,
        "operatingIncome": 43877000,
        "operatingIncomeRatio": 0.1270133043,
        "totalOtherIncomeExpensesNet": -46000,
        "incomeBeforeTax": 43831000,
        "incomeBeforeTaxRatio": 0.1268801454,
        "incomeTaxExpense": 17103000,
        "netIncome": 26728000,
        "netIncomeRatio": 0.0773710964,
        "eps": 0.0858,
        "epsdiluted": 0.0817,
        "weightedAverageShsOut": 311376000,
        "weightedAverageShsOutDil": 327184000,
        "link": "https://www.sec.gov/Archives/edgar/data/804753/000095013706012180/0000950137-06-012180-index.htm",
        "finalLink": "https://www.sec.gov/Archives/edgar/data/804753/000095013706012180/c09894e10vq.htm"
    },
    {
        "date": "2006-07-01",
        "symbol": "CERN",
        "reportedCurrency": "USD",
        "cik": "0000804753",
        "fillingDate": "2006-08-10",
        "acceptedDate": "2006-08-10 17:20:22",
        "calendarYear": "2006",
        "period": "Q2",
        "revenue": 330600000,
        "costOfRevenue": 64200000,
        "grossProfit": 266400000,
        "grossProfitRatio": 0.8058076225,
        "researchAndDevelopmentExpenses": 60900000,
        "generalAndAdministrativeExpenses": 165600000,
        "sellingAndMarketingExpenses": -21000,
        "sellingGeneralAndAdministrativeExpenses": 165579000,
        "otherExpenses": 21000,
        "operatingExpenses": 226500000,
        "costAndExpenses": 290700000,
        "interestIncome": 0,
        "interestExpense": 478000,
        "depreciationAndAmortization": 29483000,
        "ebitda": 69361000,
        "ebitdaratio": 0.2098033878,
        "operatingIncome": 39913000,
        "operatingIncomeRatio": 0.1207289776,
        "totalOtherIncomeExpensesNet": -513000,
        "incomeBeforeTax": 39400000,
        "incomeBeforeTaxRatio": 0.1191772535,
        "incomeTaxExpense": 15500000,
        "netIncome": 23900000,
        "netIncomeRatio": 0.072292801,
        "eps": 0.0771,
        "epsdiluted": 0.0734,
        "weightedAverageShsOut": 310096000,
        "weightedAverageShsOutDil": 325652000,
        "link": "https://www.sec.gov/Archives/edgar/data/804753/000095013706009002/0000950137-06-009002-index.htm",
        "finalLink": "https://www.sec.gov/Archives/edgar/data/804753/000095013706009002/c07701e10vq.htm"
    },
    {
        "date": "2006-04-01",
        "symbol": "CERN",
        "reportedCurrency": "USD",
        "cik": "0000804753",
        "fillingDate": "2006-05-11",
        "acceptedDate": "2006-05-11 17:15:04",
        "calendarYear": "2006",
        "period": "Q1",
        "revenue": 321200000,
        "costOfRevenue": 68000000,
        "grossProfit": 253200000,
        "grossProfitRatio": 0.7882938979,
        "researchAndDevelopmentExpenses": 59000000,
        "generalAndAdministrativeExpenses": 162200000,
        "sellingAndMarketingExpenses": -5000,
        "sellingGeneralAndAdministrativeExpenses": 162195000,
        "otherExpenses": 5000,
        "operatingExpenses": 221200000,
        "costAndExpenses": 289200000,
        "interestIncome": 0,
        "interestExpense": 693000,
        "depreciationAndAmortization": 29907000,
        "ebitda": 64000000,
        "ebitdaratio": 0.199252802,
        "operatingIncome": 31994000,
        "operatingIncomeRatio": 0.099607721,
        "totalOtherIncomeExpensesNet": 1406000,
        "incomeBeforeTax": 33400000,
        "incomeBeforeTaxRatio": 0.103985056,
        "incomeTaxExpense": 13300000,
        "netIncome": 20100000,
        "netIncomeRatio": 0.0625778331,
        "eps": 0.0651,
        "epsdiluted": 0.0617,
        "weightedAverageShsOut": 308624000,
        "weightedAverageShsOutDil": 325624000,
        "link": "https://www.sec.gov/Archives/edgar/data/804753/000095013706003137/0000950137-06-003137-index.htm",
        "finalLink": "https://www.sec.gov/Archives/edgar/data/804753/000095013706003137/c03479e10vk.htm"
    },
    {
        "date": "2005-12-31",
        "symbol": "CERN",
        "reportedCurrency": "USD",
        "cik": "0000804753",
        "fillingDate": "2006-03-16",
        "acceptedDate": "2006-03-16 13:55:50",
        "calendarYear": "2005",
        "period": "Q4",
        "revenue": 325814000,
        "costOfRevenue": 74372000,
        "grossProfit": 251442000,
        "grossProfitRatio": 0.7717347935,
        "researchAndDevelopmentExpenses": 59456000,
        "generalAndAdministrativeExpenses": 145608000,
        "sellingAndMarketingExpenses": 0,
        "sellingGeneralAndAdministrativeExpenses": 145608000,
        "otherExpenses": 0,
        "operatingExpenses": 205064000,
        "costAndExpenses": 279436000,
        "interestIncome": 0,
        "interestExpense": 0,
        "depreciationAndAmortization": 17738000,
        "ebitda": 63003000,
        "ebitdaratio": 0.1933710645,
        "operatingIncome": 46378000,
        "operatingIncomeRatio": 0.1423450189,
        "totalOtherIncomeExpensesNet": -1113000,
        "incomeBeforeTax": 45265000,
        "incomeBeforeTaxRatio": 0.1389289595,
        "incomeTaxExpense": 17893000,
        "netIncome": 27372000,
        "netIncomeRatio": 0.0840111229,
        "eps": 0.0457,
        "epsdiluted": 0.0434,
        "weightedAverageShsOut": 599544000,
        "weightedAverageShsOutDil": 630696000,
        "link": "https://www.sec.gov/Archives/edgar/data/804753/000095013706003137/0000950137-06-003137-index.htm",
        "finalLink": "https://www.sec.gov/Archives/edgar/data/804753/000095013706003137/c03479e10vk.htm"
    },
    {
        "date": "2005-10-01",
        "symbol": "CERN",
        "reportedCurrency": "USD",
        "cik": "0000804753",
        "fillingDate": "2005-11-10",
        "acceptedDate": "2005-11-10 16:03:22",
        "calendarYear": "2005",
        "period": "Q3",
        "revenue": 294600000,
        "costOfRevenue": 65300000,
        "grossProfit": 229300000,
        "grossProfitRatio": 0.7783435166,
        "researchAndDevelopmentExpenses": 54000000,
        "generalAndAdministrativeExpenses": 138200000,
        "sellingAndMarketingExpenses": -48000,
        "sellingGeneralAndAdministrativeExpenses": 138152000,
        "otherExpenses": -52000.0000000298,
        "operatingExpenses": 192100000,
        "costAndExpenses": 257400000,
        "interestIncome": 0,
        "interestExpense": 1358000,
        "depreciationAndAmortization": 33736000,
        "ebitda": 71294000,
        "ebitdaratio": 0.2420027155,
        "operatingIncome": 37197000,
        "operatingIncomeRatio": 0.1262627291,
        "totalOtherIncomeExpensesNet": -1097000,
        "incomeBeforeTax": 36100000,
        "incomeBeforeTaxRatio": 0.122539036,
        "incomeTaxExpense": 9600000,
        "netIncome": 26600000,
        "netIncomeRatio": 0.0902919212,
        "eps": 0.0439,
        "epsdiluted": 0.0417,
        "weightedAverageShsOut": 606224000,
        "weightedAverageShsOutDil": 638352000,
        "link": "https://www.sec.gov/Archives/edgar/data/804753/000095013705013662/0000950137-05-013662-index.htm",
        "finalLink": "https://www.sec.gov/Archives/edgar/data/804753/000095013705013662/c99961e10vq.htm"
    },
    {
        "date": "2005-07-02",
        "symbol": "CERN",
        "reportedCurrency": "USD",
        "cik": "0000804753",
        "fillingDate": "2005-08-11",
        "acceptedDate": "2005-08-11 15:53:41",
        "calendarYear": "2005",
        "period": "Q2",
        "revenue": 277800000,
        "costOfRevenue": 59600000,
        "grossProfit": 218200000,
        "grossProfitRatio": 0.7854571634,
        "researchAndDevelopmentExpenses": 48700000,
        "generalAndAdministrativeExpenses": 135300000,
        "sellingAndMarketingExpenses": 4000,
        "sellingGeneralAndAdministrativeExpenses": 135304000,
        "otherExpenses": -4000,
        "operatingExpenses": 184000000,
        "costAndExpenses": 243600000,
        "interestIncome": 0,
        "interestExpense": 1366000,
        "depreciationAndAmortization": 31711000,
        "ebitda": 65977000,
        "ebitdaratio": 0.2374982001,
        "operatingIncome": 34208000,
        "operatingIncomeRatio": 0.1231389489,
        "totalOtherIncomeExpensesNet": -1308000,
        "incomeBeforeTax": 32900000,
        "incomeBeforeTaxRatio": 0.1184305256,
        "incomeTaxExpense": 13100000,
        "netIncome": 19800000,
        "netIncomeRatio": 0.0712742981,
        "eps": 0.0333,
        "epsdiluted": 0.0317,
        "weightedAverageShsOut": 594512000,
        "weightedAverageShsOutDil": 623776000,
        "link": "https://www.sec.gov/Archives/edgar/data/804753/000095013705010087/0000950137-05-010087-index.htm",
        "finalLink": "https://www.sec.gov/Archives/edgar/data/804753/000095013705010087/c97665e10vq.htm"
    },
    {
        "date": "2005-04-02",
        "symbol": "CERN",
        "reportedCurrency": "USD",
        "cik": "0000804753",
        "fillingDate": "2005-05-12",
        "acceptedDate": "2005-05-12 14:54:58",
        "calendarYear": "2005",
        "period": "Q1",
        "revenue": 262500000,
        "costOfRevenue": 55400000,
        "grossProfit": 207100000,
        "grossProfitRatio": 0.788952381,
        "researchAndDevelopmentExpenses": 49300000,
        "generalAndAdministrativeExpenses": 128800000,
        "sellingAndMarketingExpenses": -38000,
        "sellingGeneralAndAdministrativeExpenses": 128762000,
        "otherExpenses": 6438000,
        "operatingExpenses": 184500000,
        "costAndExpenses": 239900000,
        "interestIncome": 0,
        "interestExpense": 1742000,
        "depreciationAndAmortization": 30870000,
        "ebitda": 53512000,
        "ebitdaratio": 0.2038552381,
        "operatingIncome": 22653000,
        "operatingIncomeRatio": 0.0862971429,
        "totalOtherIncomeExpensesNet": -1753000,
        "incomeBeforeTax": 20900000,
        "incomeBeforeTaxRatio": 0.0796190476,
        "incomeTaxExpense": 8400000,
        "netIncome": 12500000,
        "netIncomeRatio": 0.0476190476,
        "eps": 0.0213,
        "epsdiluted": 0.0204,
        "weightedAverageShsOut": 587840000,
        "weightedAverageShsOutDil": 612704000,
        "link": "https://www.sec.gov/Archives/edgar/data/804753/000095013705003217/0000950137-05-003217-index.htm",
        "finalLink": "https://www.sec.gov/Archives/edgar/data/804753/000095013705003217/c93199e10vk.htm"
    },
    {
        "date": "2005-01-01",
        "symbol": "CERN",
        "reportedCurrency": "USD",
        "cik": "0000804753",
        "fillingDate": "2005-03-17",
        "acceptedDate": "2005-03-17 15:48:16",
        "calendarYear": "2004",
        "period": "Q4",
        "revenue": 248200000,
        "costOfRevenue": 54100000,
        "grossProfit": 194100000,
        "grossProfitRatio": 0.7820306205,
        "researchAndDevelopmentExpenses": 43400000,
        "generalAndAdministrativeExpenses": 114000000,
        "sellingAndMarketingExpenses": -44000,
        "sellingGeneralAndAdministrativeExpenses": 113956000,
        "otherExpenses": 44000,
        "operatingExpenses": 157400000,
        "costAndExpenses": 211500000,
        "interestIncome": 0,
        "interestExpense": 660000,
        "depreciationAndAmortization": 24931000,
        "ebitda": 61291000,
        "ebitdaratio": 0.2469419823,
        "operatingIncome": 36689000,
        "operatingIncomeRatio": 0.1478203062,
        "totalOtherIncomeExpensesNet": -989000,
        "incomeBeforeTax": 35700000,
        "incomeBeforeTaxRatio": 0.1438356164,
        "incomeTaxExpense": 14300000,
        "netIncome": 21400000,
        "netIncomeRatio": 0.0862207897,
        "eps": 0.0366,
        "epsdiluted": 0.0352,
        "weightedAverageShsOut": 583944000,
        "weightedAverageShsOutDil": 607576000,
        "link": "https://www.sec.gov/Archives/edgar/data/804753/000095013705003217/0000950137-05-003217-index.htm",
        "finalLink": "https://www.sec.gov/Archives/edgar/data/804753/000095013705003217/c93199e10vk.htm"
    },
    {
        "date": "2004-10-02",
        "symbol": "CERN",
        "reportedCurrency": "USD",
        "cik": "0000804753",
        "fillingDate": "2004-11-10",
        "acceptedDate": "2004-11-10 16:27:51",
        "calendarYear": "2004",
        "period": "Q3",
        "revenue": 231100000,
        "costOfRevenue": 45000000,
        "grossProfit": 186100000,
        "grossProfitRatio": 0.8052791,
        "researchAndDevelopmentExpenses": 42800000,
        "generalAndAdministrativeExpenses": 116900000,
        "sellingAndMarketingExpenses": -39000,
        "sellingGeneralAndAdministrativeExpenses": 116861000,
        "otherExpenses": 39000,
        "operatingExpenses": 159700000,
        "costAndExpenses": 204700000,
        "interestIncome": 0,
        "interestExpense": 1585000,
        "depreciationAndAmortization": 22908000,
        "ebitda": 49293000,
        "ebitdaratio": 0.2132972739,
        "operatingIncome": 26356000,
        "operatingIncomeRatio": 0.1140458676,
        "totalOtherIncomeExpensesNet": -1556000,
        "incomeBeforeTax": 24800000,
        "incomeBeforeTaxRatio": 0.1073128516,
        "incomeTaxExpense": 10000000,
        "netIncome": 14800000,
        "netIncomeRatio": 0.0640415405,
        "eps": 0.0255,
        "epsdiluted": 0.0246,
        "weightedAverageShsOut": 580048000,
        "weightedAverageShsOutDil": 602448000,
        "link": "https://www.sec.gov/Archives/edgar/data/804753/000095013704009747/0000950137-04-009747-index.htm",
        "finalLink": "https://www.sec.gov/Archives/edgar/data/804753/000095013704009747/c89623e10vq.htm"
    },
    {
        "date": "2004-07-03",
        "symbol": "CERN",
        "reportedCurrency": "USD",
        "cik": "0000804753",
        "fillingDate": "2004-08-12",
        "acceptedDate": "2004-08-12 14:51:04",
        "calendarYear": "2004",
        "period": "Q2",
        "revenue": 228400000,
        "costOfRevenue": 50600000,
        "grossProfit": 177800000,
        "grossProfitRatio": 0.7784588441,
        "researchAndDevelopmentExpenses": 42800000,
        "generalAndAdministrativeExpenses": 109200000,
        "sellingAndMarketingExpenses": -49000,
        "sellingGeneralAndAdministrativeExpenses": 109151000,
        "otherExpenses": -51000,
        "operatingExpenses": 151900000,
        "costAndExpenses": 202500000,
        "interestIncome": 0,
        "interestExpense": 1792000,
        "depreciationAndAmortization": 21676000,
        "ebitda": 47368000,
        "ebitdaratio": 0.2073905429,
        "operatingIncome": 25906000,
        "operatingIncomeRatio": 0.1134238179,
        "totalOtherIncomeExpensesNet": -2006000,
        "incomeBeforeTax": 23900000,
        "incomeBeforeTaxRatio": 0.1046409807,
        "incomeTaxExpense": 9600000,
        "netIncome": 14300000,
        "netIncomeRatio": 0.0626094571,
        "eps": 0.0248,
        "epsdiluted": 0.0238,
        "weightedAverageShsOut": 576704000,
        "weightedAverageShsOutDil": 600160000,
        "link": "https://www.sec.gov/Archives/edgar/data/804753/000095013704006665/0000950137-04-006665-index.htm",
        "finalLink": "https://www.sec.gov/Archives/edgar/data/804753/000095013704006665/c87538e10vq.htm"
    },
    {
        "date": "2004-04-03",
        "symbol": "CERN",
        "reportedCurrency": "USD",
        "cik": "0000804753",
        "fillingDate": "2004-05-13",
        "acceptedDate": "2004-05-13 17:13:31",
        "calendarYear": "2004",
        "period": "Q1",
        "revenue": 218700000,
        "costOfRevenue": 46700000,
        "grossProfit": 172000000,
        "grossProfitRatio": 0.7864654778,
        "researchAndDevelopmentExpenses": 42600000,
        "generalAndAdministrativeExpenses": 107000000,
        "sellingAndMarketingExpenses": -13000,
        "sellingGeneralAndAdministrativeExpenses": 106987000,
        "otherExpenses": -87000,
        "operatingExpenses": 149500000,
        "costAndExpenses": 196200000,
        "interestIncome": 0,
        "interestExpense": 2115000,
        "depreciationAndAmortization": 21287000,
        "ebitda": 46802000,
        "ebitdaratio": 0.2140009145,
        "operatingIncome": 22513000,
        "operatingIncomeRatio": 0.1029401006,
        "totalOtherIncomeExpensesNet": 887000,
        "incomeBeforeTax": 23400000,
        "incomeBeforeTaxRatio": 0.1069958848,
        "incomeTaxExpense": 9300000,
        "netIncome": 14100000,
        "netIncomeRatio": 0.0644718793,
        "eps": 0.0247,
        "epsdiluted": 0.0237,
        "weightedAverageShsOut": 570576000,
        "weightedAverageShsOutDil": 595552000,
        "link": "https://www.sec.gov/Archives/edgar/data/804753/000095013704001988/0000950137-04-001988-index.htm",
        "finalLink": "https://www.sec.gov/Archives/edgar/data/804753/000095013704001988/c83827e10vk.htm"
    },
    {
        "date": "2004-01-03",
        "symbol": "CERN",
        "reportedCurrency": "USD",
        "cik": "0000804753",
        "fillingDate": "2004-03-18",
        "acceptedDate": "2004-03-18 12:35:34",
        "calendarYear": "2003",
        "period": "Q4",
        "revenue": 227400000,
        "costOfRevenue": 47500000,
        "grossProfit": 179900000,
        "grossProfitRatio": 0.7911169745,
        "researchAndDevelopmentExpenses": 41100000,
        "generalAndAdministrativeExpenses": 110100000,
        "sellingAndMarketingExpenses": -41000,
        "sellingGeneralAndAdministrativeExpenses": 110059000,
        "otherExpenses": -59000,
        "operatingExpenses": 151100000,
        "costAndExpenses": 198600000,
        "interestIncome": 0,
        "interestExpense": 1865000,
        "depreciationAndAmortization": 19158000,
        "ebitda": 47923000,
        "ebitdaratio": 0.2107431838,
        "operatingIncome": 28777000,
        "operatingIncomeRatio": 0.1265479332,
        "totalOtherIncomeExpensesNet": -1877000,
        "incomeBeforeTax": 26900000,
        "incomeBeforeTaxRatio": 0.1182937555,
        "incomeTaxExpense": 10700000,
        "netIncome": 16200000,
        "netIncomeRatio": 0.0712401055,
        "eps": 0.0285,
        "epsdiluted": 0.0275,
        "weightedAverageShsOut": 568160000,
        "weightedAverageShsOutDil": 588696000,
        "link": "https://www.sec.gov/Archives/edgar/data/804753/000095013704001988/0000950137-04-001988-index.htm",
        "finalLink": "https://www.sec.gov/Archives/edgar/data/804753/000095013704001988/c83827e10vk.htm"
    },
    {
        "date": "2003-09-27",
        "symbol": "CERN",
        "reportedCurrency": "USD",
        "cik": "0000804753",
        "fillingDate": "2003-11-05",
        "acceptedDate": "2003-11-05 10:40:18",
        "calendarYear": "2003",
        "period": "Q3",
        "revenue": 206300000,
        "costOfRevenue": 45400000,
        "grossProfit": 160900000,
        "grossProfitRatio": 0.7799321377,
        "researchAndDevelopmentExpenses": 39300000,
        "generalAndAdministrativeExpenses": 99900000,
        "sellingAndMarketingExpenses": -23000,
        "sellingGeneralAndAdministrativeExpenses": 99877000,
        "otherExpenses": 23000,
        "operatingExpenses": 139200000,
        "costAndExpenses": 184600000,
        "interestIncome": 0,
        "interestExpense": 1703000,
        "depreciationAndAmortization": 17206000,
        "ebitda": 38909000,
        "ebitdaratio": 0.1886039748,
        "operatingIncome": 21725000,
        "operatingIncomeRatio": 0.1053078042,
        "totalOtherIncomeExpensesNet": -1725000,
        "incomeBeforeTax": 20000000,
        "incomeBeforeTaxRatio": 0.0969461949,
        "incomeTaxExpense": 8000000,
        "netIncome": 12000000,
        "netIncomeRatio": 0.0581677169,
        "eps": 0.0212,
        "epsdiluted": 0.0206,
        "weightedAverageShsOut": 565744000,
        "weightedAverageShsOutDil": 581840000,
        "link": "https://www.sec.gov/Archives/edgar/data/804753/000095013403014430/0000950134-03-014430-index.htm",
        "finalLink": "https://www.sec.gov/Archives/edgar/data/804753/000095013403014430/c80513e10vq.htm"
    },
    {
        "date": "2003-06-28",
        "symbol": "CERN",
        "reportedCurrency": "USD",
        "cik": "0000804753",
        "fillingDate": "2003-08-01",
        "acceptedDate": "2003-08-01 17:22:08",
        "calendarYear": "2003",
        "period": "Q2",
        "revenue": 207700000,
        "costOfRevenue": 53100000,
        "grossProfit": 154600000,
        "grossProfitRatio": 0.7443428021,
        "researchAndDevelopmentExpenses": 38500000,
        "generalAndAdministrativeExpenses": 99800000,
        "sellingAndMarketingExpenses": -5000,
        "sellingGeneralAndAdministrativeExpenses": 99795000,
        "otherExpenses": -94999.9999999702,
        "operatingExpenses": 138200000,
        "costAndExpenses": 191300000,
        "interestIncome": 0,
        "interestExpense": 1603000,
        "depreciationAndAmortization": 16576000,
        "ebitda": 32979000,
        "ebitdaratio": 0.158781897,
        "operatingIncome": 16347000,
        "operatingIncomeRatio": 0.0787048628,
        "totalOtherIncomeExpensesNet": -1447000,
        "incomeBeforeTax": 14900000,
        "incomeBeforeTaxRatio": 0.0717380838,
        "incomeTaxExpense": 5900000,
        "netIncome": 8900000,
        "netIncomeRatio": 0.0428502648,
        "eps": 0.0157,
        "epsdiluted": 0.0156,
        "weightedAverageShsOut": 566320000,
        "weightedAverageShsOutDil": 571696000,
        "link": "https://www.sec.gov/Archives/edgar/data/804753/000095013403010859/0000950134-03-010859-index.htm",
        "finalLink": "https://www.sec.gov/Archives/edgar/data/804753/000095013403010859/c78682e10vq.htm"
    },
    {
        "date": "2003-03-29",
        "symbol": "CERN",
        "reportedCurrency": "USD",
        "cik": "0000804753",
        "fillingDate": "2003-05-05",
        "acceptedDate": "2003-05-05 17:24:41",
        "calendarYear": "2003",
        "period": "Q1",
        "revenue": 198200000,
        "costOfRevenue": 48300000,
        "grossProfit": 149900000,
        "grossProfitRatio": 0.7563067608,
        "researchAndDevelopmentExpenses": 37500000,
        "generalAndAdministrativeExpenses": 101200000,
        "sellingAndMarketingExpenses": 33000,
        "sellingGeneralAndAdministrativeExpenses": 101233000,
        "otherExpenses": -132999.9999999702,
        "operatingExpenses": 138600000,
        "costAndExpenses": 186900000,
        "interestIncome": 0,
        "interestExpense": 1846000,
        "depreciationAndAmortization": 16390000,
        "ebitda": 27636000,
        "ebitdaratio": 0.1394349142,
        "operatingIncome": 11248000,
        "operatingIncomeRatio": 0.0567507568,
        "totalOtherIncomeExpensesNet": -1848000,
        "incomeBeforeTax": 9400000,
        "incomeBeforeTaxRatio": 0.0474268416,
        "incomeTaxExpense": 3800000,
        "netIncome": 5600000,
        "netIncomeRatio": 0.0282542886,
        "eps": 0.0098,
        "epsdiluted": 0.0095,
        "weightedAverageShsOut": 568944000,
        "weightedAverageShsOutDil": 587360000,
        "link": "https://www.sec.gov/Archives/edgar/data/804753/000095013403003674/0000950134-03-003674-index.htm",
        "finalLink": "https://www.sec.gov/Archives/edgar/data/804753/000095013403003674/c75354e10vk.htm"
    },
    {
        "date": "2002-12-28",
        "symbol": "CERN",
        "reportedCurrency": "USD",
        "cik": "0000804753",
        "fillingDate": "2003-03-12",
        "acceptedDate": "2003-03-11 18:04:08",
        "calendarYear": "2002",
        "period": "Q4",
        "revenue": 215000000,
        "costOfRevenue": 140700000,
        "grossProfit": 74300000,
        "grossProfitRatio": 0.3455813953,
        "researchAndDevelopmentExpenses": 34500000,
        "generalAndAdministrativeExpenses": 12400000,
        "sellingAndMarketingExpenses": 49000,
        "sellingGeneralAndAdministrativeExpenses": 12449000,
        "otherExpenses": 9951000,
        "operatingExpenses": 56900000,
        "costAndExpenses": 197600000,
        "interestIncome": 0,
        "interestExpense": 1414000,
        "depreciationAndAmortization": 15825000,
        "ebitda": 34139000,
        "ebitdaratio": 0.1587860465,
        "operatingIncome": 27336000,
        "operatingIncomeRatio": 0.127144186,
        "totalOtherIncomeExpensesNet": -10436000,
        "incomeBeforeTax": 16900000,
        "incomeBeforeTaxRatio": 0.0786046512,
        "incomeTaxExpense": 7000000,
        "netIncome": 9900000,
        "netIncomeRatio": 0.0460465116,
        "eps": 0.0174,
        "epsdiluted": 0.0167,
        "weightedAverageShsOut": 567632000,
        "weightedAverageShsOutDil": 591704000,
        "link": "https://www.sec.gov/Archives/edgar/data/804753/000095013403003674/0000950134-03-003674-index.htm",
        "finalLink": "https://www.sec.gov/Archives/edgar/data/804753/000095013403003674/c75354e10vk.htm"
    },
    {
        "date": "2002-09-28",
        "symbol": "CERN",
        "reportedCurrency": "USD",
        "cik": "0000804753",
        "fillingDate": "2002-11-06",
        "acceptedDate": "2002-11-06 15:52:39",
        "calendarYear": "2002",
        "period": "Q3",
        "revenue": 197000000,
        "costOfRevenue": 43800000,
        "grossProfit": 153200000,
        "grossProfitRatio": 0.7776649746,
        "researchAndDevelopmentExpenses": 33900000,
        "generalAndAdministrativeExpenses": 95400000,
        "sellingAndMarketingExpenses": -82184000,
        "sellingGeneralAndAdministrativeExpenses": 13216000,
        "otherExpenses": 82184000,
        "operatingExpenses": 129300000,
        "costAndExpenses": 173100000,
        "interestIncome": 0,
        "interestExpense": 1245000,
        "depreciationAndAmortization": 14353000,
        "ebitda": 38298000,
        "ebitdaratio": 0.1944060914,
        "operatingIncome": 23928000,
        "operatingIncomeRatio": 0.1214619289,
        "totalOtherIncomeExpensesNet": -1228000,
        "incomeBeforeTax": 22700000,
        "incomeBeforeTaxRatio": 0.1152284264,
        "incomeTaxExpense": 8900000,
        "netIncome": 13800000,
        "netIncomeRatio": 0.0700507614,
        "eps": 0.0243,
        "epsdiluted": 0.0234,
        "weightedAverageShsOut": 567936000,
        "weightedAverageShsOutDil": 590608000,
        "link": "https://www.sec.gov/Archives/edgar/data/804753/000095013402013498/0000950134-02-013498-index.htm",
        "finalLink": "https://www.sec.gov/Archives/edgar/data/804753/000095013402013498/c72829e10vq.htm"
    },
    {
        "date": "2002-06-29",
        "symbol": "CERN",
        "reportedCurrency": "USD",
        "cik": "0000804753",
        "fillingDate": "2002-08-13",
        "acceptedDate": "2002-08-13 17:28:54",
        "calendarYear": "2002",
        "period": "Q2",
        "revenue": 186800000,
        "costOfRevenue": 45200000,
        "grossProfit": 141600000,
        "grossProfitRatio": 0.7580299786,
        "researchAndDevelopmentExpenses": 31600000,
        "generalAndAdministrativeExpenses": 89100000,
        "sellingAndMarketingExpenses": -76800000,
        "sellingGeneralAndAdministrativeExpenses": 12300000,
        "otherExpenses": 76900000,
        "operatingExpenses": 120800000,
        "costAndExpenses": 166000000,
        "interestIncome": 0,
        "interestExpense": 2900000,
        "depreciationAndAmortization": 13817000,
        "ebitda": 40517000,
        "ebitdaratio": 0.2169004283,
        "operatingIncome": 20873000,
        "operatingIncomeRatio": 0.1117398287,
        "totalOtherIncomeExpensesNet": 2927000,
        "incomeBeforeTax": 23800000,
        "incomeBeforeTaxRatio": 0.1274089936,
        "incomeTaxExpense": 9100000,
        "netIncome": 14700000,
        "netIncomeRatio": 0.0786937901,
        "eps": 0.0259,
        "epsdiluted": 0.0245,
        "weightedAverageShsOut": 567072000,
        "weightedAverageShsOutDil": 599648000,
        "link": "https://www.sec.gov/Archives/edgar/data/804753/000095013402009781/0000950134-02-009781-index.html",
        "finalLink": "https://www.sec.gov/Archives/edgar/data/804753/000095013402009781/c71236e10vq.htm"
    },
    {
        "date": "2002-03-30",
        "symbol": "CERN",
        "reportedCurrency": "USD",
        "cik": "0000804753",
        "fillingDate": "2002-03-30",
        "acceptedDate": "2002-03-29 19:00:00",
        "calendarYear": "2002",
        "period": "Q1",
        "revenue": 181400000,
        "costOfRevenue": 46600000,
        "grossProfit": 134800000,
        "grossProfitRatio": 0.743109151,
        "researchAndDevelopmentExpenses": 29700000,
        "generalAndAdministrativeExpenses": 86500000,
        "sellingAndMarketingExpenses": -74458000,
        "sellingGeneralAndAdministrativeExpenses": 12042000,
        "otherExpenses": 74358000,
        "operatingExpenses": 116100000,
        "costAndExpenses": 162700000,
        "interestIncome": 0,
        "interestExpense": -1500000,
        "depreciationAndAmortization": 13351000,
        "ebitda": 28251000,
        "ebitdaratio": 0.155738699,
        "operatingIncome": 18683000,
        "operatingIncomeRatio": 0.1029933848,
        "totalOtherIncomeExpensesNet": -1483000,
        "incomeBeforeTax": 17200000,
        "incomeBeforeTaxRatio": 0.0948180816,
        "incomeTaxExpense": 6800000,
        "netIncome": 9600000,
        "netIncomeRatio": 0.05292172,
        "eps": 0.017,
        "epsdiluted": 0.0161,
        "weightedAverageShsOut": 566032000,
        "weightedAverageShsOutDil": 595408000,
        "link": "",
        "finalLink": ""
    },
    {
        "date": "2001-12-29",
        "symbol": "CERN",
        "reportedCurrency": "USD",
        "cik": "0000804753",
        "fillingDate": "2002-03-29",
        "acceptedDate": "2002-03-29 00:00:00",
        "calendarYear": "2001",
        "period": "Q4",
        "revenue": 151800000,
        "costOfRevenue": 31700000,
        "grossProfit": 120100000,
        "grossProfitRatio": 0.7911725955,
        "researchAndDevelopmentExpenses": 26300000,
        "generalAndAdministrativeExpenses": 74100000,
        "sellingAndMarketingExpenses": -64240000,
        "sellingGeneralAndAdministrativeExpenses": 9860000,
        "otherExpenses": 64240000,
        "operatingExpenses": 100400000,
        "costAndExpenses": 132100000,
        "interestIncome": 0,
        "interestExpense": -1500000,
        "depreciationAndAmortization": 10798000,
        "ebitda": 27498000,
        "ebitdaratio": 0.1811462451,
        "operatingIncome": 19729000,
        "operatingIncomeRatio": 0.1299670619,
        "totalOtherIncomeExpensesNet": -1429000,
        "incomeBeforeTax": 18300000,
        "incomeBeforeTaxRatio": 0.1205533597,
        "incomeTaxExpense": 7200000,
        "netIncome": 11000000,
        "netIncomeRatio": 0.0724637681,
        "eps": 0.0199,
        "epsdiluted": 0.0194,
        "weightedAverageShsOut": 553656000,
        "weightedAverageShsOutDil": 568344000,
        "link": "https://www.sec.gov/Archives/edgar/data/804753/000095013602000898/0000950136-02-000898-index.htm",
        "finalLink": "https://www.sec.gov/Archives/edgar/data/804753/000095013602000898/file001.txt"
    },
    {
        "date": "2001-09-29",
        "symbol": "CERN",
        "reportedCurrency": "USD",
        "cik": "0000804753",
        "fillingDate": "2001-11-13",
        "acceptedDate": "2001-11-13 00:00:00",
        "calendarYear": "2001",
        "period": "Q3",
        "revenue": 139900000,
        "costOfRevenue": 28400000,
        "grossProfit": 111500000,
        "grossProfitRatio": 0.7969978556,
        "researchAndDevelopmentExpenses": 25500000,
        "generalAndAdministrativeExpenses": 69200000,
        "sellingAndMarketingExpenses": -59210000,
        "sellingGeneralAndAdministrativeExpenses": 9990000,
        "otherExpenses": 59110000,
        "operatingExpenses": 94600000,
        "costAndExpenses": 123000000,
        "interestIncome": 0,
        "interestExpense": -1300000,
        "depreciationAndAmortization": 12927000,
        "ebitda": 27027000,
        "ebitdaratio": 0.1931879914,
        "operatingIncome": 16788000,
        "operatingIncomeRatio": 0.12,
        "totalOtherIncomeExpensesNet": -1288000,
        "incomeBeforeTax": 15500000,
        "incomeBeforeTaxRatio": 0.1107934239,
        "incomeTaxExpense": 6200000,
        "netIncome": 9200000,
        "netIncomeRatio": 0.065761258,
        "eps": 0.0164,
        "epsdiluted": 0.0164,
        "weightedAverageShsOut": 553656000,
        "weightedAverageShsOutDil": 568344000,
        "link": "https://www.sec.gov/Archives/edgar/data/804753/000095012401503911/0000950124-01-503911-index.html",
        "finalLink": "https://www.sec.gov/Archives/edgar/data/804753/000095012401503911/c65980e10-q.htm"
    },
    {
        "date": "2001-06-30",
        "symbol": "CERN",
        "reportedCurrency": "USD",
        "cik": "0000804753",
        "fillingDate": "2001-08-14",
        "acceptedDate": "2001-08-14 00:00:00",
        "calendarYear": "2001",
        "period": "Q2",
        "revenue": 129986000,
        "costOfRevenue": 83049000,
        "grossProfit": 46937000,
        "grossProfitRatio": 0.3610927331,
        "researchAndDevelopmentExpenses": 24366000,
        "generalAndAdministrativeExpenses": 8982000,
        "sellingAndMarketingExpenses": 0,
        "sellingGeneralAndAdministrativeExpenses": 8982000,
        "otherExpenses": 0,
        "operatingExpenses": 33348000,
        "costAndExpenses": 116397000,
        "interestIncome": 0,
        "interestExpense": 0,
        "depreciationAndAmortization": 11857000,
        "ebitda": -95613000,
        "ebitdaratio": -0.73556383,
        "operatingIncome": 13589000,
        "operatingIncomeRatio": 0.1045420276,
        "totalOtherIncomeExpensesNet": -121059000,
        "incomeBeforeTax": -107470000,
        "incomeBeforeTaxRatio": -0.8267813457,
        "incomeTaxExpense": -38487000,
        "netIncome": -68983000,
        "netIncomeRatio": -0.5306956134,
        "eps": -0.12,
        "epsdiluted": -0.12,
        "weightedAverageShsOut": 553656000,
        "weightedAverageShsOutDil": 568344000,
        "link": "https://www.sec.gov/Archives/edgar/data/804753/000095012401502855/0000950124-01-502855-index.html",
        "finalLink": "https://www.sec.gov/Archives/edgar/data/804753/000095012401502855/c64511e10-q.htm"
    },
    {
        "date": "2001-03-31",
        "symbol": "CERN",
        "reportedCurrency": "USD",
        "cik": "0000804753",
        "fillingDate": "2001-05-15",
        "acceptedDate": "2001-05-15 00:00:00",
        "calendarYear": "2001",
        "period": "Q1",
        "revenue": 120996000,
        "costOfRevenue": 75893000,
        "grossProfit": 45103000,
        "grossProfitRatio": 0.3727643889,
        "researchAndDevelopmentExpenses": 24005000,
        "generalAndAdministrativeExpenses": 9673000,
        "sellingAndMarketingExpenses": 0,
        "sellingGeneralAndAdministrativeExpenses": 9673000,
        "otherExpenses": 0,
        "operatingExpenses": 33678000,
        "costAndExpenses": 109571000,
        "interestIncome": 0,
        "interestExpense": 0,
        "depreciationAndAmortization": 11723000,
        "ebitda": 22151000,
        "ebitdaratio": 0.1830721677,
        "operatingIncome": 11425000,
        "operatingIncomeRatio": 0.0944246091,
        "totalOtherIncomeExpensesNet": -997000,
        "incomeBeforeTax": 10428000,
        "incomeBeforeTaxRatio": 0.0861846673,
        "incomeTaxExpense": 4100000,
        "netIncome": 6328000,
        "netIncomeRatio": 0.0522992496,
        "eps": 0.0114,
        "epsdiluted": 0.0111,
        "weightedAverageShsOut": 553656000,
        "weightedAverageShsOutDil": 568344000,
        "link": "https://www.sec.gov/Archives/edgar/data/804753/000095012401501177/0000950124-01-501177-index.html",
        "finalLink": "https://www.sec.gov/Archives/edgar/data/804753/000095012401501177/c62547e10-q.htm"
    },
    {
        "date": "2000-12-30",
        "symbol": "CERN",
        "reportedCurrency": "USD",
        "cik": "0000804753",
        "fillingDate": "2001-03-30",
        "acceptedDate": "2001-03-30 00:00:00",
        "calendarYear": "2000",
        "period": "Q4",
        "revenue": 119600000,
        "costOfRevenue": 28400000,
        "grossProfit": 91200000,
        "grossProfitRatio": 0.762541806,
        "researchAndDevelopmentExpenses": 21800000,
        "generalAndAdministrativeExpenses": 55800000,
        "sellingAndMarketingExpenses": -38828000,
        "sellingGeneralAndAdministrativeExpenses": 16972000,
        "otherExpenses": 40528000,
        "operatingExpenses": 79300000,
        "costAndExpenses": 107700000,
        "interestIncome": 0,
        "interestExpense": -39400000,
        "depreciationAndAmortization": 10471000,
        "ebitda": -56429000,
        "ebitdaratio": -0.4718143813,
        "operatingIncome": -21268000,
        "operatingIncomeRatio": -0.177826087,
        "totalOtherIncomeExpensesNet": -6232000,
        "incomeBeforeTax": -27500000,
        "incomeBeforeTaxRatio": -0.2299331104,
        "incomeTaxExpense": -9600000,
        "netIncome": -17900000,
        "netIncomeRatio": -0.1496655518,
        "eps": -0.0323,
        "epsdiluted": -0.0315,
        "weightedAverageShsOut": 553656000,
        "weightedAverageShsOutDil": 568344000,
        "link": "https://www.sec.gov/Archives/edgar/data/804753/000080475301000056/0000804753-01-000056-index.htm",
        "finalLink": "https://www.sec.gov/Archives/edgar/data/804753/000080475301000056/0000804753-01-000056-0001.txt"
    },
    {
        "date": "2000-09-30",
        "symbol": "CERN",
        "reportedCurrency": "USD",
        "cik": "0000804753",
        "fillingDate": "2000-11-13",
        "acceptedDate": "2000-11-13 00:00:00",
        "calendarYear": "2000",
        "period": "Q3",
        "revenue": 104325000,
        "costOfRevenue": 57135000,
        "grossProfit": 47190000,
        "grossProfitRatio": 0.4523364486,
        "researchAndDevelopmentExpenses": 19064000,
        "generalAndAdministrativeExpenses": 10512000,
        "sellingAndMarketingExpenses": 0,
        "sellingGeneralAndAdministrativeExpenses": 10512000,
        "otherExpenses": 9743000,
        "operatingExpenses": 39319000,
        "costAndExpenses": 96454000,
        "interestIncome": 0,
        "interestExpense": 0,
        "depreciationAndAmortization": 9743000,
        "ebitda": 205331000,
        "ebitdaratio": 1.9681859573,
        "operatingIncome": 7871000,
        "operatingIncomeRatio": 0.0754469207,
        "totalOtherIncomeExpensesNet": 187717000,
        "incomeBeforeTax": 195588000,
        "incomeBeforeTaxRatio": 1.8747951114,
        "incomeTaxExpense": 72252000,
        "netIncome": 123336000,
        "netIncomeRatio": 1.1822286125,
        "eps": 0.22,
        "epsdiluted": 0.22,
        "weightedAverageShsOut": 553656000,
        "weightedAverageShsOutDil": 568344000,
        "link": "https://www.sec.gov/Archives/edgar/data/804753/000080475300000132/0000804753-00-000132-index.html",
        "finalLink": "https://www.sec.gov/Archives/edgar/data/804753/000080475300000132/0000804753-00-000132-0001.txt"
    },
    {
        "date": "2000-07-01",
        "symbol": "CERN",
        "reportedCurrency": "USD",
        "cik": "0000804753",
        "fillingDate": "2000-08-15",
        "acceptedDate": "2000-08-15 00:00:00",
        "calendarYear": "2000",
        "period": "Q2",
        "revenue": 93500000,
        "costOfRevenue": 19500000,
        "grossProfit": 74000000,
        "grossProfitRatio": 0.7914438503,
        "researchAndDevelopmentExpenses": 18100000,
        "generalAndAdministrativeExpenses": 48400000,
        "sellingAndMarketingExpenses": -41749000,
        "sellingGeneralAndAdministrativeExpenses": 6651000,
        "otherExpenses": 48349000,
        "operatingExpenses": 73100000,
        "costAndExpenses": 92600000,
        "interestIncome": 0,
        "interestExpense": -800000,
        "depreciationAndAmortization": 8959000,
        "ebitda": 8259000,
        "ebitdaratio": 0.0883315508,
        "operatingIncome": 7567000,
        "operatingIncomeRatio": 0.0809304813,
        "totalOtherIncomeExpensesNet": 0,
        "incomeBeforeTax": 0,
        "incomeBeforeTaxRatio": 0,
        "incomeTaxExpense": 2700000,
        "netIncome": -2600000,
        "netIncomeRatio": -0.0278074866,
        "eps": -0.0048,
        "epsdiluted": -0.0048,
        "weightedAverageShsOut": 541280000,
        "weightedAverageShsOutDil": 541280000,
        "link": "https://www.sec.gov/Archives/edgar/data/804753/000080475300000106/0000804753-00-000106-index.html",
        "finalLink": "https://www.sec.gov/Archives/edgar/data/804753/000080475300000106/0000804753-00-000106-0001.txt"
    },
    {
        "date": "2000-04-01",
        "symbol": "CERN",
        "reportedCurrency": "USD",
        "cik": "0000804753",
        "fillingDate": "2000-05-15",
        "acceptedDate": "2000-05-15 00:00:00",
        "calendarYear": "2000",
        "period": "Q1",
        "revenue": 87100000,
        "costOfRevenue": 18400000,
        "grossProfit": 68700000,
        "grossProfitRatio": 0.7887485649,
        "researchAndDevelopmentExpenses": 19500000,
        "generalAndAdministrativeExpenses": 44300000,
        "sellingAndMarketingExpenses": -37365000,
        "sellingGeneralAndAdministrativeExpenses": 6935000,
        "otherExpenses": 37365000,
        "operatingExpenses": 63800000,
        "costAndExpenses": 82200000,
        "interestIncome": 0,
        "interestExpense": -900000,
        "depreciationAndAmortization": 8815000,
        "ebitda": 11915000,
        "ebitdaratio": 0.1367967853,
        "operatingIncome": -1571000,
        "operatingIncomeRatio": -0.0180367394,
        "totalOtherIncomeExpensesNet": 5571000,
        "incomeBeforeTax": 4000000,
        "incomeBeforeTaxRatio": 0.045924225,
        "incomeTaxExpense": 1600000,
        "netIncome": 2400000,
        "netIncomeRatio": 0.027554535,
        "eps": 0.0044,
        "epsdiluted": 0.0043,
        "weightedAverageShsOut": 540448000,
        "weightedAverageShsOutDil": 555152000,
        "link": "https://www.sec.gov/Archives/edgar/data/804753/000080475300000062/0000804753-00-000062-index.html",
        "finalLink": "https://www.sec.gov/Archives/edgar/data/804753/0000804753-00-000062.txt"
    },
    {
        "date": "2000-01-01",
        "symbol": "CERN",
        "reportedCurrency": "USD",
        "cik": "0000804753",
        "fillingDate": "2000-01-01",
        "acceptedDate": "1999-12-31 19:00:00",
        "calendarYear": "1999",
        "period": "Q4",
        "revenue": 89800000,
        "costOfRevenue": 31600000,
        "grossProfit": 58200000,
        "grossProfitRatio": 0.6481069042,
        "researchAndDevelopmentExpenses": 18400000,
        "generalAndAdministrativeExpenses": 44400000,
        "sellingAndMarketingExpenses": -37400000,
        "sellingGeneralAndAdministrativeExpenses": 7000000,
        "otherExpenses": 37500000,
        "operatingExpenses": 62900000,
        "costAndExpenses": 94500000,
        "interestIncome": 0,
        "interestExpense": -1100000,
        "depreciationAndAmortization": 8300000,
        "ebitda": 1400000,
        "ebitdaratio": 0.0155902004,
        "operatingIncome": -26300000,
        "operatingIncomeRatio": -0.2928730512,
        "totalOtherIncomeExpensesNet": 20500000,
        "incomeBeforeTax": -5800000,
        "incomeBeforeTaxRatio": -0.0645879733,
        "incomeTaxExpense": -2200000,
        "netIncome": -3600000,
        "netIncomeRatio": -0.0400890869,
        "eps": -0.0134,
        "epsdiluted": -0.0134,
        "weightedAverageShsOut": 269600000,
        "weightedAverageShsOutDil": 269600000,
        "link": "",
        "finalLink": ""
    },
    {
        "date": "1999-10-02",
        "symbol": "CERN",
        "reportedCurrency": "USD",
        "cik": "0000804753",
        "fillingDate": "1999-10-02",
        "acceptedDate": "1999-10-01 20:00:00",
        "calendarYear": "1999",
        "period": "Q3",
        "revenue": 80900000,
        "costOfRevenue": 17900000,
        "grossProfit": 63000000,
        "grossProfitRatio": 0.7787391842,
        "researchAndDevelopmentExpenses": 18200000,
        "generalAndAdministrativeExpenses": 42700000,
        "sellingAndMarketingExpenses": -35500000,
        "sellingGeneralAndAdministrativeExpenses": 7200000,
        "otherExpenses": 35500000,
        "operatingExpenses": 60900000,
        "costAndExpenses": 78800000,
        "interestIncome": 0,
        "interestExpense": -1000000,
        "depreciationAndAmortization": 7500000,
        "ebitda": 7700000,
        "ebitdaratio": 0.0951792336,
        "operatingIncome": 2100000,
        "operatingIncomeRatio": 0.0259579728,
        "totalOtherIncomeExpensesNet": -1000000,
        "incomeBeforeTax": 1100000,
        "incomeBeforeTaxRatio": 0.0135970334,
        "incomeTaxExpense": 500000,
        "netIncome": 700000,
        "netIncomeRatio": 0.0086526576,
        "eps": 0.0026,
        "epsdiluted": 0.0026,
        "weightedAverageShsOut": 268976000,
        "weightedAverageShsOutDil": 268976000,
        "link": "",
        "finalLink": ""
    },
    {
        "date": "1999-07-03",
        "symbol": "CERN",
        "reportedCurrency": "USD",
        "cik": "0000804753",
        "fillingDate": "1999-07-03",
        "acceptedDate": "1999-07-02 20:00:00",
        "calendarYear": "1999",
        "period": "Q2",
        "revenue": 82800000,
        "costOfRevenue": 21900000,
        "grossProfit": 60900000,
        "grossProfitRatio": 0.7355072464,
        "researchAndDevelopmentExpenses": 18500000,
        "generalAndAdministrativeExpenses": 40900000,
        "sellingAndMarketingExpenses": -34100000,
        "sellingGeneralAndAdministrativeExpenses": 6800000,
        "otherExpenses": 34200000,
        "operatingExpenses": 59500000,
        "costAndExpenses": 81400000,
        "interestIncome": 0,
        "interestExpense": -1000000,
        "depreciationAndAmortization": 8000000,
        "ebitda": 6100000,
        "ebitdaratio": 0.0736714976,
        "operatingIncome": 1400000,
        "operatingIncomeRatio": 0.0169082126,
        "totalOtherIncomeExpensesNet": -1000000,
        "incomeBeforeTax": 400000,
        "incomeBeforeTaxRatio": 0.0048309179,
        "incomeTaxExpense": 200000,
        "netIncome": -1100000,
        "netIncomeRatio": -0.0132850242,
        "eps": -0.0041,
        "epsdiluted": -0.0041,
        "weightedAverageShsOut": 268960000,
        "weightedAverageShsOutDil": 268960000,
        "link": "",
        "finalLink": ""
    },
    {
        "date": "1999-04-03",
        "symbol": "CERN",
        "reportedCurrency": "USD",
        "cik": "0000804753",
        "fillingDate": "1999-04-03",
        "acceptedDate": "1999-04-02 19:00:00",
        "calendarYear": "1999",
        "period": "Q1",
        "revenue": 86800000,
        "costOfRevenue": 23600000,
        "grossProfit": 63200000,
        "grossProfitRatio": 0.7281105991,
        "researchAndDevelopmentExpenses": 17500000,
        "generalAndAdministrativeExpenses": 40800000,
        "sellingAndMarketingExpenses": -34100000,
        "sellingGeneralAndAdministrativeExpenses": 6700000,
        "otherExpenses": 34100000,
        "operatingExpenses": 58300000,
        "costAndExpenses": 81900000,
        "interestIncome": 0,
        "interestExpense": -300000,
        "depreciationAndAmortization": 7600000,
        "ebitda": 11800000,
        "ebitdaratio": 0.1359447005,
        "operatingIncome": 4800000,
        "operatingIncomeRatio": 0.0552995392,
        "totalOtherIncomeExpensesNet": -300000,
        "incomeBeforeTax": 4500000,
        "incomeBeforeTaxRatio": 0.051843318,
        "incomeTaxExpense": 1700000,
        "netIncome": 2800000,
        "netIncomeRatio": 0.0322580645,
        "eps": 0.0104,
        "epsdiluted": 0.0104,
        "weightedAverageShsOut": 268800000,
        "weightedAverageShsOutDil": 268800000,
        "link": "",
        "finalLink": ""
    },
    {
        "date": "1999-01-02",
        "symbol": "CERN",
        "reportedCurrency": "USD",
        "cik": "0000804753",
        "fillingDate": "1999-01-02",
        "acceptedDate": "1999-01-01 19:00:00",
        "calendarYear": "1998",
        "period": "Q4",
        "revenue": 95200000,
        "costOfRevenue": 26100000,
        "grossProfit": 69100000,
        "grossProfitRatio": 0.7258403361,
        "researchAndDevelopmentExpenses": 16000000,
        "generalAndAdministrativeExpenses": 39800000,
        "sellingAndMarketingExpenses": -32900000,
        "sellingGeneralAndAdministrativeExpenses": 6900000,
        "otherExpenses": 32800000,
        "operatingExpenses": 55700000,
        "costAndExpenses": 81800000,
        "interestIncome": 0,
        "interestExpense": -200000,
        "depreciationAndAmortization": 6900000,
        "ebitda": 20000000,
        "ebitdaratio": 0.2100840336,
        "operatingIncome": 4800000,
        "operatingIncomeRatio": 0.0504201681,
        "totalOtherIncomeExpensesNet": 8500000,
        "incomeBeforeTax": 13300000,
        "incomeBeforeTaxRatio": 0.1397058824,
        "incomeTaxExpense": 5100000,
        "netIncome": 8200000,
        "netIncomeRatio": 0.0861344538,
        "eps": 0.0302,
        "epsdiluted": 0.0302,
        "weightedAverageShsOut": 271300000,
        "weightedAverageShsOutDil": 271300000,
        "link": "",
        "finalLink": ""
    },
    {
        "date": "1998-10-03",
        "symbol": "CERN",
        "reportedCurrency": "USD",
        "cik": "0000804753",
        "fillingDate": "1998-11-16",
        "acceptedDate": "1998-11-15 19:00:00",
        "calendarYear": "1998",
        "period": "Q3",
        "revenue": 82800000,
        "costOfRevenue": 20200000,
        "grossProfit": 62600000,
        "grossProfitRatio": 0.7560386473,
        "researchAndDevelopmentExpenses": 15600000,
        "generalAndAdministrativeExpenses": 36700000,
        "sellingAndMarketingExpenses": -30200000,
        "sellingGeneralAndAdministrativeExpenses": 6500000,
        "otherExpenses": 30200000,
        "operatingExpenses": 52300000,
        "costAndExpenses": 72500000,
        "interestIncome": 0,
        "interestExpense": -100000,
        "depreciationAndAmortization": 6500000,
        "ebitda": 16500000,
        "ebitdaratio": 0.1992753623,
        "operatingIncome": 10300000,
        "operatingIncomeRatio": 0.1243961353,
        "totalOtherIncomeExpensesNet": -100000,
        "incomeBeforeTax": 10200000,
        "incomeBeforeTaxRatio": 0.1231884058,
        "incomeTaxExpense": 3800000,
        "netIncome": 6300000,
        "netIncomeRatio": 0.0760869565,
        "eps": 0.024,
        "epsdiluted": 0.024,
        "weightedAverageShsOut": 262304000,
        "weightedAverageShsOutDil": 262304000,
        "link": "https://www.sec.gov/Archives/edgar/data/804753/0000804753-98-000028-index.html",
        "finalLink": "https://www.sec.gov/Archives/edgar/data/804753/"
    },
    {
        "date": "1998-07-04",
        "symbol": "CERN",
        "reportedCurrency": "USD",
        "cik": "0000804753",
        "fillingDate": "1998-08-10",
        "acceptedDate": "1998-08-09 20:00:00",
        "calendarYear": "1998",
        "period": "Q2",
        "revenue": 79100000,
        "costOfRevenue": 21200000,
        "grossProfit": 57900000,
        "grossProfitRatio": 0.7319848293,
        "researchAndDevelopmentExpenses": 14500000,
        "generalAndAdministrativeExpenses": 34600000,
        "sellingAndMarketingExpenses": -28100000,
        "sellingGeneralAndAdministrativeExpenses": 6500000,
        "otherExpenses": 28100000,
        "operatingExpenses": 49100000,
        "costAndExpenses": 70300000,
        "interestIncome": 0,
        "interestExpense": -100000,
        "depreciationAndAmortization": 6100000,
        "ebitda": 14800000,
        "ebitdaratio": 0.1871049305,
        "operatingIncome": 8900000,
        "operatingIncomeRatio": 0.1125158028,
        "totalOtherIncomeExpensesNet": -200000,
        "incomeBeforeTax": 8700000,
        "incomeBeforeTaxRatio": 0.1099873578,
        "incomeTaxExpense": 3400000,
        "netIncome": 5400000,
        "netIncomeRatio": 0.0682680152,
        "eps": 0.0206,
        "epsdiluted": 0.0206,
        "weightedAverageShsOut": 262056000,
        "weightedAverageShsOutDil": 262056000,
        "link": "https://www.sec.gov/Archives/edgar/data/804753/0000804753-98-000024-index.html",
        "finalLink": "https://www.sec.gov/Archives/edgar/data/804753/"
    },
    {
        "date": "1998-04-04",
        "symbol": "CERN",
        "reportedCurrency": "USD",
        "cik": "0000804753",
        "fillingDate": "1998-04-04",
        "acceptedDate": "1998-04-03 19:00:00",
        "calendarYear": "1998",
        "period": "Q1",
        "revenue": 73700000,
        "costOfRevenue": 22100000,
        "grossProfit": 51600000,
        "grossProfitRatio": 0.7001356852,
        "researchAndDevelopmentExpenses": 13600000,
        "generalAndAdministrativeExpenses": 32000000,
        "sellingAndMarketingExpenses": -26000000,
        "sellingGeneralAndAdministrativeExpenses": 6000000,
        "otherExpenses": 31000000,
        "operatingExpenses": 50600000,
        "costAndExpenses": 72700000,
        "interestIncome": 0,
        "interestExpense": 200000,
        "depreciationAndAmortization": 5900000,
        "ebitda": 7200000,
        "ebitdaratio": 0.0976933514,
        "operatingIncome": 6000000,
        "operatingIncomeRatio": 0.0814111262,
        "totalOtherIncomeExpensesNet": -4900000,
        "incomeBeforeTax": 1100000,
        "incomeBeforeTaxRatio": 0.0149253731,
        "incomeTaxExpense": 400000,
        "netIncome": 700000,
        "netIncomeRatio": 0.0094979647,
        "eps": 0.0027,
        "epsdiluted": 0.0027,
        "weightedAverageShsOut": 261704000,
        "weightedAverageShsOutDil": 261704000,
        "link": "",
        "finalLink": ""
    },
    {
        "date": "1998-01-03",
        "symbol": "CERN",
        "reportedCurrency": "USD",
        "cik": "0000804753",
        "fillingDate": "1998-01-03",
        "acceptedDate": "1998-01-02 19:00:00",
        "calendarYear": "1997",
        "period": "Q4",
        "revenue": 69900000,
        "costOfRevenue": 19100000,
        "grossProfit": 50800000,
        "grossProfitRatio": 0.7267525036,
        "researchAndDevelopmentExpenses": 11800000,
        "generalAndAdministrativeExpenses": 30800000,
        "sellingAndMarketingExpenses": -23900000,
        "sellingGeneralAndAdministrativeExpenses": 6900000,
        "otherExpenses": 24000000,
        "operatingExpenses": 42700000,
        "costAndExpenses": 61800000,
        "interestIncome": 0,
        "interestExpense": 600000,
        "depreciationAndAmortization": 4700000,
        "ebitda": 13900000,
        "ebitdaratio": 0.1988555079,
        "operatingIncome": 8200000,
        "operatingIncomeRatio": 0.1173104435,
        "totalOtherIncomeExpensesNet": 500000,
        "incomeBeforeTax": 8700000,
        "incomeBeforeTaxRatio": 0.1244635193,
        "incomeTaxExpense": 3200000,
        "netIncome": 5400000,
        "netIncomeRatio": 0.0772532189,
        "eps": 0.0203,
        "epsdiluted": 0.0203,
        "weightedAverageShsOut": 265500000,
        "weightedAverageShsOutDil": 265500000,
        "link": "",
        "finalLink": ""
    },
    {
        "date": "1997-09-27",
        "symbol": "CERN",
        "reportedCurrency": "USD",
        "cik": "0000804753",
        "fillingDate": "1997-11-12",
        "acceptedDate": "1997-11-12 00:00:00",
        "calendarYear": "1997",
        "period": "Q3",
        "revenue": 60800000,
        "costOfRevenue": 15800000,
        "grossProfit": 45000000,
        "grossProfitRatio": 0.7401315789,
        "researchAndDevelopmentExpenses": 12000000,
        "generalAndAdministrativeExpenses": 26300000,
        "sellingAndMarketingExpenses": -20800000,
        "sellingGeneralAndAdministrativeExpenses": 5500000,
        "otherExpenses": 20800000,
        "operatingExpenses": 38300000,
        "costAndExpenses": 54100000,
        "interestIncome": 0,
        "interestExpense": 500000,
        "depreciationAndAmortization": 4700000,
        "ebitda": 12400000,
        "ebitdaratio": 0.2039473684,
        "operatingIncome": 6800000,
        "operatingIncomeRatio": 0.1118421053,
        "totalOtherIncomeExpensesNet": 400000,
        "incomeBeforeTax": 7200000,
        "incomeBeforeTaxRatio": 0.1184210526,
        "incomeTaxExpense": 2800000,
        "netIncome": 4400000,
        "netIncomeRatio": 0.0723684211,
        "eps": 0.0167,
        "epsdiluted": 0.0167,
        "weightedAverageShsOut": 263352000,
        "weightedAverageShsOutDil": 263352000,
        "link": "https://www.sec.gov/Archives/edgar/data/804753/000080475397000028/0000804753-97-000028-index.html",
        "finalLink": "https://www.sec.gov/Archives/edgar/data/804753/0000804753-97-000028.txt"
    },
    {
        "date": "1997-06-28",
        "symbol": "CERN",
        "reportedCurrency": "USD",
        "cik": "0000804753",
        "fillingDate": "1997-08-12",
        "acceptedDate": "1997-08-12 00:00:00",
        "calendarYear": "1997",
        "period": "Q2",
        "revenue": 63300000,
        "costOfRevenue": 21900000,
        "grossProfit": 41400000,
        "grossProfitRatio": 0.654028436,
        "researchAndDevelopmentExpenses": 10600000,
        "generalAndAdministrativeExpenses": 25900000,
        "sellingAndMarketingExpenses": -20400000,
        "sellingGeneralAndAdministrativeExpenses": 5500000,
        "otherExpenses": 20400000,
        "operatingExpenses": 36500000,
        "costAndExpenses": 58400000,
        "interestIncome": 0,
        "interestExpense": 600000,
        "depreciationAndAmortization": 4600000,
        "ebitda": 10700000,
        "ebitdaratio": 0.1690363349,
        "operatingIncome": 4900000,
        "operatingIncomeRatio": 0.0774091627,
        "totalOtherIncomeExpensesNet": 600000,
        "incomeBeforeTax": 5500000,
        "incomeBeforeTaxRatio": 0.0868878357,
        "incomeTaxExpense": 2200000,
        "netIncome": 3300000,
        "netIncomeRatio": 0.0521327014,
        "eps": 0.0125,
        "epsdiluted": 0.0125,
        "weightedAverageShsOut": 263352000,
        "weightedAverageShsOutDil": 263352000,
        "link": "https://www.sec.gov/Archives/edgar/data/804753/000080475397000026/0000804753-97-000026-index.html",
        "finalLink": "https://www.sec.gov/Archives/edgar/data/804753/0000804753-97-000026.txt"
    },
    {
        "date": "1997-03-29",
        "symbol": "CERN",
        "reportedCurrency": "USD",
        "cik": "0000804753",
        "fillingDate": "1997-05-13",
        "acceptedDate": "1997-05-13 00:00:00",
        "calendarYear": "1997",
        "period": "Q1",
        "revenue": 51100000,
        "costOfRevenue": 15100000,
        "grossProfit": 36000000,
        "grossProfitRatio": 0.7045009785,
        "researchAndDevelopmentExpenses": 9600000,
        "generalAndAdministrativeExpenses": 23800000,
        "sellingAndMarketingExpenses": -18600000,
        "sellingGeneralAndAdministrativeExpenses": 5200000,
        "otherExpenses": 18700000,
        "operatingExpenses": 33500000,
        "costAndExpenses": 48600000,
        "interestIncome": 0,
        "interestExpense": 600000,
        "depreciationAndAmortization": 4100000,
        "ebitda": 7800000,
        "ebitdaratio": 0.1526418787,
        "operatingIncome": 2500000,
        "operatingIncomeRatio": 0.0489236791,
        "totalOtherIncomeExpensesNet": 600000,
        "incomeBeforeTax": 3100000,
        "incomeBeforeTaxRatio": 0.060665362,
        "incomeTaxExpense": 1200000,
        "netIncome": 1900000,
        "netIncomeRatio": 0.0371819961,
        "eps": 0.0072,
        "epsdiluted": 0.0072,
        "weightedAverageShsOut": 262864000,
        "weightedAverageShsOutDil": 262864000,
        "link": "https://www.sec.gov/Archives/edgar/data/804753/000080475397000016/0000804753-97-000016-index.html",
        "finalLink": "https://www.sec.gov/Archives/edgar/data/804753/0000804753-97-000016.txt"
    },
    {
        "date": "1996-12-28",
        "symbol": "CERN",
        "reportedCurrency": "USD",
        "cik": "0000804753",
        "fillingDate": "1996-12-28",
        "acceptedDate": "1996-12-27 19:00:00",
        "calendarYear": "1996",
        "period": "Q4",
        "revenue": 46400000,
        "costOfRevenue": 13900000,
        "grossProfit": 32500000,
        "grossProfitRatio": 0.7004310345,
        "researchAndDevelopmentExpenses": 9400000,
        "generalAndAdministrativeExpenses": 21400000,
        "sellingAndMarketingExpenses": -16600000,
        "sellingGeneralAndAdministrativeExpenses": 4800000,
        "otherExpenses": 16600000,
        "operatingExpenses": 30800000,
        "costAndExpenses": 44700000,
        "interestIncome": 0,
        "interestExpense": 500000,
        "depreciationAndAmortization": 3600000,
        "ebitda": 6300000,
        "ebitdaratio": 0.1357758621,
        "operatingIncome": 1700000,
        "operatingIncomeRatio": 0.036637931,
        "totalOtherIncomeExpensesNet": 500000,
        "incomeBeforeTax": 2200000,
        "incomeBeforeTaxRatio": 0.0474137931,
        "incomeTaxExpense": 600000,
        "netIncome": 1600000,
        "netIncomeRatio": 0.0344827586,
        "eps": 0.006,
        "epsdiluted": 0.006,
        "weightedAverageShsOut": 268900000,
        "weightedAverageShsOutDil": 268900000,
        "link": "",
        "finalLink": ""
    },
    {
        "date": "1996-09-28",
        "symbol": "CERN",
        "reportedCurrency": "USD",
        "cik": "0000804753",
        "fillingDate": "1996-11-12",
        "acceptedDate": "1996-11-12 00:00:00",
        "calendarYear": "1996",
        "period": "Q3",
        "revenue": 43400000,
        "costOfRevenue": 13800000,
        "grossProfit": 29600000,
        "grossProfitRatio": 0.6820276498,
        "researchAndDevelopmentExpenses": 9200000,
        "generalAndAdministrativeExpenses": 20000000,
        "sellingAndMarketingExpenses": -15800000,
        "sellingGeneralAndAdministrativeExpenses": 4200000,
        "otherExpenses": 15800000,
        "operatingExpenses": 29200000,
        "costAndExpenses": 43000000,
        "interestIncome": 0,
        "interestExpense": 500000,
        "depreciationAndAmortization": 4600000,
        "ebitda": 6000000,
        "ebitdaratio": 0.1382488479,
        "operatingIncome": 400000,
        "operatingIncomeRatio": 0.0092165899,
        "totalOtherIncomeExpensesNet": 500000,
        "incomeBeforeTax": 900000,
        "incomeBeforeTaxRatio": 0.0207373272,
        "incomeTaxExpense": 100000,
        "netIncome": 800000,
        "netIncomeRatio": 0.0184331797,
        "eps": 0.003,
        "epsdiluted": 0.003,
        "weightedAverageShsOut": 267864000,
        "weightedAverageShsOutDil": 267864000,
        "link": "https://www.sec.gov/Archives/edgar/data/804753/000080475396000035/0000804753-96-000035-index.html",
        "finalLink": "https://www.sec.gov/Archives/edgar/data/804753/0000804753-96-000035.txt"
    },
    {
        "date": "1996-06-29",
        "symbol": "CERN",
        "reportedCurrency": "USD",
        "cik": "0000804753",
        "fillingDate": "1996-08-13",
        "acceptedDate": "1996-08-13 00:00:00",
        "calendarYear": "1996",
        "period": "Q2",
        "revenue": 46700000,
        "costOfRevenue": 13900000,
        "grossProfit": 32800000,
        "grossProfitRatio": 0.7023554604,
        "researchAndDevelopmentExpenses": 8700000,
        "generalAndAdministrativeExpenses": 21900000,
        "sellingAndMarketingExpenses": -17000000,
        "sellingGeneralAndAdministrativeExpenses": 4900000,
        "otherExpenses": 17000000,
        "operatingExpenses": 30600000,
        "costAndExpenses": 44500000,
        "interestIncome": 0,
        "interestExpense": 600000,
        "depreciationAndAmortization": 3700000,
        "ebitda": 7100000,
        "ebitdaratio": 0.1520342612,
        "operatingIncome": 2200000,
        "operatingIncomeRatio": 0.0471092077,
        "totalOtherIncomeExpensesNet": 600000,
        "incomeBeforeTax": 2800000,
        "incomeBeforeTaxRatio": 0.0599571734,
        "incomeTaxExpense": 1100000,
        "netIncome": 1700000,
        "netIncomeRatio": 0.0364025696,
        "eps": 0.0065,
        "epsdiluted": 0.0065,
        "weightedAverageShsOut": 261472000,
        "weightedAverageShsOutDil": 261472000,
        "link": "https://www.sec.gov/Archives/edgar/data/804753/000080475396000033/0000804753-96-000033-index.html",
        "finalLink": "https://www.sec.gov/Archives/edgar/data/804753/0000804753-96-000033.txt"
    },
    {
        "date": "1996-03-30",
        "symbol": "CERN",
        "reportedCurrency": "USD",
        "cik": "0000804753",
        "fillingDate": "1996-05-14",
        "acceptedDate": "1996-05-14 00:00:00",
        "calendarYear": "1996",
        "period": "Q1",
        "revenue": 52500000,
        "costOfRevenue": 17300000,
        "grossProfit": 35200000,
        "grossProfitRatio": 0.6704761905,
        "researchAndDevelopmentExpenses": 8500000,
        "generalAndAdministrativeExpenses": 20500000,
        "sellingAndMarketingExpenses": -15600000,
        "sellingGeneralAndAdministrativeExpenses": 4900000,
        "otherExpenses": 15600000,
        "operatingExpenses": 29000000,
        "costAndExpenses": 46300000,
        "interestIncome": 0,
        "interestExpense": 700000,
        "depreciationAndAmortization": 3600000,
        "ebitda": 11200000,
        "ebitdaratio": 0.2133333333,
        "operatingIncome": 6300000,
        "operatingIncomeRatio": 0.12,
        "totalOtherIncomeExpensesNet": 700000,
        "incomeBeforeTax": 7000000,
        "incomeBeforeTaxRatio": 0.1333333333,
        "incomeTaxExpense": 2700000,
        "netIncome": 4200000,
        "netIncomeRatio": 0.08,
        "eps": 0.0161,
        "epsdiluted": 0.0161,
        "weightedAverageShsOut": 260384000,
        "weightedAverageShsOutDil": 260384000,
        "link": "https://www.sec.gov/Archives/edgar/data/804753/000080475396000027/0000804753-96-000027-index.html",
        "finalLink": "https://www.sec.gov/Archives/edgar/data/804753/0000804753-96-000027.txt"
    },
    {
        "date": "1995-12-31",
        "symbol": "CERN",
        "reportedCurrency": "USD",
        "cik": "0000804753",
        "fillingDate": "1995-12-31",
        "acceptedDate": "1995-12-30 19:00:00",
        "calendarYear": "1995",
        "period": "Q4",
        "revenue": 53000000,
        "costOfRevenue": 24900000,
        "grossProfit": 28100000,
        "grossProfitRatio": 0.5301886792,
        "researchAndDevelopmentExpenses": 7700000,
        "generalAndAdministrativeExpenses": 5100000,
        "sellingAndMarketingExpenses": 0,
        "sellingGeneralAndAdministrativeExpenses": 5100000,
        "otherExpenses": 2700000,
        "operatingExpenses": 15500000,
        "costAndExpenses": 40400000,
        "interestIncome": 0,
        "interestExpense": 0,
        "depreciationAndAmortization": 2700000,
        "ebitda": 16100000,
        "ebitdaratio": 0.3037735849,
        "operatingIncome": 12600000,
        "operatingIncomeRatio": 0.2377358491,
        "totalOtherIncomeExpensesNet": 800000,
        "incomeBeforeTax": 13400000,
        "incomeBeforeTaxRatio": 0.2528301887,
        "incomeTaxExpense": 5100000,
        "netIncome": 8300000,
        "netIncomeRatio": 0.1566037736,
        "eps": 0.0308,
        "epsdiluted": 0.0308,
        "weightedAverageShsOut": 269600000,
        "weightedAverageShsOutDil": 269600000,
        "link": "",
        "finalLink": ""
    },
    {
        "date": "1995-09-30",
        "symbol": "CERN",
        "reportedCurrency": "USD",
        "cik": "0000804753",
        "fillingDate": "1995-11-14",
        "acceptedDate": "1995-11-14 00:00:00",
        "calendarYear": "1995",
        "period": "Q3",
        "revenue": 41700000,
        "costOfRevenue": 21000000,
        "grossProfit": 20700000,
        "grossProfitRatio": 0.4964028777,
        "researchAndDevelopmentExpenses": 7400000,
        "generalAndAdministrativeExpenses": 4400000,
        "sellingAndMarketingExpenses": 0,
        "sellingGeneralAndAdministrativeExpenses": 4400000,
        "otherExpenses": 3400000,
        "operatingExpenses": 15200000,
        "costAndExpenses": 36200000,
        "interestIncome": 0,
        "interestExpense": 0,
        "depreciationAndAmortization": 3400000,
        "ebitda": 9200000,
        "ebitdaratio": 0.2206235012,
        "operatingIncome": 5500000,
        "operatingIncomeRatio": 0.1318944844,
        "totalOtherIncomeExpensesNet": 300000,
        "incomeBeforeTax": 5800000,
        "incomeBeforeTaxRatio": 0.139088729,
        "incomeTaxExpense": 2300000,
        "netIncome": 3500000,
        "netIncomeRatio": 0.0839328537,
        "eps": 0.0135,
        "epsdiluted": 0.0135,
        "weightedAverageShsOut": 259912000,
        "weightedAverageShsOutDil": 259912000,
        "link": "https://www.sec.gov/Archives/edgar/data/804753/000092702595000035/0000927025-95-000035-index.html",
        "finalLink": "https://www.sec.gov/Archives/edgar/data/804753/0000927025-95-000035.txt"
    },
    {
        "date": "1995-07-01",
        "symbol": "CERN",
        "reportedCurrency": "USD",
        "cik": "0000804753",
        "fillingDate": "1995-07-25",
        "acceptedDate": "1995-07-25 00:00:00",
        "calendarYear": "1995",
        "period": "Q2",
        "revenue": 49000000,
        "costOfRevenue": 14200000,
        "grossProfit": 34800000,
        "grossProfitRatio": 0.7102040816,
        "researchAndDevelopmentExpenses": 7400000,
        "generalAndAdministrativeExpenses": 16600000,
        "sellingAndMarketingExpenses": -12900000,
        "sellingGeneralAndAdministrativeExpenses": 3700000,
        "otherExpenses": 12900000,
        "operatingExpenses": 24000000,
        "costAndExpenses": 38200000,
        "interestIncome": 0,
        "interestExpense": -500000,
        "depreciationAndAmortization": 3000000,
        "ebitda": 12800000,
        "ebitdaratio": 0.2612244898,
        "operatingIncome": 10900000,
        "operatingIncomeRatio": 0.2224489796,
        "totalOtherIncomeExpensesNet": -600000,
        "incomeBeforeTax": 10300000,
        "incomeBeforeTaxRatio": 0.2102040816,
        "incomeTaxExpense": 4100000,
        "netIncome": 6200000,
        "netIncomeRatio": 0.1265306122,
        "eps": 0.0274,
        "epsdiluted": 0.0274,
        "weightedAverageShsOut": 226368000,
        "weightedAverageShsOutDil": 226368000,
        "link": "https://www.sec.gov/Archives/edgar/data/804753/000095013195001938/0000950131-95-001938-index.html",
        "finalLink": "https://www.sec.gov/Archives/edgar/data/804753/0000950131-95-001938.txt"
    },
    {
        "date": "1995-04-01",
        "symbol": "CERN",
        "reportedCurrency": "USD",
        "cik": "0000804753",
        "fillingDate": "1995-05-16",
        "acceptedDate": "1995-05-16 00:00:00",
        "calendarYear": "1995",
        "period": "Q1",
        "revenue": 43200000,
        "costOfRevenue": 12100000,
        "grossProfit": 31100000,
        "grossProfitRatio": 0.7199074074,
        "researchAndDevelopmentExpenses": 7600000,
        "generalAndAdministrativeExpenses": 15200000,
        "sellingAndMarketingExpenses": -11200000,
        "sellingGeneralAndAdministrativeExpenses": 4000000,
        "otherExpenses": 11200000,
        "operatingExpenses": 22800000,
        "costAndExpenses": 34900000,
        "interestIncome": 0,
        "interestExpense": -500000,
        "depreciationAndAmortization": 3100000,
        "ebitda": 10400000,
        "ebitdaratio": 0.2407407407,
        "operatingIncome": 8300000,
        "operatingIncomeRatio": 0.1921296296,
        "totalOtherIncomeExpensesNet": -500000,
        "incomeBeforeTax": 7800000,
        "incomeBeforeTaxRatio": 0.1805555556,
        "incomeTaxExpense": 3300000,
        "netIncome": 4500000,
        "netIncomeRatio": 0.1041666667,
        "eps": 0.0199,
        "epsdiluted": 0.0199,
        "weightedAverageShsOut": 226368000,
        "weightedAverageShsOutDil": 226368000,
        "link": "https://www.sec.gov/Archives/edgar/data/804753/000080475395000030/0000804753-95-000030-index.html",
        "finalLink": "https://www.sec.gov/Archives/edgar/data/804753/0000804753-95-000030.txt"
    },
    {
        "date": "1994-12-31",
        "symbol": "CERN",
        "reportedCurrency": "USD",
        "cik": "0000804753",
        "fillingDate": "1994-12-31",
        "acceptedDate": "1994-12-30 19:00:00",
        "calendarYear": "1994",
        "period": "Q4",
        "revenue": 44700000,
        "costOfRevenue": 28700000,
        "grossProfit": 16000000,
        "grossProfitRatio": 0.3579418345,
        "researchAndDevelopmentExpenses": 0,
        "generalAndAdministrativeExpenses": 0,
        "sellingAndMarketingExpenses": 0,
        "sellingGeneralAndAdministrativeExpenses": 17800000,
        "otherExpenses": -13400000,
        "operatingExpenses": 4400000,
        "costAndExpenses": 33100000,
        "interestIncome": 0,
        "interestExpense": 0,
        "depreciationAndAmortization": 2900000,
        "ebitda": 14000000,
        "ebitdaratio": 0.3131991051,
        "operatingIncome": 11600000,
        "operatingIncomeRatio": 0.25950783,
        "totalOtherIncomeExpensesNet": -500000,
        "incomeBeforeTax": 11100000,
        "incomeBeforeTaxRatio": 0.2483221477,
        "incomeTaxExpense": 4600000,
        "netIncome": 6500000,
        "netIncomeRatio": 0.1454138702,
        "eps": 0.0291,
        "epsdiluted": 0.0291,
        "weightedAverageShsOut": 223152000,
        "weightedAverageShsOutDil": 223152000,
        "link": "",
        "finalLink": ""
    },
    {
        "date": "1994-09-30",
        "symbol": "CERN",
        "reportedCurrency": "USD",
        "cik": "0000804753",
        "fillingDate": "1994-09-30",
        "acceptedDate": "1994-09-29 20:00:00",
        "calendarYear": "1994",
        "period": "Q3",
        "revenue": 40900000,
        "costOfRevenue": 17600000,
        "grossProfit": 23300000,
        "grossProfitRatio": 0.5696821516,
        "researchAndDevelopmentExpenses": 5900000,
        "generalAndAdministrativeExpenses": 6400000,
        "sellingAndMarketingExpenses": 0,
        "sellingGeneralAndAdministrativeExpenses": 6400000,
        "otherExpenses": 2400000,
        "operatingExpenses": 14700000,
        "costAndExpenses": 32300000,
        "interestIncome": 0,
        "interestExpense": 0,
        "depreciationAndAmortization": 2600000,
        "ebitda": 11000000,
        "ebitdaratio": 0.2689486553,
        "operatingIncome": 8600000,
        "operatingIncomeRatio": 0.2102689487,
        "totalOtherIncomeExpensesNet": -200000,
        "incomeBeforeTax": 8400000,
        "incomeBeforeTaxRatio": 0.2053789731,
        "incomeTaxExpense": 3300000,
        "netIncome": 5100000,
        "netIncomeRatio": 0.1246943765,
        "eps": 0.0229,
        "epsdiluted": 0.0229,
        "weightedAverageShsOut": 223152000,
        "weightedAverageShsOutDil": 223152000,
        "link": "",
        "finalLink": ""
    },
    {
        "date": "1994-06-30",
        "symbol": "CERN",
        "reportedCurrency": "USD",
        "cik": "0000804753",
        "fillingDate": "1994-06-30",
        "acceptedDate": "1994-06-29 20:00:00",
        "calendarYear": "1994",
        "period": "Q2",
        "revenue": 39800000,
        "costOfRevenue": 17300000,
        "grossProfit": 22500000,
        "grossProfitRatio": 0.5653266332,
        "researchAndDevelopmentExpenses": 5400000,
        "generalAndAdministrativeExpenses": 6200000,
        "sellingAndMarketingExpenses": 0,
        "sellingGeneralAndAdministrativeExpenses": 6200000,
        "otherExpenses": 2300000,
        "operatingExpenses": 13900000,
        "costAndExpenses": 31200000,
        "interestIncome": 0,
        "interestExpense": 0,
        "depreciationAndAmortization": 2200000,
        "ebitda": 10500000,
        "ebitdaratio": 0.2638190955,
        "operatingIncome": 8600000,
        "operatingIncomeRatio": 0.216080402,
        "totalOtherIncomeExpensesNet": -300000,
        "incomeBeforeTax": 8300000,
        "incomeBeforeTaxRatio": 0.2085427136,
        "incomeTaxExpense": 3400000,
        "netIncome": 4900000,
        "netIncomeRatio": 0.1231155779,
        "eps": 0.0221,
        "epsdiluted": 0.0221,
        "weightedAverageShsOut": 221664000,
        "weightedAverageShsOutDil": 221664000,
        "link": "",
        "finalLink": ""
    },
    {
        "date": "1994-03-31",
        "symbol": "CERN",
        "reportedCurrency": "USD",
        "cik": "0000804753",
        "fillingDate": "1994-03-31",
        "acceptedDate": "1994-03-30 19:00:00",
        "calendarYear": "1994",
        "period": "Q1",
        "revenue": 30500000,
        "costOfRevenue": 12800000,
        "grossProfit": 17700000,
        "grossProfitRatio": 0.5803278689,
        "researchAndDevelopmentExpenses": 5100000,
        "generalAndAdministrativeExpenses": 5500000,
        "sellingAndMarketingExpenses": 0,
        "sellingGeneralAndAdministrativeExpenses": 5500000,
        "otherExpenses": 2400000,
        "operatingExpenses": 13000000,
        "costAndExpenses": 25800000,
        "interestIncome": 0,
        "interestExpense": 0,
        "depreciationAndAmortization": 2400000,
        "ebitda": 7100000,
        "ebitdaratio": 0.2327868852,
        "operatingIncome": 4700000,
        "operatingIncomeRatio": 0.1540983607,
        "totalOtherIncomeExpensesNet": 0,
        "incomeBeforeTax": 4700000,
        "incomeBeforeTaxRatio": 0.1540983607,
        "incomeTaxExpense": 1700000,
        "netIncome": 3000000,
        "netIncomeRatio": 0.0983606557,
        "eps": 0.0137,
        "epsdiluted": 0.0137,
        "weightedAverageShsOut": 218720000,
        "weightedAverageShsOutDil": 218720000,
        "link": "",
        "finalLink": ""
    },
    {
        "date": "1993-12-31",
        "symbol": "CERN",
        "reportedCurrency": "USD",
        "cik": "0000804753",
        "fillingDate": "1993-12-31",
        "acceptedDate": "1993-12-30 19:00:00",
        "calendarYear": "1993",
        "period": "Q4",
        "revenue": 30900000,
        "costOfRevenue": 19500000,
        "grossProfit": 11400000,
        "grossProfitRatio": 0.3689320388,
        "researchAndDevelopmentExpenses": 0,
        "generalAndAdministrativeExpenses": 0,
        "sellingAndMarketingExpenses": 0,
        "sellingGeneralAndAdministrativeExpenses": 5300000,
        "otherExpenses": 2000000,
        "operatingExpenses": 7300000,
        "costAndExpenses": 26800000,
        "interestIncome": 0,
        "interestExpense": 0,
        "depreciationAndAmortization": 2000000,
        "ebitda": 9500000,
        "ebitdaratio": 0.3074433657,
        "operatingIncome": 4100000,
        "operatingIncomeRatio": 0.1326860841,
        "totalOtherIncomeExpensesNet": 3400000,
        "incomeBeforeTax": 7500000,
        "incomeBeforeTaxRatio": 0.2427184466,
        "incomeTaxExpense": 2800000,
        "netIncome": 4700000,
        "netIncomeRatio": 0.1521035599,
        "eps": 0.0221,
        "epsdiluted": 0.0221,
        "weightedAverageShsOut": 212656000,
        "weightedAverageShsOutDil": 212656000,
        "link": "",
        "finalLink": ""
    },
    {
        "date": "1993-09-30",
        "symbol": "CERN",
        "reportedCurrency": "USD",
        "cik": "0000804753",
        "fillingDate": "1993-09-30",
        "acceptedDate": "1993-09-29 20:00:00",
        "calendarYear": "1993",
        "period": "Q3",
        "revenue": 32300000,
        "costOfRevenue": 19700000,
        "grossProfit": 12600000,
        "grossProfitRatio": 0.3900928793,
        "researchAndDevelopmentExpenses": 0,
        "generalAndAdministrativeExpenses": 4200000,
        "sellingAndMarketingExpenses": 0,
        "sellingGeneralAndAdministrativeExpenses": 4200000,
        "otherExpenses": 1500000,
        "operatingExpenses": 5700000,
        "costAndExpenses": 25400000,
        "interestIncome": 0,
        "interestExpense": 0,
        "depreciationAndAmortization": 1500000,
        "ebitda": 8300000,
        "ebitdaratio": 0.2569659443,
        "operatingIncome": 6900000,
        "operatingIncomeRatio": 0.213622291,
        "totalOtherIncomeExpensesNet": -100000,
        "incomeBeforeTax": 6800000,
        "incomeBeforeTaxRatio": 0.2105263158,
        "incomeTaxExpense": 2700000,
        "netIncome": 4100000,
        "netIncomeRatio": 0.1269349845,
        "eps": 0.0193,
        "epsdiluted": 0.0193,
        "weightedAverageShsOut": 212656000,
        "weightedAverageShsOutDil": 212656000,
        "link": "",
        "finalLink": ""
    },
    {
        "date": "1993-06-30",
        "symbol": "CERN",
        "reportedCurrency": "USD",
        "cik": "0000804753",
        "fillingDate": "1993-06-30",
        "acceptedDate": "1993-06-29 20:00:00",
        "calendarYear": "1993",
        "period": "Q2",
        "revenue": 29800000,
        "costOfRevenue": 18800000,
        "grossProfit": 11000000,
        "grossProfitRatio": 0.3691275168,
        "researchAndDevelopmentExpenses": 0,
        "generalAndAdministrativeExpenses": 4000000,
        "sellingAndMarketingExpenses": 0,
        "sellingGeneralAndAdministrativeExpenses": 4000000,
        "otherExpenses": 1500000,
        "operatingExpenses": 5500000,
        "costAndExpenses": 24300000,
        "interestIncome": 0,
        "interestExpense": 0,
        "depreciationAndAmortization": 1500000,
        "ebitda": 7100000,
        "ebitdaratio": 0.2382550336,
        "operatingIncome": 5500000,
        "operatingIncomeRatio": 0.1845637584,
        "totalOtherIncomeExpensesNet": 100000,
        "incomeBeforeTax": 5600000,
        "incomeBeforeTaxRatio": 0.1879194631,
        "incomeTaxExpense": 2300000,
        "netIncome": 3300000,
        "netIncomeRatio": 0.110738255,
        "eps": 0.0158,
        "epsdiluted": 0.0158,
        "weightedAverageShsOut": 209248000,
        "weightedAverageShsOutDil": 209248000,
        "link": "",
        "finalLink": ""
    },
    {
        "date": "1993-03-31",
        "symbol": "CERN",
        "reportedCurrency": "USD",
        "cik": "0000804753",
        "fillingDate": "1993-03-31",
        "acceptedDate": "1993-03-30 19:00:00",
        "calendarYear": "1993",
        "period": "Q1",
        "revenue": 24100000,
        "costOfRevenue": 15000000,
        "grossProfit": 9100000,
        "grossProfitRatio": 0.377593361,
        "researchAndDevelopmentExpenses": 0,
        "generalAndAdministrativeExpenses": 3500000,
        "sellingAndMarketingExpenses": 0,
        "sellingGeneralAndAdministrativeExpenses": 3500000,
        "otherExpenses": 1400000,
        "operatingExpenses": 4900000,
        "costAndExpenses": 19900000,
        "interestIncome": 0,
        "interestExpense": 0,
        "depreciationAndAmortization": 1400000,
        "ebitda": 5800000,
        "ebitdaratio": 0.2406639004,
        "operatingIncome": 4200000,
        "operatingIncomeRatio": 0.1742738589,
        "totalOtherIncomeExpensesNet": 200000,
        "incomeBeforeTax": 4400000,
        "incomeBeforeTaxRatio": 0.1825726141,
        "incomeTaxExpense": 1800000,
        "netIncome": 2600000,
        "netIncomeRatio": 0.1078838174,
        "eps": 0.0126,
        "epsdiluted": 0.0126,
        "weightedAverageShsOut": 206704000,
        "weightedAverageShsOutDil": 206704000,
        "link": "",
        "finalLink": ""
    },
    {
        "date": "1992-12-31",
        "symbol": "CERN",
        "reportedCurrency": "USD",
        "cik": "0000804753",
        "fillingDate": "1992-12-31",
        "acceptedDate": "1992-12-30 19:00:00",
        "calendarYear": "1992",
        "period": "Q4",
        "revenue": 24000000,
        "costOfRevenue": 17200000,
        "grossProfit": 6800000,
        "grossProfitRatio": 0.2833333333,
        "researchAndDevelopmentExpenses": 0,
        "generalAndAdministrativeExpenses": 0,
        "sellingAndMarketingExpenses": 0,
        "sellingGeneralAndAdministrativeExpenses": 2500000,
        "otherExpenses": 1500000,
        "operatingExpenses": 4000000,
        "costAndExpenses": 21200000,
        "interestIncome": 0,
        "interestExpense": 0,
        "depreciationAndAmortization": 1500000,
        "ebitda": 7100000,
        "ebitdaratio": 0.2958333333,
        "operatingIncome": 2800000,
        "operatingIncomeRatio": 0.1166666667,
        "totalOtherIncomeExpensesNet": 2800000,
        "incomeBeforeTax": 5600000,
        "incomeBeforeTaxRatio": 0.2333333333,
        "incomeTaxExpense": 2300000,
        "netIncome": 3300000,
        "netIncomeRatio": 0.1375,
        "eps": 0.0161,
        "epsdiluted": 0.0161,
        "weightedAverageShsOut": 204512000,
        "weightedAverageShsOutDil": 204512000,
        "link": "",
        "finalLink": ""
    },
    {
        "date": "1992-09-30",
        "symbol": "CERN",
        "reportedCurrency": "USD",
        "cik": "0000804753",
        "fillingDate": "1992-09-30",
        "acceptedDate": "1992-09-29 20:00:00",
        "calendarYear": "1992",
        "period": "Q3",
        "revenue": 27800000,
        "costOfRevenue": 18100000,
        "grossProfit": 9700000,
        "grossProfitRatio": 0.3489208633,
        "researchAndDevelopmentExpenses": 0,
        "generalAndAdministrativeExpenses": 3500000,
        "sellingAndMarketingExpenses": 0,
        "sellingGeneralAndAdministrativeExpenses": 3500000,
        "otherExpenses": 1300000,
        "operatingExpenses": 4800000,
        "costAndExpenses": 22900000,
        "interestIncome": 0,
        "interestExpense": 0,
        "depreciationAndAmortization": 1300000,
        "ebitda": 6200000,
        "ebitdaratio": 0.2230215827,
        "operatingIncome": 4900000,
        "operatingIncomeRatio": 0.1762589928,
        "totalOtherIncomeExpensesNet": 0,
        "incomeBeforeTax": 4900000,
        "incomeBeforeTaxRatio": 0.1762589928,
        "incomeTaxExpense": 1900000,
        "netIncome": 3000000,
        "netIncomeRatio": 0.1079136691,
        "eps": 0.0147,
        "epsdiluted": 0.0147,
        "weightedAverageShsOut": 204512000,
        "weightedAverageShsOutDil": 204512000,
        "link": "",
        "finalLink": ""
    },
    {
        "date": "1992-06-30",
        "symbol": "CERN",
        "reportedCurrency": "USD",
        "cik": "0000804753",
        "fillingDate": "1992-06-30",
        "acceptedDate": "1992-06-29 20:00:00",
        "calendarYear": "1992",
        "period": "Q2",
        "revenue": 26300000,
        "costOfRevenue": 17900000,
        "grossProfit": 8400000,
        "grossProfitRatio": 0.319391635,
        "researchAndDevelopmentExpenses": 0,
        "generalAndAdministrativeExpenses": 3300000,
        "sellingAndMarketingExpenses": 0,
        "sellingGeneralAndAdministrativeExpenses": 3300000,
        "otherExpenses": 1400000,
        "operatingExpenses": 4700000,
        "costAndExpenses": 22600000,
        "interestIncome": 0,
        "interestExpense": 0,
        "depreciationAndAmortization": 1400000,
        "ebitda": 5000000,
        "ebitdaratio": 0.1901140684,
        "operatingIncome": 3700000,
        "operatingIncomeRatio": 0.1406844106,
        "totalOtherIncomeExpensesNet": -100000,
        "incomeBeforeTax": 3600000,
        "incomeBeforeTaxRatio": 0.1368821293,
        "incomeTaxExpense": 1400000,
        "netIncome": 2200000,
        "netIncomeRatio": 0.0836501901,
        "eps": 0.0108,
        "epsdiluted": 0.0108,
        "weightedAverageShsOut": 203264000,
        "weightedAverageShsOutDil": 203264000,
        "link": "",
        "finalLink": ""
    },
    {
        "date": "1992-03-31",
        "symbol": "CERN",
        "reportedCurrency": "USD",
        "cik": "0000804753",
        "fillingDate": "1992-03-31",
        "acceptedDate": "1992-03-30 19:00:00",
        "calendarYear": "1992",
        "period": "Q1",
        "revenue": 20200000,
        "costOfRevenue": 13600000,
        "grossProfit": 6600000,
        "grossProfitRatio": 0.3267326733,
        "researchAndDevelopmentExpenses": 0,
        "generalAndAdministrativeExpenses": 3000000,
        "sellingAndMarketingExpenses": 0,
        "sellingGeneralAndAdministrativeExpenses": 3000000,
        "otherExpenses": 1100000,
        "operatingExpenses": 4100000,
        "costAndExpenses": 17700000,
        "interestIncome": 0,
        "interestExpense": 0,
        "depreciationAndAmortization": 1100000,
        "ebitda": 3500000,
        "ebitdaratio": 0.1732673267,
        "operatingIncome": 2500000,
        "operatingIncomeRatio": 0.1237623762,
        "totalOtherIncomeExpensesNet": -100000,
        "incomeBeforeTax": 2400000,
        "incomeBeforeTaxRatio": 0.1188118812,
        "incomeTaxExpense": 900000,
        "netIncome": 1500000,
        "netIncomeRatio": 0.0742574257,
        "eps": 0.0074,
        "epsdiluted": 0.0074,
        "weightedAverageShsOut": 202992000,
        "weightedAverageShsOutDil": 202992000,
        "link": "",
        "finalLink": ""
    },
    {
        "date": "1991-12-31",
        "symbol": "CERN",
        "reportedCurrency": "USD",
        "cik": "0000804753",
        "fillingDate": "1991-12-31",
        "acceptedDate": "1991-12-30 19:00:00",
        "calendarYear": "1991",
        "period": "Q4",
        "revenue": 23700000,
        "costOfRevenue": -3000000,
        "grossProfit": 26700000,
        "grossProfitRatio": 1.1265822785,
        "researchAndDevelopmentExpenses": 0,
        "generalAndAdministrativeExpenses": 0,
        "sellingAndMarketingExpenses": 0,
        "sellingGeneralAndAdministrativeExpenses": 24700000,
        "otherExpenses": 900000,
        "operatingExpenses": 25600000,
        "costAndExpenses": 22600000,
        "interestIncome": 0,
        "interestExpense": 0,
        "depreciationAndAmortization": 900000,
        "ebitda": 4300000,
        "ebitdaratio": 0.1814345992,
        "operatingIncome": 1100000,
        "operatingIncomeRatio": 0.0464135021,
        "totalOtherIncomeExpensesNet": 2300000,
        "incomeBeforeTax": 3400000,
        "incomeBeforeTaxRatio": 0.1434599156,
        "incomeTaxExpense": 1300000,
        "netIncome": 2100000,
        "netIncomeRatio": 0.0886075949,
        "eps": 0.0104,
        "epsdiluted": 0.0104,
        "weightedAverageShsOut": 201680000,
        "weightedAverageShsOutDil": 201680000,
        "link": "",
        "finalLink": ""
    },
    {
        "date": "1991-09-30",
        "symbol": "CERN",
        "reportedCurrency": "USD",
        "cik": "0000804753",
        "fillingDate": "1991-09-30",
        "acceptedDate": "1991-09-29 20:00:00",
        "calendarYear": "1991",
        "period": "Q3",
        "revenue": 18300000,
        "costOfRevenue": 13500000,
        "grossProfit": 4800000,
        "grossProfitRatio": 0.262295082,
        "researchAndDevelopmentExpenses": 0,
        "generalAndAdministrativeExpenses": 1900000,
        "sellingAndMarketingExpenses": 0,
        "sellingGeneralAndAdministrativeExpenses": 1900000,
        "otherExpenses": 900000,
        "operatingExpenses": 2800000,
        "costAndExpenses": 16300000,
        "interestIncome": 0,
        "interestExpense": 0,
        "depreciationAndAmortization": 1000000,
        "ebitda": 2900000,
        "ebitdaratio": 0.1584699454,
        "operatingIncome": 2000000,
        "operatingIncomeRatio": 0.1092896175,
        "totalOtherIncomeExpensesNet": -100000,
        "incomeBeforeTax": 1900000,
        "incomeBeforeTaxRatio": 0.1038251366,
        "incomeTaxExpense": 700000,
        "netIncome": 1200000,
        "netIncomeRatio": 0.0655737705,
        "eps": 0.006,
        "epsdiluted": 0.006,
        "weightedAverageShsOut": 201680000,
        "weightedAverageShsOutDil": 201680000,
        "link": "",
        "finalLink": ""
    },
    {
        "date": "1991-06-30",
        "symbol": "CERN",
        "reportedCurrency": "USD",
        "cik": "0000804753",
        "fillingDate": "1991-06-30",
        "acceptedDate": "1991-06-29 20:00:00",
        "calendarYear": "1991",
        "period": "Q2",
        "revenue": 18100000,
        "costOfRevenue": 13700000,
        "grossProfit": 4400000,
        "grossProfitRatio": 0.2430939227,
        "researchAndDevelopmentExpenses": 0,
        "generalAndAdministrativeExpenses": 1600000,
        "sellingAndMarketingExpenses": 0,
        "sellingGeneralAndAdministrativeExpenses": 1600000,
        "otherExpenses": 900000,
        "operatingExpenses": 2500000,
        "costAndExpenses": 16200000,
        "interestIncome": 0,
        "interestExpense": 0,
        "depreciationAndAmortization": 900000,
        "ebitda": 2600000,
        "ebitdaratio": 0.1436464088,
        "operatingIncome": 1900000,
        "operatingIncomeRatio": 0.1049723757,
        "totalOtherIncomeExpensesNet": -200000,
        "incomeBeforeTax": 1700000,
        "incomeBeforeTaxRatio": 0.0939226519,
        "incomeTaxExpense": 700000,
        "netIncome": 1000000,
        "netIncomeRatio": 0.0552486188,
        "eps": 0.005,
        "epsdiluted": 0.005,
        "weightedAverageShsOut": 201312000,
        "weightedAverageShsOutDil": 201312000,
        "link": "",
        "finalLink": ""
    },
    {
        "date": "1991-03-31",
        "symbol": "CERN",
        "reportedCurrency": "USD",
        "cik": "0000804753",
        "fillingDate": "1991-03-31",
        "acceptedDate": "1991-03-30 19:00:00",
        "calendarYear": "1991",
        "period": "Q1",
        "revenue": 14900000,
        "costOfRevenue": 6700000,
        "grossProfit": 8200000,
        "grossProfitRatio": 0.5503355705,
        "researchAndDevelopmentExpenses": 0,
        "generalAndAdministrativeExpenses": 6600000,
        "sellingAndMarketingExpenses": 0,
        "sellingGeneralAndAdministrativeExpenses": 6600000,
        "otherExpenses": 800000,
        "operatingExpenses": 7400000,
        "costAndExpenses": 14100000,
        "interestIncome": 0,
        "interestExpense": 0,
        "depreciationAndAmortization": 800000,
        "ebitda": 1500000,
        "ebitdaratio": 0.1006711409,
        "operatingIncome": 800000,
        "operatingIncomeRatio": 0.0536912752,
        "totalOtherIncomeExpensesNet": -100000,
        "incomeBeforeTax": 700000,
        "incomeBeforeTaxRatio": 0.0469798658,
        "incomeTaxExpense": 300000,
        "netIncome": 400000,
        "netIncomeRatio": 0.0268456376,
        "eps": 0.002,
        "epsdiluted": 0.002,
        "weightedAverageShsOut": 201264000,
        "weightedAverageShsOutDil": 201264000,
        "link": "",
        "finalLink": ""
    },
    {
        "date": "1990-12-31",
        "symbol": "CERN",
        "reportedCurrency": "USD",
        "cik": "0000804753",
        "fillingDate": "1990-12-31",
        "acceptedDate": "1990-12-30 19:00:00",
        "calendarYear": "1990",
        "period": "Q4",
        "revenue": 14200000,
        "costOfRevenue": 14800000,
        "grossProfit": -600000,
        "grossProfitRatio": -0.0422535211,
        "researchAndDevelopmentExpenses": 0,
        "generalAndAdministrativeExpenses": 0,
        "sellingAndMarketingExpenses": 0,
        "sellingGeneralAndAdministrativeExpenses": -1400000,
        "otherExpenses": 800000,
        "operatingExpenses": -600000,
        "costAndExpenses": 14200000,
        "interestIncome": 0,
        "interestExpense": 0,
        "depreciationAndAmortization": 800000,
        "ebitda": 600000,
        "ebitdaratio": 0.0422535211,
        "operatingIncome": -200000,
        "operatingIncomeRatio": -0.014084507,
        "totalOtherIncomeExpensesNet": 0,
        "incomeBeforeTax": -200000,
        "incomeBeforeTaxRatio": -0.014084507,
        "incomeTaxExpense": -100000,
        "netIncome": -100000,
        "netIncomeRatio": -0.0070422535,
        "eps": -0.0005,
        "epsdiluted": -0.0005,
        "weightedAverageShsOut": 200928000,
        "weightedAverageShsOutDil": 200928000,
        "link": "",
        "finalLink": ""
    },
    {
        "date": "1990-09-30",
        "symbol": "CERN",
        "reportedCurrency": "USD",
        "cik": "0000804753",
        "fillingDate": "1990-09-30",
        "acceptedDate": "1990-09-29 20:00:00",
        "calendarYear": "1990",
        "period": "Q3",
        "revenue": 12900000,
        "costOfRevenue": 5100000,
        "grossProfit": 7800000,
        "grossProfitRatio": 0.6046511628,
        "researchAndDevelopmentExpenses": 0,
        "generalAndAdministrativeExpenses": 5800000,
        "sellingAndMarketingExpenses": 0,
        "sellingGeneralAndAdministrativeExpenses": 5800000,
        "otherExpenses": 700000,
        "operatingExpenses": 6500000,
        "costAndExpenses": 11600000,
        "interestIncome": 0,
        "interestExpense": 0,
        "depreciationAndAmortization": 700000,
        "ebitda": 1900000,
        "ebitdaratio": 0.1472868217,
        "operatingIncome": 1300000,
        "operatingIncomeRatio": 0.1007751938,
        "totalOtherIncomeExpensesNet": -100000,
        "incomeBeforeTax": 1200000,
        "incomeBeforeTaxRatio": 0.0930232558,
        "incomeTaxExpense": 400000,
        "netIncome": 800000,
        "netIncomeRatio": 0.0620155039,
        "eps": 0.004,
        "epsdiluted": 0.004,
        "weightedAverageShsOut": 200928000,
        "weightedAverageShsOutDil": 200928000,
        "link": "",
        "finalLink": ""
    },
    {
        "date": "1990-06-30",
        "symbol": "CERN",
        "reportedCurrency": "USD",
        "cik": "0000804753",
        "fillingDate": "1990-06-30",
        "acceptedDate": "1990-06-29 20:00:00",
        "calendarYear": "1990",
        "period": "Q2",
        "revenue": 15200000,
        "costOfRevenue": 6700000,
        "grossProfit": 8500000,
        "grossProfitRatio": 0.5592105263,
        "researchAndDevelopmentExpenses": 0,
        "generalAndAdministrativeExpenses": 5800000,
        "sellingAndMarketingExpenses": 0,
        "sellingGeneralAndAdministrativeExpenses": 5800000,
        "otherExpenses": 700000,
        "operatingExpenses": 6500000,
        "costAndExpenses": 13200000,
        "interestIncome": 0,
        "interestExpense": 0,
        "depreciationAndAmortization": 700000,
        "ebitda": 2800000,
        "ebitdaratio": 0.1842105263,
        "operatingIncome": 2000000,
        "operatingIncomeRatio": 0.1315789474,
        "totalOtherIncomeExpensesNet": 100000,
        "incomeBeforeTax": 2100000,
        "incomeBeforeTaxRatio": 0.1381578947,
        "incomeTaxExpense": 800000,
        "netIncome": 1300000,
        "netIncomeRatio": 0.0855263158,
        "eps": 0.0065,
        "epsdiluted": 0.0065,
        "weightedAverageShsOut": 200912000,
        "weightedAverageShsOutDil": 200912000,
        "link": "",
        "finalLink": ""
    },
    {
        "date": "1990-03-31",
        "symbol": "CERN",
        "reportedCurrency": "USD",
        "cik": "0000804753",
        "fillingDate": "1990-03-31",
        "acceptedDate": "1990-03-30 19:00:00",
        "calendarYear": "1990",
        "period": "Q1",
        "revenue": 9100000,
        "costOfRevenue": 4000000,
        "grossProfit": 5100000,
        "grossProfitRatio": 0.5604395604,
        "researchAndDevelopmentExpenses": 0,
        "generalAndAdministrativeExpenses": 5100000,
        "sellingAndMarketingExpenses": 0,
        "sellingGeneralAndAdministrativeExpenses": 5100000,
        "otherExpenses": 600000,
        "operatingExpenses": 5700000,
        "costAndExpenses": 9700000,
        "interestIncome": 0,
        "interestExpense": 0,
        "depreciationAndAmortization": 600000,
        "ebitda": 0,
        "ebitdaratio": 0,
        "operatingIncome": -600000,
        "operatingIncomeRatio": -0.0659340659,
        "totalOtherIncomeExpensesNet": 0,
        "incomeBeforeTax": -600000,
        "incomeBeforeTaxRatio": -0.0659340659,
        "incomeTaxExpense": -200000,
        "netIncome": -400000,
        "netIncomeRatio": -0.043956044,
        "eps": -0.0017,
        "epsdiluted": -0.0017,
        "weightedAverageShsOut": 231984000,
        "weightedAverageShsOutDil": 231984000,
        "link": "",
        "finalLink": ""
    },
    {
        "date": "1989-12-31",
        "symbol": "CERN",
        "reportedCurrency": "USD",
        "cik": "0000804753",
        "fillingDate": "1989-12-31",
        "acceptedDate": "1989-12-30 19:00:00",
        "calendarYear": "1989",
        "period": "Q4",
        "revenue": 18500000,
        "costOfRevenue": 0,
        "grossProfit": 18500000,
        "grossProfitRatio": 1,
        "researchAndDevelopmentExpenses": 0,
        "generalAndAdministrativeExpenses": 0,
        "sellingAndMarketingExpenses": 0,
        "sellingGeneralAndAdministrativeExpenses": 0,
        "otherExpenses": -51000000,
        "operatingExpenses": -51000000,
        "costAndExpenses": -51000000,
        "interestIncome": 0,
        "interestExpense": 0,
        "depreciationAndAmortization": 0,
        "ebitda": -32500000,
        "ebitdaratio": -1.7567567568,
        "operatingIncome": -32500000,
        "operatingIncomeRatio": -1.7567567568,
        "totalOtherIncomeExpensesNet": 0,
        "incomeBeforeTax": 0,
        "incomeBeforeTaxRatio": 0,
        "incomeTaxExpense": 0,
        "netIncome": 0,
        "netIncomeRatio": 0,
        "eps": 0,
        "epsdiluted": 0,
        "weightedAverageShsOut": 240128000,
        "weightedAverageShsOutDil": 240128000,
        "link": "",
        "finalLink": ""
    },
    {
        "date": "1989-09-30",
        "symbol": "CERN",
        "reportedCurrency": "USD",
        "cik": "0000804753",
        "fillingDate": "1989-09-30",
        "acceptedDate": "1989-09-29 20:00:00",
        "calendarYear": "1989",
        "period": "Q3",
        "revenue": 12300000,
        "costOfRevenue": 0,
        "grossProfit": 12300000,
        "grossProfitRatio": 1,
        "researchAndDevelopmentExpenses": 0,
        "generalAndAdministrativeExpenses": 0,
        "sellingAndMarketingExpenses": 0,
        "sellingGeneralAndAdministrativeExpenses": 0,
        "otherExpenses": 0,
        "operatingExpenses": 0,
        "costAndExpenses": 0,
        "interestIncome": 0,
        "interestExpense": 0,
        "depreciationAndAmortization": 0,
        "ebitda": 12300000,
        "ebitdaratio": 1,
        "operatingIncome": 12300000,
        "operatingIncomeRatio": 1,
        "totalOtherIncomeExpensesNet": 0,
        "incomeBeforeTax": 0,
        "incomeBeforeTaxRatio": 0,
        "incomeTaxExpense": 0,
        "netIncome": 0,
        "netIncomeRatio": 0,
        "eps": 0,
        "epsdiluted": 0,
        "weightedAverageShsOut": 240128000,
        "weightedAverageShsOutDil": 240128000,
        "link": "",
        "finalLink": ""
    },
    {
        "date": "1989-06-30",
        "symbol": "CERN",
        "reportedCurrency": "USD",
        "cik": "0000804753",
        "fillingDate": "1989-06-30",
        "acceptedDate": "1989-06-29 20:00:00",
        "calendarYear": "1989",
        "period": "Q2",
        "revenue": 12600000,
        "costOfRevenue": 0,
        "grossProfit": 12600000,
        "grossProfitRatio": 1,
        "researchAndDevelopmentExpenses": 0,
        "generalAndAdministrativeExpenses": 0,
        "sellingAndMarketingExpenses": 0,
        "sellingGeneralAndAdministrativeExpenses": 0,
        "otherExpenses": 0,
        "operatingExpenses": 0,
        "costAndExpenses": 0,
        "interestIncome": 0,
        "interestExpense": 0,
        "depreciationAndAmortization": 0,
        "ebitda": 12600000,
        "ebitdaratio": 1,
        "operatingIncome": 12600000,
        "operatingIncomeRatio": 1,
        "totalOtherIncomeExpensesNet": 0,
        "incomeBeforeTax": 0,
        "incomeBeforeTaxRatio": 0,
        "incomeTaxExpense": 0,
        "netIncome": 0,
        "netIncomeRatio": 0,
        "eps": 0,
        "epsdiluted": 0,
        "weightedAverageShsOut": 229952000,
        "weightedAverageShsOutDil": 229952000,
        "link": "",
        "finalLink": ""
    },
    {
        "date": "1989-03-31",
        "symbol": "CERN",
        "reportedCurrency": "USD",
        "cik": "0000804753",
        "fillingDate": "1989-03-31",
        "acceptedDate": "1989-03-30 19:00:00",
        "calendarYear": "1989",
        "period": "Q1",
        "revenue": 13300000,
        "costOfRevenue": 0,
        "grossProfit": 13300000,
        "grossProfitRatio": 1,
        "researchAndDevelopmentExpenses": 0,
        "generalAndAdministrativeExpenses": 0,
        "sellingAndMarketingExpenses": 0,
        "sellingGeneralAndAdministrativeExpenses": 0,
        "otherExpenses": 0,
        "operatingExpenses": 0,
        "costAndExpenses": 0,
        "interestIncome": 0,
        "interestExpense": 0,
        "depreciationAndAmortization": 0,
        "ebitda": 13300000,
        "ebitdaratio": 1,
        "operatingIncome": 13300000,
        "operatingIncomeRatio": 1,
        "totalOtherIncomeExpensesNet": 0,
        "incomeBeforeTax": 0,
        "incomeBeforeTaxRatio": 0,
        "incomeTaxExpense": 0,
        "netIncome": 0,
        "netIncomeRatio": 0,
        "eps": 0,
        "epsdiluted": 0,
        "weightedAverageShsOut": 239296000,
        "weightedAverageShsOutDil": 239296000,
        "link": "",
        "finalLink": ""
    },
    {
        "date": "1988-12-31",
        "symbol": "CERN",
        "reportedCurrency": "USD",
        "cik": "0000804753",
        "fillingDate": "1988-12-31",
        "acceptedDate": "1988-12-30 19:00:00",
        "calendarYear": "1988",
        "period": "Q4",
        "revenue": 8900000,
        "costOfRevenue": 0,
        "grossProfit": 8900000,
        "grossProfitRatio": 1,
        "researchAndDevelopmentExpenses": 0,
        "generalAndAdministrativeExpenses": 0,
        "sellingAndMarketingExpenses": 0,
        "sellingGeneralAndAdministrativeExpenses": 0,
        "otherExpenses": -35500000,
        "operatingExpenses": -35500000,
        "costAndExpenses": -35500000,
        "interestIncome": 0,
        "interestExpense": 0,
        "depreciationAndAmortization": 0,
        "ebitda": -26600000,
        "ebitdaratio": -2.9887640449,
        "operatingIncome": -26600000,
        "operatingIncomeRatio": -2.9887640449,
        "totalOtherIncomeExpensesNet": 0,
        "incomeBeforeTax": 0,
        "incomeBeforeTaxRatio": 0,
        "incomeTaxExpense": 0,
        "netIncome": 0,
        "netIncomeRatio": 0,
        "eps": 0,
        "epsdiluted": 0,
        "weightedAverageShsOut": 230208000,
        "weightedAverageShsOutDil": 230208000,
        "link": "",
        "finalLink": ""
    },
    {
        "date": "1988-09-30",
        "symbol": "CERN",
        "reportedCurrency": "USD",
        "cik": "0000804753",
        "fillingDate": "1988-09-30",
        "acceptedDate": "1988-09-29 20:00:00",
        "calendarYear": "1988",
        "period": "Q3",
        "revenue": 10000000,
        "costOfRevenue": 0,
        "grossProfit": 10000000,
        "grossProfitRatio": 1,
        "researchAndDevelopmentExpenses": 0,
        "generalAndAdministrativeExpenses": 0,
        "sellingAndMarketingExpenses": 0,
        "sellingGeneralAndAdministrativeExpenses": 0,
        "otherExpenses": 0,
        "operatingExpenses": 0,
        "costAndExpenses": 0,
        "interestIncome": 0,
        "interestExpense": 0,
        "depreciationAndAmortization": 0,
        "ebitda": 10000000,
        "ebitdaratio": 1,
        "operatingIncome": 10000000,
        "operatingIncomeRatio": 1,
        "totalOtherIncomeExpensesNet": 0,
        "incomeBeforeTax": 0,
        "incomeBeforeTaxRatio": 0,
        "incomeTaxExpense": 0,
        "netIncome": 0,
        "netIncomeRatio": 0,
        "eps": 0,
        "epsdiluted": 0,
        "weightedAverageShsOut": 230208000,
        "weightedAverageShsOutDil": 230208000,
        "link": "",
        "finalLink": ""
    },
    {
        "date": "1988-06-30",
        "symbol": "CERN",
        "reportedCurrency": "USD",
        "cik": "0000804753",
        "fillingDate": "1988-06-30",
        "acceptedDate": "1988-06-29 20:00:00",
        "calendarYear": "1988",
        "period": "Q2",
        "revenue": 10000000,
        "costOfRevenue": 0,
        "grossProfit": 10000000,
        "grossProfitRatio": 1,
        "researchAndDevelopmentExpenses": 0,
        "generalAndAdministrativeExpenses": 0,
        "sellingAndMarketingExpenses": 0,
        "sellingGeneralAndAdministrativeExpenses": 0,
        "otherExpenses": 0,
        "operatingExpenses": 0,
        "costAndExpenses": 0,
        "interestIncome": 0,
        "interestExpense": 0,
        "depreciationAndAmortization": 0,
        "ebitda": 10000000,
        "ebitdaratio": 1,
        "operatingIncome": 10000000,
        "operatingIncomeRatio": 1,
        "totalOtherIncomeExpensesNet": 0,
        "incomeBeforeTax": 0,
        "incomeBeforeTaxRatio": 0,
        "incomeTaxExpense": 0,
        "netIncome": 0,
        "netIncomeRatio": 0,
        "eps": 0,
        "epsdiluted": 0,
        "weightedAverageShsOut": 230016000,
        "weightedAverageShsOutDil": 230016000,
        "link": "",
        "finalLink": ""
    },
    {
        "date": "1988-03-31",
        "symbol": "CERN",
        "reportedCurrency": "USD",
        "cik": "0000804753",
        "fillingDate": "1988-03-31",
        "acceptedDate": "1988-03-30 19:00:00",
        "calendarYear": "1988",
        "period": "Q1",
        "revenue": 11400000,
        "costOfRevenue": 0,
        "grossProfit": 11400000,
        "grossProfitRatio": 1,
        "researchAndDevelopmentExpenses": 0,
        "generalAndAdministrativeExpenses": 0,
        "sellingAndMarketingExpenses": 0,
        "sellingGeneralAndAdministrativeExpenses": 0,
        "otherExpenses": 0,
        "operatingExpenses": 0,
        "costAndExpenses": 0,
        "interestIncome": 0,
        "interestExpense": 0,
        "depreciationAndAmortization": 0,
        "ebitda": 11400000,
        "ebitdaratio": 1,
        "operatingIncome": 11400000,
        "operatingIncomeRatio": 1,
        "totalOtherIncomeExpensesNet": 0,
        "incomeBeforeTax": 0,
        "incomeBeforeTaxRatio": 0,
        "incomeTaxExpense": 0,
        "netIncome": 0,
        "netIncomeRatio": 0,
        "eps": 0,
        "epsdiluted": 0,
        "weightedAverageShsOut": 229120000,
        "weightedAverageShsOutDil": 229120000,
        "link": "",
        "finalLink": ""
    },
    {
        "date": "1987-12-31",
        "symbol": "CERN",
        "reportedCurrency": "USD",
        "cik": "0000804753",
        "fillingDate": "1987-12-31",
        "acceptedDate": "1987-12-30 19:00:00",
        "calendarYear": "1987",
        "period": "Q4",
        "revenue": 12200000,
        "costOfRevenue": 0,
        "grossProfit": 12200000,
        "grossProfitRatio": 1,
        "researchAndDevelopmentExpenses": 0,
        "generalAndAdministrativeExpenses": 0,
        "sellingAndMarketingExpenses": 0,
        "sellingGeneralAndAdministrativeExpenses": 0,
        "otherExpenses": -27000000,
        "operatingExpenses": -27000000,
        "costAndExpenses": -27000000,
        "interestIncome": 0,
        "interestExpense": 0,
        "depreciationAndAmortization": 0,
        "ebitda": -14800000,
        "ebitdaratio": -1.2131147541,
        "operatingIncome": -14800000,
        "operatingIncomeRatio": -1.2131147541,
        "totalOtherIncomeExpensesNet": 0,
        "incomeBeforeTax": 0,
        "incomeBeforeTaxRatio": 0,
        "incomeTaxExpense": 0,
        "netIncome": 0,
        "netIncomeRatio": 0,
        "eps": 0,
        "epsdiluted": 0,
        "weightedAverageShsOut": 238912000,
        "weightedAverageShsOutDil": 238912000,
        "link": "",
        "finalLink": ""
    },
    {
        "date": "1987-09-30",
        "symbol": "CERN",
        "reportedCurrency": "USD",
        "cik": "0000804753",
        "fillingDate": "1987-09-30",
        "acceptedDate": "1987-09-29 20:00:00",
        "calendarYear": "1987",
        "period": "Q3",
        "revenue": 8300000,
        "costOfRevenue": 0,
        "grossProfit": 8300000,
        "grossProfitRatio": 1,
        "researchAndDevelopmentExpenses": 0,
        "generalAndAdministrativeExpenses": 0,
        "sellingAndMarketingExpenses": 0,
        "sellingGeneralAndAdministrativeExpenses": 0,
        "otherExpenses": 0,
        "operatingExpenses": 0,
        "costAndExpenses": 0,
        "interestIncome": 0,
        "interestExpense": 0,
        "depreciationAndAmortization": 0,
        "ebitda": 8300000,
        "ebitdaratio": 1,
        "operatingIncome": 8300000,
        "operatingIncomeRatio": 1,
        "totalOtherIncomeExpensesNet": 0,
        "incomeBeforeTax": 0,
        "incomeBeforeTaxRatio": 0,
        "incomeTaxExpense": 0,
        "netIncome": 0,
        "netIncomeRatio": 0,
        "eps": 0,
        "epsdiluted": 0,
        "weightedAverageShsOut": 238912000,
        "weightedAverageShsOutDil": 238912000,
        "link": "",
        "finalLink": ""
    },
    {
        "date": "1987-06-30",
        "symbol": "CERN",
        "reportedCurrency": "USD",
        "cik": "0000804753",
        "fillingDate": "1987-06-30",
        "acceptedDate": "1987-06-29 20:00:00",
        "calendarYear": "1987",
        "period": "Q2",
        "revenue": 7100000,
        "costOfRevenue": 0,
        "grossProfit": 7100000,
        "grossProfitRatio": 1,
        "researchAndDevelopmentExpenses": 0,
        "generalAndAdministrativeExpenses": 0,
        "sellingAndMarketingExpenses": 0,
        "sellingGeneralAndAdministrativeExpenses": 0,
        "otherExpenses": 0,
        "operatingExpenses": 0,
        "costAndExpenses": 0,
        "interestIncome": 0,
        "interestExpense": 0,
        "depreciationAndAmortization": 0,
        "ebitda": 7100000,
        "ebitdaratio": 1,
        "operatingIncome": 7100000,
        "operatingIncomeRatio": 1,
        "totalOtherIncomeExpensesNet": 0,
        "incomeBeforeTax": 0,
        "incomeBeforeTaxRatio": 0,
        "incomeTaxExpense": 0,
        "netIncome": 0,
        "netIncomeRatio": 0,
        "eps": 0,
        "epsdiluted": 0,
        "weightedAverageShsOut": 214912000,
        "weightedAverageShsOutDil": 214912000,
        "link": "",
        "finalLink": ""
    },
    {
        "date": "1987-03-31",
        "symbol": "CERN",
        "reportedCurrency": "USD",
        "cik": "0000804753",
        "fillingDate": "1987-03-31",
        "acceptedDate": "1987-03-30 19:00:00",
        "calendarYear": "1987",
        "period": "Q1",
        "revenue": 5400000,
        "costOfRevenue": 0,
        "grossProfit": 5400000,
        "grossProfitRatio": 1,
        "researchAndDevelopmentExpenses": 0,
        "generalAndAdministrativeExpenses": 0,
        "sellingAndMarketingExpenses": 0,
        "sellingGeneralAndAdministrativeExpenses": 0,
        "otherExpenses": 0,
        "operatingExpenses": 0,
        "costAndExpenses": 0,
        "interestIncome": 0,
        "interestExpense": 0,
        "depreciationAndAmortization": 0,
        "ebitda": 5400000,
        "ebitdaratio": 1,
        "operatingIncome": 5400000,
        "operatingIncomeRatio": 1,
        "totalOtherIncomeExpensesNet": 0,
        "incomeBeforeTax": 0,
        "incomeBeforeTaxRatio": 0,
        "incomeTaxExpense": 0,
        "netIncome": 0,
        "netIncomeRatio": 0,
        "eps": 0,
        "epsdiluted": 0,
        "weightedAverageShsOut": 214912000,
        "weightedAverageShsOutDil": 214912000,
        "link": "",
        "finalLink": ""
    },
    {
        "date": "1986-12-31",
        "symbol": "CERN",
        "reportedCurrency": "USD",
        "cik": "0000804753",
        "fillingDate": "1986-12-31",
        "acceptedDate": "1986-12-30 19:00:00",
        "calendarYear": "1986",
        "period": "Q4",
        "revenue": 4400000,
        "costOfRevenue": 0,
        "grossProfit": 4400000,
        "grossProfitRatio": 1,
        "researchAndDevelopmentExpenses": 0,
        "generalAndAdministrativeExpenses": 0,
        "sellingAndMarketingExpenses": 0,
        "sellingGeneralAndAdministrativeExpenses": 0,
        "otherExpenses": -14900000,
        "operatingExpenses": -14900000,
        "costAndExpenses": -14900000,
        "interestIncome": 0,
        "interestExpense": 0,
        "depreciationAndAmortization": 0,
        "ebitda": -10500000,
        "ebitdaratio": -2.3863636364,
        "operatingIncome": -10500000,
        "operatingIncomeRatio": -2.3863636364,
        "totalOtherIncomeExpensesNet": 0,
        "incomeBeforeTax": 0,
        "incomeBeforeTaxRatio": 0,
        "incomeTaxExpense": 0,
        "netIncome": 0,
        "netIncomeRatio": 0,
        "eps": 0,
        "epsdiluted": 0,
        "weightedAverageShsOut": 220480000,
        "weightedAverageShsOutDil": 220480000,
        "link": "",
        "finalLink": ""
    },
    {
        "date": "1986-09-30",
        "symbol": "CERN",
        "reportedCurrency": "USD",
        "cik": "0000804753",
        "fillingDate": "1986-09-30",
        "acceptedDate": "1986-09-29 20:00:00",
        "calendarYear": "1986",
        "period": "Q3",
        "revenue": 4300000,
        "costOfRevenue": 0,
        "grossProfit": 4300000,
        "grossProfitRatio": 1,
        "researchAndDevelopmentExpenses": 0,
        "generalAndAdministrativeExpenses": 0,
        "sellingAndMarketingExpenses": 0,
        "sellingGeneralAndAdministrativeExpenses": 0,
        "otherExpenses": 0,
        "operatingExpenses": 0,
        "costAndExpenses": 0,
        "interestIncome": 0,
        "interestExpense": 0,
        "depreciationAndAmortization": 0,
        "ebitda": 4300000,
        "ebitdaratio": 1,
        "operatingIncome": 4300000,
        "operatingIncomeRatio": 1,
        "totalOtherIncomeExpensesNet": 0,
        "incomeBeforeTax": 0,
        "incomeBeforeTaxRatio": 0,
        "incomeTaxExpense": 0,
        "netIncome": 0,
        "netIncomeRatio": 0,
        "eps": 0,
        "epsdiluted": 0,
        "weightedAverageShsOut": 220480000,
        "weightedAverageShsOutDil": 220480000,
        "link": "",
        "finalLink": ""
    },
    {
        "date": "1986-06-30",
        "symbol": "CERN",
        "reportedCurrency": "USD",
        "cik": "0000804753",
        "fillingDate": "1986-06-30",
        "acceptedDate": "1986-06-29 20:00:00",
        "calendarYear": "1986",
        "period": "Q2",
        "revenue": 4300000,
        "costOfRevenue": 0,
        "grossProfit": 4300000,
        "grossProfitRatio": 1,
        "researchAndDevelopmentExpenses": 0,
        "generalAndAdministrativeExpenses": 0,
        "sellingAndMarketingExpenses": 0,
        "sellingGeneralAndAdministrativeExpenses": 0,
        "otherExpenses": 0,
        "operatingExpenses": 0,
        "costAndExpenses": 0,
        "interestIncome": 0,
        "interestExpense": 0,
        "depreciationAndAmortization": 0,
        "ebitda": 4300000,
        "ebitdaratio": 1,
        "operatingIncome": 4300000,
        "operatingIncomeRatio": 1,
        "totalOtherIncomeExpensesNet": 0,
        "incomeBeforeTax": 0,
        "incomeBeforeTaxRatio": 0,
        "incomeTaxExpense": 0,
        "netIncome": 0,
        "netIncomeRatio": 0,
        "eps": 0,
        "epsdiluted": 0,
        "weightedAverageShsOut": 220480000,
        "weightedAverageShsOutDil": 220480000,
        "link": "",
        "finalLink": ""
    },
    {
        "date": "1986-03-31",
        "symbol": "CERN",
        "reportedCurrency": "USD",
        "cik": "0000804753",
        "fillingDate": "1986-03-31",
        "acceptedDate": "1986-03-30 19:00:00",
        "calendarYear": "1986",
        "period": "Q1",
        "revenue": 4300000,
        "costOfRevenue": 0,
        "grossProfit": 4300000,
        "grossProfitRatio": 1,
        "researchAndDevelopmentExpenses": 0,
        "generalAndAdministrativeExpenses": 0,
        "sellingAndMarketingExpenses": 0,
        "sellingGeneralAndAdministrativeExpenses": 0,
        "otherExpenses": 0,
        "operatingExpenses": 0,
        "costAndExpenses": 0,
        "interestIncome": 0,
        "interestExpense": 0,
        "depreciationAndAmortization": 0,
        "ebitda": 4300000,
        "ebitdaratio": 1,
        "operatingIncome": 4300000,
        "operatingIncomeRatio": 1,
        "totalOtherIncomeExpensesNet": 0,
        "incomeBeforeTax": 0,
        "incomeBeforeTaxRatio": 0,
        "incomeTaxExpense": 0,
        "netIncome": 0,
        "netIncomeRatio": 0,
        "eps": 0,
        "epsdiluted": 0,
        "weightedAverageShsOut": 220480000,
        "weightedAverageShsOutDil": 220480000,
        "link": "",
        "finalLink": ""
    }
]