[
    {
        "date": "2024-09-30",
        "symbol": "CHG",
        "reportedCurrency": "USD",
        "cik": "0001893311",
        "fillingDate": "2024-11-19",
        "acceptedDate": "2024-11-19 17:23:12",
        "calendarYear": "2024",
        "period": "Q3",
        "revenue": 13133103,
        "costOfRevenue": 29950401,
        "grossProfit": -16817298,
        "grossProfitRatio": -1.2805273818,
        "researchAndDevelopmentExpenses": 0,
        "generalAndAdministrativeExpenses": 11697043,
        "sellingAndMarketingExpenses": 0,
        "sellingGeneralAndAdministrativeExpenses": 11697043,
        "otherExpenses": 0,
        "operatingExpenses": 11697043,
        "costAndExpenses": 41647444,
        "interestIncome": 0,
        "interestExpense": 0,
        "depreciationAndAmortization": 0,
        "ebitda": -28960999,
        "ebitdaratio": -2.2051908829,
        "operatingIncome": -28960999,
        "operatingIncomeRatio": -2.2051908829,
        "totalOtherIncomeExpensesNet": -1768373,
        "incomeBeforeTax": -30729372,
        "incomeBeforeTaxRatio": -2.3398409348,
        "incomeTaxExpense": 238992,
        "netIncome": -30968364,
        "netIncomeRatio": -2.3580386143,
        "eps": -0.24,
        "epsdiluted": -0.24,
        "weightedAverageShsOut": 131175404,
        "weightedAverageShsOutDil": 131175404,
        "link": "https://www.sec.gov/Archives/edgar/data/1893311/000182912624007692/0001829126-24-007692-index.htm",
        "finalLink": "https://www.sec.gov/Archives/edgar/data/1893311/000182912624007692/luxurbanhotels_10q.htm"
    },
    {
        "date": "2024-06-30",
        "symbol": "CHG",
        "reportedCurrency": "USD",
        "cik": "0001893311",
        "fillingDate": "2024-09-25",
        "acceptedDate": "2024-09-25 16:16:50",
        "calendarYear": "2024",
        "period": "Q2",
        "revenue": 18186223,
        "costOfRevenue": 40418712,
        "grossProfit": -22232489,
        "grossProfitRatio": -1.2224907283,
        "researchAndDevelopmentExpenses": 0,
        "generalAndAdministrativeExpenses": 2486593,
        "sellingAndMarketingExpenses": 0,
        "sellingGeneralAndAdministrativeExpenses": 2486593,
        "otherExpenses": 0,
        "operatingExpenses": 2486593,
        "costAndExpenses": 42905305,
        "interestIncome": 0,
        "interestExpense": 0,
        "depreciationAndAmortization": 0,
        "ebitda": -26399604,
        "ebitdaratio": -1.4516265417,
        "operatingIncome": -26399604,
        "operatingIncomeRatio": -1.4516265417,
        "totalOtherIncomeExpensesNet": -185445,
        "incomeBeforeTax": -26585049,
        "incomeBeforeTaxRatio": -1.4618235463,
        "incomeTaxExpense": 238991,
        "netIncome": -26824040,
        "netIncomeRatio": -1.4749648676,
        "eps": -0.41,
        "epsdiluted": -0.41,
        "weightedAverageShsOut": 65888241,
        "weightedAverageShsOutDil": 65888241,
        "link": "https://www.sec.gov/Archives/edgar/data/1893311/000182912624006460/0001829126-24-006460-index.htm",
        "finalLink": "https://www.sec.gov/Archives/edgar/data/1893311/000182912624006460/luxurbanhotels_10q.htm"
    },
    {
        "date": "2023-09-30",
        "symbol": "CHG",
        "reportedCurrency": "CNY",
        "cik": "0001893311",
        "fillingDate": "2023-11-08",
        "acceptedDate": "2023-11-08 16:08:28",
        "calendarYear": "2023",
        "period": "Q3",
        "revenue": 31208248,
        "costOfRevenue": 23395963,
        "grossProfit": 7812285,
        "grossProfitRatio": 0.2503275737,
        "researchAndDevelopmentExpenses": 0,
        "generalAndAdministrativeExpenses": 1981774,
        "sellingAndMarketingExpenses": 0,
        "sellingGeneralAndAdministrativeExpenses": 1981774,
        "otherExpenses": 0,
        "operatingExpenses": 1981774,
        "costAndExpenses": 25377737,
        "interestIncome": 0,
        "interestExpense": 0,
        "depreciationAndAmortization": 6187540,
        "ebitda": 5088877,
        "ebitdaratio": 0.1630619252,
        "operatingIncome": 5088877,
        "operatingIncomeRatio": 0.1630619252,
        "totalOtherIncomeExpensesNet": -2153575,
        "incomeBeforeTax": 2935302,
        "incomeBeforeTaxRatio": 0.0940553279,
        "incomeTaxExpense": -1999498,
        "netIncome": 4934800,
        "netIncomeRatio": 0.1581248649,
        "eps": 0.11,
        "epsdiluted": 0.11,
        "weightedAverageShsOut": 45433166,
        "weightedAverageShsOutDil": 45433166,
        "link": "https://www.sec.gov/Archives/edgar/data/1893311/000182912623007194/0001829126-23-007194-index.htm",
        "finalLink": "https://www.sec.gov/Archives/edgar/data/1893311/000182912623007194/luxurbanhotels_10q.htm"
    },
    {
        "date": "2023-06-30",
        "symbol": "CHG",
        "reportedCurrency": "CNY",
        "cik": "0001893311",
        "fillingDate": "2023-08-08",
        "acceptedDate": "2023-08-08 17:00:54",
        "calendarYear": "2023",
        "period": "Q2",
        "revenue": 31861098,
        "costOfRevenue": 21682084,
        "grossProfit": 10179014,
        "grossProfitRatio": 0.3194809545,
        "researchAndDevelopmentExpenses": 0,
        "generalAndAdministrativeExpenses": 4417237,
        "sellingAndMarketingExpenses": 0,
        "sellingGeneralAndAdministrativeExpenses": 4417237,
        "otherExpenses": 0,
        "operatingExpenses": 4417237,
        "costAndExpenses": 26099321,
        "interestIncome": 0,
        "interestExpense": 0,
        "depreciationAndAmortization": 122085,
        "ebitda": 4772649,
        "ebitdaratio": 0.1497954967,
        "operatingIncome": 4772649,
        "operatingIncomeRatio": 0.1497954967,
        "totalOtherIncomeExpensesNet": -29654271,
        "incomeBeforeTax": -24881622,
        "incomeBeforeTaxRatio": -0.7809405062,
        "incomeTaxExpense": 1893039,
        "netIncome": -26774661,
        "netIncomeRatio": -0.8403558785,
        "eps": -0.78,
        "epsdiluted": -0.78,
        "weightedAverageShsOut": 34291045,
        "weightedAverageShsOutDil": 34291045,
        "link": "https://www.sec.gov/Archives/edgar/data/1893311/000182912623005213/0001829126-23-005213-index.htm",
        "finalLink": "https://www.sec.gov/Archives/edgar/data/1893311/000182912623005213/luxurbanhotels_10q.htm"
    },
    {
        "date": "2023-03-31",
        "symbol": "CHG",
        "reportedCurrency": "CNY",
        "cik": "0001893311",
        "fillingDate": "2023-05-09",
        "acceptedDate": "2023-05-09 17:17:21",
        "calendarYear": "2023",
        "period": "Q1",
        "revenue": 22814175,
        "costOfRevenue": 17452301,
        "grossProfit": 5361874,
        "grossProfitRatio": 0.2350237955,
        "researchAndDevelopmentExpenses": 0,
        "generalAndAdministrativeExpenses": 3627402,
        "sellingAndMarketingExpenses": 0,
        "sellingGeneralAndAdministrativeExpenses": 3627402,
        "otherExpenses": 0,
        "operatingExpenses": 3627402,
        "costAndExpenses": 21079703,
        "interestIncome": 0,
        "interestExpense": 3795276,
        "depreciationAndAmortization": 255967,
        "ebitda": 1136903,
        "ebitdaratio": 0.0498331849,
        "operatingIncome": 1136903,
        "operatingIncomeRatio": 0.0498331849,
        "totalOtherIncomeExpensesNet": -3795276,
        "incomeBeforeTax": -2658373,
        "incomeBeforeTaxRatio": -0.1165228635,
        "incomeTaxExpense": 122161,
        "netIncome": -2780534,
        "netIncomeRatio": -0.1218774731,
        "eps": -0.097,
        "epsdiluted": -0.097,
        "weightedAverageShsOut": 28659358,
        "weightedAverageShsOutDil": 28659358,
        "link": "https://www.sec.gov/Archives/edgar/data/1893311/000182912623003198/0001829126-23-003198-index.htm",
        "finalLink": "https://www.sec.gov/Archives/edgar/data/1893311/000182912623003198/luxurbanhotels_10q.htm"
    },
    {
        "date": "2022-12-31",
        "symbol": "CHG",
        "reportedCurrency": "CNY",
        "cik": "0001893311",
        "fillingDate": "2023-03-31",
        "acceptedDate": "2023-03-31 10:15:43",
        "calendarYear": "2022",
        "period": "Q4",
        "revenue": 43794547912,
        "costOfRevenue": 31429457745,
        "grossProfit": 12365090167,
        "grossProfitRatio": 0.2823431399,
        "researchAndDevelopmentExpenses": 0,
        "generalAndAdministrativeExpenses": 6786934747,
        "sellingAndMarketingExpenses": 0,
        "sellingGeneralAndAdministrativeExpenses": 6786934747,
        "otherExpenses": 9037429000,
        "operatingExpenses": 15824363747,
        "costAndExpenses": 47253821492,
        "interestIncome": 0,
        "interestExpense": -5311457,
        "depreciationAndAmortization": -589531,
        "ebitda": -9395218268,
        "ebitdaratio": -0.2145294041,
        "operatingIncome": -9394628737,
        "operatingIncomeRatio": -0.2145159428,
        "totalOtherIncomeExpensesNet": -5929437610,
        "incomeBeforeTax": -9389317280,
        "incomeBeforeTaxRatio": -0.2143946616,
        "incomeTaxExpense": 449913,
        "netIncome": -9389767193,
        "netIncomeRatio": -0.2144049349,
        "eps": -400.71,
        "epsdiluted": -400.71,
        "weightedAverageShsOut": 23432870,
        "weightedAverageShsOutDil": 23432870,
        "link": "https://www.sec.gov/Archives/edgar/data/1893311/000182912623002470/0001829126-23-002470-index.htm",
        "finalLink": "https://www.sec.gov/Archives/edgar/data/1893311/000182912623002470/luxurbanhotels_10k.htm"
    },
    {
        "date": "2022-09-30",
        "symbol": "CHG",
        "reportedCurrency": "CNY",
        "cik": "0001893311",
        "fillingDate": "2022-11-14",
        "acceptedDate": "2022-11-14 16:38:33",
        "calendarYear": "2022",
        "period": "Q3",
        "revenue": 11575325,
        "costOfRevenue": 6686373,
        "grossProfit": 4888952,
        "grossProfitRatio": 0.4223598042,
        "researchAndDevelopmentExpenses": 0,
        "generalAndAdministrativeExpenses": 5311026,
        "sellingAndMarketingExpenses": 0,
        "sellingGeneralAndAdministrativeExpenses": 5311026,
        "otherExpenses": 0,
        "operatingExpenses": 5311026,
        "costAndExpenses": 11997399,
        "interestIncome": 0,
        "interestExpense": 4151578,
        "depreciationAndAmortization": 2464,
        "ebitda": 186480,
        "ebitdaratio": 0.0161101308,
        "operatingIncome": 184016,
        "operatingIncomeRatio": 0.0158972642,
        "totalOtherIncomeExpensesNet": 652951438,
        "incomeBeforeTax": -3967562,
        "incomeBeforeTaxRatio": -0.3427603113,
        "incomeTaxExpense": -750000,
        "netIncome": -3217562,
        "netIncomeRatio": -0.2779673141,
        "eps": -0.13,
        "epsdiluted": -0.13,
        "weightedAverageShsOut": 24092231,
        "weightedAverageShsOutDil": 24092231,
        "link": "https://www.sec.gov/Archives/edgar/data/1893311/000141057822003392/0001410578-22-003392-index.htm",
        "finalLink": "https://www.sec.gov/Archives/edgar/data/1893311/000141057822003392/chg-20220930x10q.htm"
    },
    {
        "date": "2022-06-30",
        "symbol": "CHG",
        "reportedCurrency": "CNY",
        "cik": "0001893311",
        "fillingDate": "2022-09-26",
        "acceptedDate": "2022-09-26 16:09:27",
        "calendarYear": "2022",
        "period": "Q2",
        "revenue": 10201338,
        "costOfRevenue": 7344720,
        "grossProfit": 2856618,
        "grossProfitRatio": 0.2800238557,
        "researchAndDevelopmentExpenses": 0,
        "generalAndAdministrativeExpenses": 885621,
        "sellingAndMarketingExpenses": 0,
        "sellingGeneralAndAdministrativeExpenses": 885621,
        "otherExpenses": 0,
        "operatingExpenses": 885621,
        "costAndExpenses": 8230341,
        "interestIncome": 0,
        "interestExpense": 595742,
        "depreciationAndAmortization": 137154,
        "ebitda": 2108151,
        "ebitdaratio": 0.2066543624,
        "operatingIncome": 1970997,
        "operatingIncomeRatio": 0.1932096554,
        "totalOtherIncomeExpensesNet": -458588,
        "incomeBeforeTax": 1512409,
        "incomeBeforeTaxRatio": 0.1482559445,
        "incomeTaxExpense": 750000,
        "netIncome": 762409,
        "netIncomeRatio": 0.0747361768,
        "eps": 0.0277,
        "epsdiluted": 0.0277,
        "weightedAverageShsOut": 27518288,
        "weightedAverageShsOutDil": 27518288,
        "link": "https://www.sec.gov/Archives/edgar/data/1893311/000141057822002808/0001410578-22-002808-index.htm",
        "finalLink": "https://www.sec.gov/Archives/edgar/data/1893311/000141057822002808/chg-20220630x10q.htm"
    },
    {
        "date": "2022-03-31",
        "symbol": "CHG",
        "reportedCurrency": "CNY",
        "cik": "0001893311",
        "fillingDate": "2022-03-31",
        "acceptedDate": "2022-03-30 20:00:00",
        "calendarYear": "2022",
        "period": "Q1",
        "revenue": 9099425,
        "costOfRevenue": 6586162,
        "grossProfit": 2513263,
        "grossProfitRatio": 0.2762001995,
        "researchAndDevelopmentExpenses": 0,
        "generalAndAdministrativeExpenses": 979606,
        "sellingAndMarketingExpenses": 0,
        "sellingGeneralAndAdministrativeExpenses": 979606,
        "otherExpenses": 0,
        "operatingExpenses": 979606,
        "costAndExpenses": 7565768,
        "interestIncome": 0,
        "interestExpense": 564137,
        "depreciationAndAmortization": 449913,
        "ebitda": 1983570,
        "ebitdaratio": 0.2179884993,
        "operatingIncome": 1533657,
        "operatingIncomeRatio": 0.168544386,
        "totalOtherIncomeExpensesNet": -114224,
        "incomeBeforeTax": 1419433,
        "incomeBeforeTaxRatio": 0.155991505,
        "incomeTaxExpense": -449913,
        "netIncome": 1869346,
        "netIncomeRatio": 0.2054356182,
        "eps": 0.0706,
        "epsdiluted": 0.0706,
        "weightedAverageShsOut": 26475418,
        "weightedAverageShsOutDil": 26475418,
        "link": "",
        "finalLink": ""
    },
    {
        "date": "2021-12-31",
        "symbol": "CHG",
        "reportedCurrency": "CNY",
        "cik": "0001893311",
        "fillingDate": "2021-12-31",
        "acceptedDate": "2021-12-30 19:00:00",
        "calendarYear": "2021",
        "period": "Q4",
        "revenue": 7244637,
        "costOfRevenue": 5495327,
        "grossProfit": 1749310,
        "grossProfitRatio": 0.2414627538,
        "researchAndDevelopmentExpenses": 0,
        "generalAndAdministrativeExpenses": 1233549,
        "sellingAndMarketingExpenses": 0,
        "sellingGeneralAndAdministrativeExpenses": 1233549,
        "otherExpenses": 0,
        "operatingExpenses": 1233549,
        "costAndExpenses": 6728876,
        "interestIncome": 0,
        "interestExpense": 399634,
        "depreciationAndAmortization": 126455,
        "ebitda": 642216,
        "ebitdaratio": 0.0886470916,
        "operatingIncome": 515761,
        "operatingIncomeRatio": 0.0711921108,
        "totalOtherIncomeExpensesNet": -273179,
        "incomeBeforeTax": 242582,
        "incomeBeforeTaxRatio": 0.0334843554,
        "incomeTaxExpense": -126455,
        "netIncome": 369037,
        "netIncomeRatio": 0.0509393362,
        "eps": 0.0139,
        "epsdiluted": 0.0139,
        "weightedAverageShsOut": 26475418,
        "weightedAverageShsOutDil": 26475418,
        "link": "",
        "finalLink": ""
    },
    {
        "date": "2021-09-30",
        "symbol": "CHG",
        "reportedCurrency": "CNY",
        "cik": "0001893311",
        "fillingDate": "2021-09-30",
        "acceptedDate": "2021-09-29 20:00:00",
        "calendarYear": "2021",
        "period": "Q3",
        "revenue": 6646381,
        "costOfRevenue": 5853295,
        "grossProfit": 793086,
        "grossProfitRatio": 0.1193259911,
        "researchAndDevelopmentExpenses": 0,
        "generalAndAdministrativeExpenses": 262226,
        "sellingAndMarketingExpenses": 0,
        "sellingGeneralAndAdministrativeExpenses": 262226,
        "otherExpenses": 0,
        "operatingExpenses": 262226,
        "costAndExpenses": 6115521,
        "interestIncome": 0,
        "interestExpense": 566924,
        "depreciationAndAmortization": 136,
        "ebitda": 530996,
        "ebitdaratio": 0.0798925009,
        "operatingIncome": 530860,
        "operatingIncomeRatio": 0.0798720386,
        "totalOtherIncomeExpensesNet": -566788,
        "incomeBeforeTax": -35928,
        "incomeBeforeTaxRatio": -0.0054056486,
        "incomeTaxExpense": 0,
        "netIncome": -35928,
        "netIncomeRatio": -0.0054056486,
        "eps": -0.0014,
        "epsdiluted": -0.0014,
        "weightedAverageShsOut": 26475418,
        "weightedAverageShsOutDil": 26475418,
        "link": "",
        "finalLink": ""
    },
    {
        "date": "2021-06-30",
        "symbol": "CHG",
        "reportedCurrency": "CNY",
        "cik": "0001893311",
        "fillingDate": "2021-06-30",
        "acceptedDate": "2021-06-29 20:00:00",
        "calendarYear": "2021",
        "period": "Q2",
        "revenue": 4182866,
        "costOfRevenue": 4035238,
        "grossProfit": 147628,
        "grossProfitRatio": 0.0352935045,
        "researchAndDevelopmentExpenses": 0,
        "generalAndAdministrativeExpenses": 738430,
        "sellingAndMarketingExpenses": 0,
        "sellingGeneralAndAdministrativeExpenses": 738430,
        "otherExpenses": 0,
        "operatingExpenses": 738430,
        "costAndExpenses": 4773668,
        "interestIncome": 0,
        "interestExpense": 542764,
        "depreciationAndAmortization": 434,
        "ebitda": -590368,
        "ebitdaratio": -0.1411395918,
        "operatingIncome": -590802,
        "operatingIncomeRatio": -0.1412433485,
        "totalOtherIncomeExpensesNet": -542330,
        "incomeBeforeTax": -1133132,
        "incomeBeforeTaxRatio": -0.2708984701,
        "incomeTaxExpense": 0,
        "netIncome": -1133132,
        "netIncomeRatio": -0.2708984701,
        "eps": -0.0428,
        "epsdiluted": -0.0428,
        "weightedAverageShsOut": 26475418,
        "weightedAverageShsOutDil": 26475418,
        "link": "",
        "finalLink": ""
    },
    {
        "date": "2021-03-31",
        "symbol": "CHG",
        "reportedCurrency": "CNY",
        "cik": "0001893311",
        "fillingDate": "2021-03-31",
        "acceptedDate": "2021-03-30 20:00:00",
        "calendarYear": "2021",
        "period": "Q1",
        "revenue": 3306029,
        "costOfRevenue": 3885293,
        "grossProfit": -579264,
        "grossProfitRatio": -0.175214434,
        "researchAndDevelopmentExpenses": 0,
        "generalAndAdministrativeExpenses": 610432,
        "sellingAndMarketingExpenses": 0,
        "sellingGeneralAndAdministrativeExpenses": 610432,
        "otherExpenses": 0,
        "operatingExpenses": 610432,
        "costAndExpenses": 4495725,
        "interestIncome": 0,
        "interestExpense": 117243,
        "depreciationAndAmortization": 0,
        "ebitda": -1189663,
        "ebitdaratio": -0.3598465107,
        "operatingIncome": -1189696,
        "operatingIncomeRatio": -0.3598564925,
        "totalOtherIncomeExpensesNet": -117210,
        "incomeBeforeTax": -1306906,
        "incomeBeforeTaxRatio": -0.395309902,
        "incomeTaxExpense": 0,
        "netIncome": -1306906,
        "netIncomeRatio": -0.395309902,
        "eps": -0.0494,
        "epsdiluted": -0.0494,
        "weightedAverageShsOut": 26475418,
        "weightedAverageShsOutDil": 26475418,
        "link": "",
        "finalLink": ""
    },
    {
        "date": "2020-12-31",
        "symbol": "CHG",
        "reportedCurrency": "CNY",
        "cik": "0001893311",
        "fillingDate": "2020-12-31",
        "acceptedDate": "2020-12-30 19:00:00",
        "calendarYear": "2020",
        "period": "Q4",
        "revenue": 2215797,
        "costOfRevenue": 3575238,
        "grossProfit": -1359441,
        "grossProfitRatio": -0.6135223579,
        "researchAndDevelopmentExpenses": 0,
        "generalAndAdministrativeExpenses": 407399,
        "sellingAndMarketingExpenses": 0,
        "sellingGeneralAndAdministrativeExpenses": 407399,
        "otherExpenses": 0,
        "operatingExpenses": 407399,
        "costAndExpenses": 3982637,
        "interestIncome": 0,
        "interestExpense": 97841,
        "depreciationAndAmortization": 55131,
        "ebitda": -1766840,
        "ebitdaratio": -0.7973835148,
        "operatingIncome": -1766840,
        "operatingIncomeRatio": -0.7973835148,
        "totalOtherIncomeExpensesNet": -97841,
        "incomeBeforeTax": -1864681,
        "incomeBeforeTaxRatio": -0.8415396356,
        "incomeTaxExpense": 0,
        "netIncome": -1864681,
        "netIncomeRatio": -0.8415396356,
        "eps": -0.0704,
        "epsdiluted": -0.0704,
        "weightedAverageShsOut": 26475418,
        "weightedAverageShsOutDil": 26475418,
        "link": "",
        "finalLink": ""
    }
]