[
    {
        "date": "2025-04-30",
        "symbol": "CHI",
        "reportedCurrency": "USD",
        "cik": "0001171471",
        "fillingDate": "2025-04-30",
        "acceptedDate": "2025-04-29 20:00:00",
        "calendarYear": "2025",
        "period": "Q2",
        "revenue": 19486416,
        "costOfRevenue": 4906807,
        "grossProfit": 14579609,
        "grossProfitRatio": 0.7481934595,
        "researchAndDevelopmentExpenses": 0,
        "generalAndAdministrativeExpenses": 0,
        "sellingAndMarketingExpenses": 0,
        "sellingGeneralAndAdministrativeExpenses": 0,
        "otherExpenses": 18139238,
        "operatingExpenses": 18139238,
        "costAndExpenses": 23046043,
        "interestIncome": 0,
        "interestExpense": 10654380,
        "depreciationAndAmortization": 0,
        "ebitda": -3559627,
        "ebitdaratio": -0.1826722266,
        "operatingIncome": -3559627,
        "operatingIncomeRatio": -0.1826722266,
        "totalOtherIncomeExpensesNet": -10654380,
        "incomeBeforeTax": -14214007,
        "incomeBeforeTaxRatio": -0.7294315692,
        "incomeTaxExpense": 0,
        "netIncome": -14214007,
        "netIncomeRatio": -0.7294315692,
        "eps": -0.18,
        "epsdiluted": -0.18,
        "weightedAverageShsOut": 77613710,
        "weightedAverageShsOutDil": 77613710,
        "link": null,
        "finalLink": null
    },
    {
        "date": "2024-10-31",
        "symbol": "CHI",
        "reportedCurrency": "USD",
        "cik": "0001171471",
        "fillingDate": "2024-10-31",
        "acceptedDate": "2024-10-31 00:00:00",
        "calendarYear": "2024",
        "period": "Q4",
        "revenue": 63719930,
        "costOfRevenue": 4951808,
        "grossProfit": 58768122,
        "grossProfitRatio": 0.9222879247,
        "researchAndDevelopmentExpenses": 0,
        "generalAndAdministrativeExpenses": 0,
        "sellingAndMarketingExpenses": 0,
        "sellingGeneralAndAdministrativeExpenses": -36668862,
        "otherExpenses": 18334431,
        "operatingExpenses": -18334431,
        "costAndExpenses": -13382627,
        "interestIncome": 0,
        "interestExpense": 11752906,
        "depreciationAndAmortization": 0,
        "ebitda": 77102557,
        "ebitdaratio": 1.2100226256,
        "operatingIncome": 77102557,
        "operatingIncomeRatio": 1.2100226256,
        "totalOtherIncomeExpensesNet": -11752907,
        "incomeBeforeTax": 65349650,
        "incomeBeforeTaxRatio": 1.0255762993,
        "incomeTaxExpense": 0,
        "netIncome": 65349650,
        "netIncomeRatio": 1.0255762993,
        "eps": 0.86,
        "epsdiluted": 0.86,
        "weightedAverageShsOut": 75582242,
        "weightedAverageShsOutDil": 75582242,
        "link": null,
        "finalLink": null
    },
    {
        "date": "2024-04-30",
        "symbol": "CHI",
        "reportedCurrency": "USD",
        "cik": "0001171471",
        "fillingDate": "2024-04-30",
        "acceptedDate": "2024-04-28 20:00:00",
        "calendarYear": "2024",
        "period": "Q2",
        "revenue": 13308281,
        "costOfRevenue": 4870684,
        "grossProfit": 8437597,
        "grossProfitRatio": 0.6340110342,
        "researchAndDevelopmentExpenses": 0,
        "generalAndAdministrativeExpenses": 0,
        "sellingAndMarketingExpenses": 0,
        "sellingGeneralAndAdministrativeExpenses": -203856614,
        "otherExpenses": 101928307,
        "operatingExpenses": -101928307,
        "costAndExpenses": -97057624,
        "interestIncome": 0,
        "interestExpense": 11684308,
        "depreciationAndAmortization": 5,
        "ebitda": 110365905,
        "ebitdaratio": 8.2930248467,
        "operatingIncome": 110365905,
        "operatingIncomeRatio": 8.2930248467,
        "totalOtherIncomeExpensesNet": -11684308,
        "incomeBeforeTax": 98681597,
        "incomeBeforeTaxRatio": 7.4150521018,
        "incomeTaxExpense": 0,
        "netIncome": 98681597,
        "netIncomeRatio": 7.4150521018,
        "eps": 1.31,
        "epsdiluted": 1.31,
        "weightedAverageShsOut": 75238025,
        "weightedAverageShsOutDil": 75238025,
        "link": null,
        "finalLink": null
    },
    {
        "date": "2023-10-31",
        "symbol": "CHI",
        "reportedCurrency": "USD",
        "cik": "0001171471",
        "fillingDate": "2023-10-31",
        "acceptedDate": "2023-10-30 20:00:00",
        "calendarYear": "2023",
        "period": "Q4",
        "revenue": 50797236,
        "costOfRevenue": 4946528,
        "grossProfit": 45850708,
        "grossProfitRatio": 0.9026221033,
        "researchAndDevelopmentExpenses": 0,
        "generalAndAdministrativeExpenses": 0,
        "sellingAndMarketingExpenses": 0,
        "sellingGeneralAndAdministrativeExpenses": 0,
        "otherExpenses": 61848430,
        "operatingExpenses": 61848430,
        "costAndExpenses": 66794957,
        "interestIncome": 0,
        "interestExpense": 12701782,
        "depreciationAndAmortization": 43812,
        "ebitda": -15997720,
        "ebitdaratio": -0.3149328834,
        "operatingIncome": -15997720,
        "operatingIncomeRatio": -0.3149328834,
        "totalOtherIncomeExpensesNet": -12701782,
        "incomeBeforeTax": -28699503,
        "incomeBeforeTaxRatio": -0.5649815868,
        "incomeTaxExpense": -43812,
        "netIncome": -28699503,
        "netIncomeRatio": -0.5649815868,
        "eps": -0.38,
        "epsdiluted": -0.38,
        "weightedAverageShsOut": 74562171,
        "weightedAverageShsOutDil": 74562171,
        "link": null,
        "finalLink": null
    },
    {
        "date": "2023-04-30",
        "symbol": "CHI",
        "reportedCurrency": "USD",
        "cik": "0001171471",
        "fillingDate": "2023-04-30",
        "acceptedDate": "2023-04-29 20:00:00",
        "calendarYear": "2023",
        "period": "Q2",
        "revenue": 61435458,
        "costOfRevenue": 5020012,
        "grossProfit": 56415446,
        "grossProfitRatio": 0.9182880349,
        "researchAndDevelopmentExpenses": 0,
        "generalAndAdministrativeExpenses": 0,
        "sellingAndMarketingExpenses": 0,
        "sellingGeneralAndAdministrativeExpenses": 0,
        "otherExpenses": -27622366,
        "operatingExpenses": 27622366,
        "costAndExpenses": 32642377,
        "interestIncome": 0,
        "interestExpense": 0,
        "depreciationAndAmortization": 122085,
        "ebitda": 28793080,
        "ebitdaratio": 0.4686720167,
        "operatingIncome": 28793080,
        "operatingIncomeRatio": 0.4686720167,
        "totalOtherIncomeExpensesNet": -9923815,
        "incomeBeforeTax": 18869265,
        "incomeBeforeTaxRatio": 0.3071396489,
        "incomeTaxExpense": -122085,
        "netIncome": 18869265,
        "netIncomeRatio": 0.3071396489,
        "eps": 0.25,
        "epsdiluted": 0.25,
        "weightedAverageShsOut": 74429499,
        "weightedAverageShsOutDil": 74429499,
        "link": null,
        "finalLink": null
    },
    {
        "date": "2022-10-31",
        "symbol": "CHI",
        "reportedCurrency": "USD",
        "cik": "0001171471",
        "fillingDate": "2022-10-31",
        "acceptedDate": "2022-10-30 20:00:00",
        "calendarYear": "2022",
        "period": "Q4",
        "revenue": 7802457,
        "costOfRevenue": 5339554,
        "grossProfit": 2462903,
        "grossProfitRatio": 0.3156573628,
        "researchAndDevelopmentExpenses": 0,
        "generalAndAdministrativeExpenses": 0,
        "sellingAndMarketingExpenses": 0,
        "sellingGeneralAndAdministrativeExpenses": 0,
        "otherExpenses": -86823097,
        "operatingExpenses": 86823097,
        "costAndExpenses": 92162646,
        "interestIncome": 0,
        "interestExpense": 6403234,
        "depreciationAndAmortization": 54880,
        "ebitda": -84360190,
        "ebitdaratio": -10.8120031934,
        "operatingIncome": -84360190,
        "operatingIncomeRatio": -10.8120031934,
        "totalOtherIncomeExpensesNet": -6403234,
        "incomeBeforeTax": -90763423,
        "incomeBeforeTaxRatio": -11.6326719904,
        "incomeTaxExpense": -54880,
        "netIncome": -90763423,
        "netIncomeRatio": -11.6326719904,
        "eps": -1.24,
        "epsdiluted": -1.24,
        "weightedAverageShsOut": 73425628,
        "weightedAverageShsOutDil": 73425628,
        "link": null,
        "finalLink": null
    },
    {
        "date": "2022-04-30",
        "symbol": "CHI",
        "reportedCurrency": "USD",
        "cik": "0001171471",
        "fillingDate": "2022-04-30",
        "acceptedDate": "2022-04-28 20:00:00",
        "calendarYear": "2022",
        "period": "Q2",
        "revenue": 81643749,
        "costOfRevenue": 6293247,
        "grossProfit": 75350502,
        "grossProfitRatio": 0.9229182016,
        "researchAndDevelopmentExpenses": 0,
        "generalAndAdministrativeExpenses": 0,
        "sellingAndMarketingExpenses": 0,
        "sellingGeneralAndAdministrativeExpenses": 0,
        "otherExpenses": -279138778,
        "operatingExpenses": 279138778,
        "costAndExpenses": 285432024,
        "interestIncome": 0,
        "interestExpense": 3544256,
        "depreciationAndAmortization": 86065,
        "ebitda": -203788280,
        "ebitdaratio": -2.4960671514,
        "operatingIncome": -203788280,
        "operatingIncomeRatio": -2.4960671514,
        "totalOtherIncomeExpensesNet": -3544251,
        "incomeBeforeTax": -207332531,
        "incomeBeforeTaxRatio": -2.5394783255,
        "incomeTaxExpense": -86065,
        "netIncome": -207332531,
        "netIncomeRatio": -2.5394783255,
        "eps": -2.86,
        "epsdiluted": -2.86,
        "weightedAverageShsOut": 72395861,
        "weightedAverageShsOutDil": 72395861,
        "link": null,
        "finalLink": null
    },
    {
        "date": "2021-10-31",
        "symbol": "CHI",
        "reportedCurrency": "USD",
        "cik": "0001171471",
        "fillingDate": "2021-10-31",
        "acceptedDate": "2021-10-29 20:00:00",
        "calendarYear": "2021",
        "period": "Q4",
        "revenue": -25951451,
        "costOfRevenue": 6554356,
        "grossProfit": -32505807,
        "grossProfitRatio": 1.252562217,
        "researchAndDevelopmentExpenses": 0,
        "generalAndAdministrativeExpenses": 0,
        "sellingAndMarketingExpenses": 0,
        "sellingGeneralAndAdministrativeExpenses": 0,
        "otherExpenses": 88250827,
        "operatingExpenses": -88250827,
        "costAndExpenses": -81696470,
        "interestIncome": 0,
        "interestExpense": 3439021,
        "depreciationAndAmortization": 0,
        "ebitda": 55745019,
        "ebitdaratio": -2.1480501803,
        "operatingIncome": 55745020,
        "operatingIncomeRatio": -2.1480502188,
        "totalOtherIncomeExpensesNet": -3439022,
        "incomeBeforeTax": 52305998,
        "incomeBeforeTaxRatio": -2.015532696,
        "incomeTaxExpense": 0,
        "netIncome": 52305998,
        "netIncomeRatio": -2.015532696,
        "eps": 0.73,
        "epsdiluted": 0.73,
        "weightedAverageShsOut": 71749316,
        "weightedAverageShsOutDil": 71749316,
        "link": null,
        "finalLink": null
    },
    {
        "date": "2021-04-30",
        "symbol": "CHI",
        "reportedCurrency": "USD",
        "cik": "0001171471",
        "fillingDate": "2021-04-30",
        "acceptedDate": "2021-04-28 20:00:00",
        "calendarYear": "2021",
        "period": "Q2",
        "revenue": 114883955,
        "costOfRevenue": 6143826,
        "grossProfit": 108740129,
        "grossProfitRatio": 0.9465214616,
        "researchAndDevelopmentExpenses": 0,
        "generalAndAdministrativeExpenses": 0,
        "sellingAndMarketingExpenses": 0,
        "sellingGeneralAndAdministrativeExpenses": 0,
        "otherExpenses": 128910132,
        "operatingExpenses": -128910132,
        "costAndExpenses": -122766311,
        "interestIncome": 0,
        "interestExpense": 2949692,
        "depreciationAndAmortization": 0,
        "ebitda": 237650266,
        "ebitdaratio": 2.068611461,
        "operatingIncome": 237650260,
        "operatingIncomeRatio": 2.0686114088,
        "totalOtherIncomeExpensesNet": -2949692,
        "incomeBeforeTax": 234700574,
        "incomeBeforeTaxRatio": 2.0429360566,
        "incomeTaxExpense": 0,
        "netIncome": 234700574,
        "netIncomeRatio": 2.0429360566,
        "eps": 3.31,
        "epsdiluted": 3.31,
        "weightedAverageShsOut": 70923815,
        "weightedAverageShsOutDil": 70923815,
        "link": null,
        "finalLink": null
    },
    {
        "date": "2020-10-31",
        "symbol": "CHI",
        "reportedCurrency": "USD",
        "cik": "0001171471",
        "fillingDate": "2020-10-31",
        "acceptedDate": "2020-10-29 20:00:00",
        "calendarYear": "2020",
        "period": "Q4",
        "revenue": 48542478,
        "costOfRevenue": 5053629,
        "grossProfit": 43488849,
        "grossProfitRatio": 0.8958926448,
        "researchAndDevelopmentExpenses": 0,
        "generalAndAdministrativeExpenses": 0,
        "sellingAndMarketingExpenses": 0,
        "sellingGeneralAndAdministrativeExpenses": 0,
        "otherExpenses": 183198801,
        "operatingExpenses": -183198801,
        "costAndExpenses": -178145168,
        "interestIncome": 0,
        "interestExpense": 2421536,
        "depreciationAndAmortization": 0,
        "ebitda": 226687646,
        "ebitdaratio": 4.6698820361,
        "operatingIncome": 226687650,
        "operatingIncomeRatio": 4.6698821185,
        "totalOtherIncomeExpensesNet": -2421540,
        "incomeBeforeTax": 224266110,
        "incomeBeforeTaxRatio": 4.6199971497,
        "incomeTaxExpense": 0,
        "netIncome": 224266110,
        "netIncomeRatio": 4.6199971497,
        "eps": 3.16,
        "epsdiluted": 3.16,
        "weightedAverageShsOut": 70923815,
        "weightedAverageShsOutDil": 70923815,
        "link": null,
        "finalLink": null
    },
    {
        "date": "2020-04-30",
        "symbol": "CHI",
        "reportedCurrency": "USD",
        "cik": "0001171471",
        "fillingDate": "2020-04-30",
        "acceptedDate": "2020-04-28 20:00:00",
        "calendarYear": "2020",
        "period": "Q2",
        "revenue": 45381815,
        "costOfRevenue": 4625022,
        "grossProfit": 40756793,
        "grossProfitRatio": 0.8980864472,
        "researchAndDevelopmentExpenses": 0,
        "generalAndAdministrativeExpenses": 0,
        "sellingAndMarketingExpenses": 0,
        "sellingGeneralAndAdministrativeExpenses": 0,
        "otherExpenses": -56898692,
        "operatingExpenses": 56898692,
        "costAndExpenses": 61523713,
        "interestIncome": 0,
        "interestExpense": 5043022,
        "depreciationAndAmortization": 0,
        "ebitda": -16141898,
        "ebitdaratio": -0.3556908863,
        "operatingIncome": -16141900,
        "operatingIncomeRatio": -0.3556909304,
        "totalOtherIncomeExpensesNet": -5043020,
        "incomeBeforeTax": -21184920,
        "incomeBeforeTaxRatio": -0.466815177,
        "incomeTaxExpense": 0,
        "netIncome": -21184920,
        "netIncomeRatio": -0.466815177,
        "eps": -0.3,
        "epsdiluted": -0.3,
        "weightedAverageShsOut": 70923815,
        "weightedAverageShsOutDil": 70923815,
        "link": null,
        "finalLink": null
    },
    {
        "date": "2019-10-31",
        "symbol": "CHI",
        "reportedCurrency": "USD",
        "cik": "0001171471",
        "fillingDate": "2019-10-31",
        "acceptedDate": "2019-10-29 20:00:00",
        "calendarYear": "2019",
        "period": "Q4",
        "revenue": 50270618,
        "costOfRevenue": 4732068,
        "grossProfit": 45538550,
        "grossProfitRatio": 0.9058681156,
        "researchAndDevelopmentExpenses": 0,
        "generalAndAdministrativeExpenses": 0,
        "sellingAndMarketingExpenses": 0,
        "sellingGeneralAndAdministrativeExpenses": 0,
        "otherExpenses": -24158876,
        "operatingExpenses": 24158876,
        "costAndExpenses": 28890947,
        "interestIncome": 0,
        "interestExpense": 6128918,
        "depreciationAndAmortization": 0,
        "ebitda": 21379671,
        "ebitdaratio": 0.4252915888,
        "operatingIncome": 21379670,
        "operatingIncomeRatio": 0.4252915689,
        "totalOtherIncomeExpensesNet": -6128917,
        "incomeBeforeTax": 15250753,
        "incomeBeforeTaxRatio": 0.3033730956,
        "incomeTaxExpense": 0,
        "netIncome": 15250753,
        "netIncomeRatio": 0.3033730956,
        "eps": 0.22,
        "epsdiluted": 0.22,
        "weightedAverageShsOut": 70898658,
        "weightedAverageShsOutDil": 70898658,
        "link": null,
        "finalLink": null
    }
]