[
    {
        "date": "2025-06-30",
        "symbol": "CHRS",
        "reportedCurrency": "USD",
        "cik": "0001512762",
        "fillingDate": "2025-08-07",
        "acceptedDate": "2025-08-07 16:55:06",
        "calendarYear": "2025",
        "period": "Q2",
        "revenue": 10254000,
        "costOfRevenue": 4411000,
        "grossProfit": 5843000,
        "grossProfitRatio": 0.5698264092,
        "researchAndDevelopmentExpenses": 26306000,
        "generalAndAdministrativeExpenses": 0,
        "sellingAndMarketingExpenses": 0,
        "sellingGeneralAndAdministrativeExpenses": 26039000,
        "otherExpenses": -1016000,
        "operatingExpenses": 51329000,
        "costAndExpenses": 55740000,
        "interestIncome": 0,
        "interestExpense": 2277000,
        "depreciationAndAmortization": 1016000,
        "ebitda": -45486000,
        "ebitdaratio": -4.4359274429,
        "operatingIncome": -45486000,
        "operatingIncomeRatio": -4.4359274429,
        "totalOtherIncomeExpensesNet": 624000,
        "incomeBeforeTax": -44862000,
        "incomeBeforeTaxRatio": -4.3750731422,
        "incomeTaxExpense": -342629000,
        "netIncome": 297767000,
        "netIncomeRatio": 29.0391066901,
        "eps": -0.36,
        "epsdiluted": -0.36,
        "weightedAverageShsOut": 116077710,
        "weightedAverageShsOutDil": 116077710,
        "link": "https://www.sec.gov/Archives/edgar/data/1512762/000155837025010803/0001558370-25-010803-index.htm",
        "finalLink": "https://www.sec.gov/Archives/edgar/data/1512762/000155837025010803/chrs-20250630x10q.htm"
    },
    {
        "date": "2025-03-31",
        "symbol": "CHRS",
        "reportedCurrency": "USD",
        "cik": "0001512762",
        "fillingDate": "2025-05-12",
        "acceptedDate": "2025-05-12 16:59:11",
        "calendarYear": "2025",
        "period": "Q1",
        "revenue": 7599000,
        "costOfRevenue": 2653000,
        "grossProfit": 4946000,
        "grossProfitRatio": 0.6508751151,
        "researchAndDevelopmentExpenses": 24356000,
        "generalAndAdministrativeExpenses": 0,
        "sellingAndMarketingExpenses": 0,
        "sellingGeneralAndAdministrativeExpenses": 26025000,
        "otherExpenses": 0,
        "operatingExpenses": 50381000,
        "costAndExpenses": 53034000,
        "interestIncome": 0,
        "interestExpense": 2150000,
        "depreciationAndAmortization": 1046000,
        "ebitda": -44202000,
        "ebitdaratio": -5.8168180024,
        "operatingIncome": -45435000,
        "operatingIncomeRatio": -5.9790761942,
        "totalOtherIncomeExpensesNet": -1963000,
        "incomeBeforeTax": -47398000,
        "incomeBeforeTaxRatio": -6.2373996578,
        "incomeTaxExpense": 0,
        "netIncome": -56569000,
        "netIncomeRatio": -7.4442689828,
        "eps": -0.49,
        "epsdiluted": -0.49,
        "weightedAverageShsOut": 115857780,
        "weightedAverageShsOutDil": 115857780,
        "link": "https://www.sec.gov/Archives/edgar/data/1512762/000155837025007418/0001558370-25-007418-index.htm",
        "finalLink": "https://www.sec.gov/Archives/edgar/data/1512762/000155837025007418/chrs-20250331x10q.htm"
    },
    {
        "date": "2024-12-31",
        "symbol": "CHRS",
        "reportedCurrency": "USD",
        "cik": "0001512762",
        "fillingDate": "2025-03-17",
        "acceptedDate": "2025-03-17 16:28:00",
        "calendarYear": "2024",
        "period": "Q4",
        "revenue": 54144000,
        "costOfRevenue": 33858000,
        "grossProfit": 20286000,
        "grossProfitRatio": 0.3746675532,
        "researchAndDevelopmentExpenses": 21235000,
        "generalAndAdministrativeExpenses": 23697000,
        "sellingAndMarketingExpenses": 10900000,
        "sellingGeneralAndAdministrativeExpenses": 41297000,
        "otherExpenses": 0,
        "operatingExpenses": 62532000,
        "costAndExpenses": 96390000,
        "interestIncome": 0,
        "interestExpense": 5346000,
        "depreciationAndAmortization": 1033000,
        "ebitda": -44317000,
        "ebitdaratio": -0.8185025118,
        "operatingIncome": -42246000,
        "operatingIncomeRatio": -0.7802526596,
        "totalOtherIncomeExpensesNet": -8450000,
        "incomeBeforeTax": -50696000,
        "incomeBeforeTaxRatio": -0.9363179669,
        "incomeTaxExpense": 0,
        "netIncome": -50696000,
        "netIncomeRatio": -0.9363179669,
        "eps": -0.44,
        "epsdiluted": -0.44,
        "weightedAverageShsOut": 115418069,
        "weightedAverageShsOutDil": 115418069,
        "link": "https://www.sec.gov/Archives/edgar/data/1512762/000155837025003126/0001558370-25-003126-index.htm",
        "finalLink": "https://www.sec.gov/Archives/edgar/data/1512762/000155837025003126/chrs-20241231x10k.htm"
    },
    {
        "date": "2024-09-30",
        "symbol": "CHRS",
        "reportedCurrency": "USD",
        "cik": "0001512762",
        "fillingDate": "2024-11-06",
        "acceptedDate": "2024-11-06 16:31:28",
        "calendarYear": "2024",
        "period": "Q3",
        "revenue": 70774000,
        "costOfRevenue": 20741000,
        "grossProfit": 50033000,
        "grossProfitRatio": 0.7069404018,
        "researchAndDevelopmentExpenses": 21676000,
        "generalAndAdministrativeExpenses": 0,
        "sellingAndMarketingExpenses": 0,
        "sellingGeneralAndAdministrativeExpenses": 34744000,
        "otherExpenses": 0,
        "operatingExpenses": 56420000,
        "costAndExpenses": 77161000,
        "interestIncome": 0,
        "interestExpense": 5362000,
        "depreciationAndAmortization": 1549000,
        "ebitda": -3840000,
        "ebitdaratio": -0.0542572131,
        "operatingIncome": -6387000,
        "operatingIncomeRatio": -0.0902450052,
        "totalOtherIncomeExpensesNet": -4364000,
        "incomeBeforeTax": -10751000,
        "incomeBeforeTaxRatio": -0.1519060672,
        "incomeTaxExpense": 0,
        "netIncome": -10751000,
        "netIncomeRatio": -0.1519060672,
        "eps": -0.0933,
        "epsdiluted": -0.0933,
        "weightedAverageShsOut": 115210091,
        "weightedAverageShsOutDil": 115210091,
        "link": "https://www.sec.gov/Archives/edgar/data/1512762/000155837024014648/0001558370-24-014648-index.htm",
        "finalLink": "https://www.sec.gov/Archives/edgar/data/1512762/000155837024014648/chrs-20240930x10q.htm"
    },
    {
        "date": "2024-06-30",
        "symbol": "CHRS",
        "reportedCurrency": "USD",
        "cik": "0001512762",
        "fillingDate": "2024-08-08",
        "acceptedDate": "2024-08-08 16:39:04",
        "calendarYear": "2024",
        "period": "Q2",
        "revenue": 64979000,
        "costOfRevenue": 29555000,
        "grossProfit": 35424000,
        "grossProfitRatio": 0.5451607442,
        "researchAndDevelopmentExpenses": 20768000,
        "generalAndAdministrativeExpenses": 0,
        "sellingAndMarketingExpenses": 0,
        "sellingGeneralAndAdministrativeExpenses": 35165000,
        "otherExpenses": 0,
        "operatingExpenses": 55933000,
        "costAndExpenses": 85488000,
        "interestIncome": 0,
        "interestExpense": 5334000,
        "depreciationAndAmortization": 1187000,
        "ebitda": -6400000,
        "ebitdaratio": -0.0984933594,
        "operatingIncome": -20509000,
        "operatingIncomeRatio": -0.3156250481,
        "totalOtherIncomeExpensesNet": 7588000,
        "incomeBeforeTax": -12921000,
        "incomeBeforeTaxRatio": -0.1988488589,
        "incomeTaxExpense": 0,
        "netIncome": -12921000,
        "netIncomeRatio": -0.1988488589,
        "eps": -0.11,
        "epsdiluted": -0.11,
        "weightedAverageShsOut": 114819965,
        "weightedAverageShsOutDil": 114819965,
        "link": "https://www.sec.gov/Archives/edgar/data/1512762/000155837024011629/0001558370-24-011629-index.htm",
        "finalLink": "https://www.sec.gov/Archives/edgar/data/1512762/000155837024011629/chrs-20240630x10q.htm"
    },
    {
        "date": "2024-03-31",
        "symbol": "CHRS",
        "reportedCurrency": "USD",
        "cik": "0001512762",
        "fillingDate": "2024-05-09",
        "acceptedDate": "2024-05-09 16:51:52",
        "calendarYear": "2024",
        "period": "Q1",
        "revenue": 2308000,
        "costOfRevenue": 36093000,
        "grossProfit": 40970000,
        "grossProfitRatio": 17.7512998267,
        "researchAndDevelopmentExpenses": 26963000,
        "generalAndAdministrativeExpenses": 0,
        "sellingAndMarketingExpenses": 0,
        "sellingGeneralAndAdministrativeExpenses": 49732000,
        "otherExpenses": 0,
        "operatingExpenses": 76695000,
        "costAndExpenses": 70095000,
        "interestIncome": 0,
        "interestExpense": 11116000,
        "depreciationAndAmortization": 1507000,
        "ebitda": 115498000,
        "ebitdaratio": 50.0424610052,
        "operatingIncome": -42525000,
        "operatingIncomeRatio": -18.4250433276,
        "totalOtherIncomeExpensesNet": 145400000,
        "incomeBeforeTax": 102875000,
        "incomeBeforeTaxRatio": 44.5732235702,
        "incomeTaxExpense": 0,
        "netIncome": 102875000,
        "netIncomeRatio": 44.5732235702,
        "eps": 0.91,
        "epsdiluted": 0.82,
        "weightedAverageShsOut": 112749306,
        "weightedAverageShsOutDil": 125529971,
        "link": "https://www.sec.gov/Archives/edgar/data/1512762/000155837024007641/0001558370-24-007641-index.htm",
        "finalLink": "https://www.sec.gov/Archives/edgar/data/1512762/000155837024007641/chrs-20240331x10q.htm"
    },
    {
        "date": "2023-12-31",
        "symbol": "CHRS",
        "reportedCurrency": "USD",
        "cik": "0001512762",
        "fillingDate": "2024-03-15",
        "acceptedDate": "2024-03-15 17:13:21",
        "calendarYear": "2023",
        "period": "Q4",
        "revenue": 91524000,
        "costOfRevenue": 85630000,
        "grossProfit": 5894000,
        "grossProfitRatio": 0.0643984092,
        "researchAndDevelopmentExpenses": 25305000,
        "generalAndAdministrativeExpenses": 36694000,
        "sellingAndMarketingExpenses": 10900000,
        "sellingGeneralAndAdministrativeExpenses": 48949000,
        "otherExpenses": 0,
        "operatingExpenses": 74254000,
        "costAndExpenses": 159884000,
        "interestIncome": 0,
        "interestExpense": 10619000,
        "depreciationAndAmortization": 1063000,
        "ebitda": -67971000,
        "ebitdaratio": -0.7426576636,
        "operatingIncome": -68360000,
        "operatingIncomeRatio": -0.7469079149,
        "totalOtherIncomeExpensesNet": -10748000,
        "incomeBeforeTax": -79653000,
        "incomeBeforeTaxRatio": -0.8702963157,
        "incomeTaxExpense": 0,
        "netIncome": -79653000,
        "netIncomeRatio": -0.8702963157,
        "eps": -0.71,
        "epsdiluted": -0.71,
        "weightedAverageShsOut": 111492596,
        "weightedAverageShsOutDil": 111492596,
        "link": "https://www.sec.gov/Archives/edgar/data/1512762/000155837024003436/0001558370-24-003436-index.htm",
        "finalLink": "https://www.sec.gov/Archives/edgar/data/1512762/000155837024003436/chrs-20231231x10k.htm"
    },
    {
        "date": "2023-09-30",
        "symbol": "CHRS",
        "reportedCurrency": "USD",
        "cik": "0001512762",
        "fillingDate": "2023-11-06",
        "acceptedDate": "2023-11-06 16:35:59",
        "calendarYear": "2023",
        "period": "Q3",
        "revenue": 74568000,
        "costOfRevenue": 32703000,
        "grossProfit": 41865000,
        "grossProfitRatio": 0.561433859,
        "researchAndDevelopmentExpenses": 25647000,
        "generalAndAdministrativeExpenses": 0,
        "sellingAndMarketingExpenses": 0,
        "sellingGeneralAndAdministrativeExpenses": 48224000,
        "otherExpenses": 0,
        "operatingExpenses": 73871000,
        "costAndExpenses": 106574000,
        "interestIncome": 0,
        "interestExpense": 10268000,
        "depreciationAndAmortization": 1637000,
        "ebitda": -28116000,
        "ebitdaratio": -0.3770518185,
        "operatingIncome": -32006000,
        "operatingIncomeRatio": -0.4292189679,
        "totalOtherIncomeExpensesNet": -8015000,
        "incomeBeforeTax": -40021000,
        "incomeBeforeTaxRatio": -0.5367047527,
        "incomeTaxExpense": -380000,
        "netIncome": -39641000,
        "netIncomeRatio": -0.531608733,
        "eps": -0.41,
        "epsdiluted": -0.41,
        "weightedAverageShsOut": 97738509,
        "weightedAverageShsOutDil": 97738509,
        "link": "https://www.sec.gov/Archives/edgar/data/1512762/000155837023017779/0001558370-23-017779-index.htm",
        "finalLink": "https://www.sec.gov/Archives/edgar/data/1512762/000155837023017779/chrs-20230930x10q.htm"
    },
    {
        "date": "2023-06-30",
        "symbol": "CHRS",
        "reportedCurrency": "USD",
        "cik": "0001512762",
        "fillingDate": "2023-08-02",
        "acceptedDate": "2023-08-02 16:11:32",
        "calendarYear": "2023",
        "period": "Q2",
        "revenue": 58716000,
        "costOfRevenue": 24848000,
        "grossProfit": 33868000,
        "grossProfitRatio": 0.5768104094,
        "researchAndDevelopmentExpenses": 23267000,
        "generalAndAdministrativeExpenses": 0,
        "sellingAndMarketingExpenses": 0,
        "sellingGeneralAndAdministrativeExpenses": 45144000,
        "otherExpenses": 0,
        "operatingExpenses": 68411000,
        "costAndExpenses": 93259000,
        "interestIncome": 0,
        "interestExpense": 9943000,
        "depreciationAndAmortization": 880000,
        "ebitda": -32046000,
        "ebitdaratio": -0.5457796853,
        "operatingIncome": -34543000,
        "operatingIncomeRatio": -0.5883064241,
        "totalOtherIncomeExpensesNet": -8326000,
        "incomeBeforeTax": -42869000,
        "incomeBeforeTaxRatio": -0.7301076368,
        "incomeTaxExpense": 0,
        "netIncome": -42869000,
        "netIncomeRatio": -0.7301076368,
        "eps": -0.49,
        "epsdiluted": -0.49,
        "weightedAverageShsOut": 87269614,
        "weightedAverageShsOutDil": 87269614,
        "link": "https://www.sec.gov/Archives/edgar/data/1512762/000155837023012915/0001558370-23-012915-index.htm",
        "finalLink": "https://www.sec.gov/Archives/edgar/data/1512762/000155837023012915/chrs-20230630x10q.htm"
    },
    {
        "date": "2023-03-31",
        "symbol": "CHRS",
        "reportedCurrency": "USD",
        "cik": "0001512762",
        "fillingDate": "2023-05-08",
        "acceptedDate": "2023-05-08 16:20:06",
        "calendarYear": "2023",
        "period": "Q1",
        "revenue": 32436000,
        "costOfRevenue": 16874000,
        "grossProfit": 15562000,
        "grossProfitRatio": 0.479775558,
        "researchAndDevelopmentExpenses": 34154000,
        "generalAndAdministrativeExpenses": 0,
        "sellingAndMarketingExpenses": 0,
        "sellingGeneralAndAdministrativeExpenses": 49153000,
        "otherExpenses": 0,
        "operatingExpenses": 83307000,
        "costAndExpenses": 100181000,
        "interestIncome": 0,
        "interestExpense": 9712000,
        "depreciationAndAmortization": 949000,
        "ebitda": -65068000,
        "ebitdaratio": -2.0060426686,
        "operatingIncome": -67745000,
        "operatingIncomeRatio": -2.0885744235,
        "totalOtherIncomeExpensesNet": -7984000,
        "incomeBeforeTax": -75729000,
        "incomeBeforeTaxRatio": -2.3347206807,
        "incomeTaxExpense": -949000,
        "netIncome": -74780000,
        "netIncomeRatio": -2.3054630657,
        "eps": -0.94,
        "epsdiluted": -0.94,
        "weightedAverageShsOut": 79268853,
        "weightedAverageShsOutDil": 79268853,
        "link": "https://www.sec.gov/Archives/edgar/data/1512762/000155837023008529/0001558370-23-008529-index.htm",
        "finalLink": "https://www.sec.gov/Archives/edgar/data/1512762/000155837023008529/chrs-20230331x10q.htm"
    },
    {
        "date": "2022-12-31",
        "symbol": "CHRS",
        "reportedCurrency": "USD",
        "cik": "0001512762",
        "fillingDate": "2023-03-06",
        "acceptedDate": "2023-03-06 16:16:08",
        "calendarYear": "2022",
        "period": "Q4",
        "revenue": 45352000,
        "costOfRevenue": 14202000,
        "grossProfit": 31150000,
        "grossProfitRatio": 0.6868495325,
        "researchAndDevelopmentExpenses": 29022000,
        "generalAndAdministrativeExpenses": 43121000,
        "sellingAndMarketingExpenses": 10500000,
        "sellingGeneralAndAdministrativeExpenses": 53621000,
        "otherExpenses": 0,
        "operatingExpenses": 82643000,
        "costAndExpenses": 96845000,
        "interestIncome": 0,
        "interestExpense": 9385000,
        "depreciationAndAmortization": 1050000,
        "ebitda": -48435000,
        "ebitdaratio": -1.0679793614,
        "operatingIncome": -51493000,
        "operatingIncomeRatio": -1.1354074793,
        "totalOtherIncomeExpensesNet": -7377000,
        "incomeBeforeTax": -58870000,
        "incomeBeforeTaxRatio": -1.2980684424,
        "incomeTaxExpense": 7377000,
        "netIncome": -66247000,
        "netIncomeRatio": -1.4607294055,
        "eps": -0.85,
        "epsdiluted": -0.85,
        "weightedAverageShsOut": 77955769,
        "weightedAverageShsOutDil": 77955769,
        "link": "https://www.sec.gov/Archives/edgar/data/1512762/000155837023002917/0001558370-23-002917-index.htm",
        "finalLink": "https://www.sec.gov/Archives/edgar/data/1512762/000155837023002917/chrs-20221231x10k.htm"
    },
    {
        "date": "2022-09-30",
        "symbol": "CHRS",
        "reportedCurrency": "USD",
        "cik": "0001512762",
        "fillingDate": "2022-11-08",
        "acceptedDate": "2022-11-08 16:03:00",
        "calendarYear": "2022",
        "period": "Q3",
        "revenue": 45424000,
        "costOfRevenue": 35234000,
        "grossProfit": 10190000,
        "grossProfitRatio": 0.2243307503,
        "researchAndDevelopmentExpenses": 45808000,
        "generalAndAdministrativeExpenses": 0,
        "sellingAndMarketingExpenses": 0,
        "sellingGeneralAndAdministrativeExpenses": 44831000,
        "otherExpenses": 0,
        "operatingExpenses": 90639000,
        "costAndExpenses": 125873000,
        "interestIncome": 0,
        "interestExpense": 7540000,
        "depreciationAndAmortization": 900000,
        "ebitda": -78210000,
        "ebitdaratio": -1.7217770342,
        "operatingIncome": -80449000,
        "operatingIncomeRatio": -1.7710681578,
        "totalOtherIncomeExpensesNet": -6201000,
        "incomeBeforeTax": -86650000,
        "incomeBeforeTaxRatio": -1.907581895,
        "incomeTaxExpense": 6201000,
        "netIncome": -92851000,
        "netIncomeRatio": -2.0440956323,
        "eps": -1.19,
        "epsdiluted": -1.19,
        "weightedAverageShsOut": 77746895,
        "weightedAverageShsOutDil": 77746895,
        "link": "https://www.sec.gov/Archives/edgar/data/1512762/000155837022016850/0001558370-22-016850-index.htm",
        "finalLink": "https://www.sec.gov/Archives/edgar/data/1512762/000155837022016850/chrs-20220930x10q.htm"
    },
    {
        "date": "2022-06-30",
        "symbol": "CHRS",
        "reportedCurrency": "USD",
        "cik": "0001512762",
        "fillingDate": "2022-08-04",
        "acceptedDate": "2022-08-04 16:35:35",
        "calendarYear": "2022",
        "period": "Q2",
        "revenue": 60151000,
        "costOfRevenue": 11277000,
        "grossProfit": 48874000,
        "grossProfitRatio": 0.8125218201,
        "researchAndDevelopmentExpenses": 41611000,
        "generalAndAdministrativeExpenses": 0,
        "sellingAndMarketingExpenses": 0,
        "sellingGeneralAndAdministrativeExpenses": 51276000,
        "otherExpenses": 443000,
        "operatingExpenses": 92887000,
        "costAndExpenses": 104164000,
        "interestIncome": 0,
        "interestExpense": 6580000,
        "depreciationAndAmortization": 900000,
        "ebitda": -42670000,
        "ebitdaratio": -0.7093813902,
        "operatingIncome": -44013000,
        "operatingIncomeRatio": -0.7317085335,
        "totalOtherIncomeExpensesNet": -6137000,
        "incomeBeforeTax": -50150000,
        "incomeBeforeTaxRatio": -0.8337351,
        "incomeTaxExpense": 6137000,
        "netIncome": -56287000,
        "netIncomeRatio": -0.9357616665,
        "eps": -0.73,
        "epsdiluted": -0.73,
        "weightedAverageShsOut": 77153964,
        "weightedAverageShsOutDil": 77554717,
        "link": "https://www.sec.gov/Archives/edgar/data/1512762/000155837022012251/0001558370-22-012251-index.htm",
        "finalLink": "https://www.sec.gov/Archives/edgar/data/1512762/000155837022012251/chrs-20220630x10q.htm"
    },
    {
        "date": "2022-03-31",
        "symbol": "CHRS",
        "reportedCurrency": "USD",
        "cik": "0001512762",
        "fillingDate": "2022-05-05",
        "acceptedDate": "2022-05-05 16:38:37",
        "calendarYear": "2022",
        "period": "Q1",
        "revenue": 60115000,
        "costOfRevenue": 9370000,
        "grossProfit": 50745000,
        "grossProfitRatio": 0.8441320802,
        "researchAndDevelopmentExpenses": 82917000,
        "generalAndAdministrativeExpenses": 0,
        "sellingAndMarketingExpenses": 0,
        "sellingGeneralAndAdministrativeExpenses": 48753000,
        "otherExpenses": 32000,
        "operatingExpenses": 131670000,
        "costAndExpenses": 141040000,
        "interestIncome": 0,
        "interestExpense": 8969000,
        "depreciationAndAmortization": 767000,
        "ebitda": -86348000,
        "ebitdaratio": -1.4363802711,
        "operatingIncome": -80925000,
        "operatingIncomeRatio": -1.3461698411,
        "totalOtherIncomeExpensesNet": -15159000,
        "incomeBeforeTax": -96084000,
        "incomeBeforeTaxRatio": -1.5983365217,
        "incomeTaxExpense": 15159000,
        "netIncome": -111243000,
        "netIncomeRatio": -1.8505032022,
        "eps": -1.44,
        "epsdiluted": -1.44,
        "weightedAverageShsOut": 77253699,
        "weightedAverageShsOutDil": 77253699,
        "link": "https://www.sec.gov/Archives/edgar/data/1512762/000155837022007420/0001558370-22-007420-index.htm",
        "finalLink": "https://www.sec.gov/Archives/edgar/data/1512762/000155837022007420/chrs-20220331x10q.htm"
    },
    {
        "date": "2021-12-31",
        "symbol": "CHRS",
        "reportedCurrency": "USD",
        "cik": "0001512762",
        "fillingDate": "2022-02-23",
        "acceptedDate": "2022-02-23 17:29:02",
        "calendarYear": "2021",
        "period": "Q4",
        "revenue": 73371000,
        "costOfRevenue": 12104000,
        "grossProfit": 61267000,
        "grossProfitRatio": 0.835030189,
        "researchAndDevelopmentExpenses": 50762000,
        "generalAndAdministrativeExpenses": 41352000,
        "sellingAndMarketingExpenses": 8700000,
        "sellingGeneralAndAdministrativeExpenses": 50052000,
        "otherExpenses": -385000,
        "operatingExpenses": 100814000,
        "costAndExpenses": 112918000,
        "interestIncome": 0,
        "interestExpense": 5793000,
        "depreciationAndAmortization": 1425000,
        "ebitda": -38507000,
        "ebitdaratio": -0.5248258849,
        "operatingIncome": -39547000,
        "operatingIncomeRatio": -0.5390004225,
        "totalOtherIncomeExpensesNet": -6178000,
        "incomeBeforeTax": -45725000,
        "incomeBeforeTaxRatio": -0.6232026277,
        "incomeTaxExpense": 0,
        "netIncome": -45725000,
        "netIncomeRatio": -0.6232026277,
        "eps": -0.6,
        "epsdiluted": -0.6,
        "weightedAverageShsOut": 76349835,
        "weightedAverageShsOutDil": 76828940,
        "link": "https://www.sec.gov/Archives/edgar/data/1512762/000155837022001764/0001558370-22-001764-index.htm",
        "finalLink": "https://www.sec.gov/Archives/edgar/data/1512762/000155837022001764/chrs-20211231x10k.htm"
    },
    {
        "date": "2021-09-30",
        "symbol": "CHRS",
        "reportedCurrency": "USD",
        "cik": "0001512762",
        "fillingDate": "2021-11-08",
        "acceptedDate": "2021-11-08 16:11:01",
        "calendarYear": "2021",
        "period": "Q3",
        "revenue": 82503000,
        "costOfRevenue": 21280000,
        "grossProfit": 61223000,
        "grossProfitRatio": 0.7420699853,
        "researchAndDevelopmentExpenses": 54085000,
        "generalAndAdministrativeExpenses": 0,
        "sellingAndMarketingExpenses": 0,
        "sellingGeneralAndAdministrativeExpenses": 39925000,
        "otherExpenses": 30000,
        "operatingExpenses": 94010000,
        "costAndExpenses": 115290000,
        "interestIncome": 0,
        "interestExpense": 5771000,
        "depreciationAndAmortization": 1452000,
        "ebitda": -31305000,
        "ebitdaratio": -0.3794407476,
        "operatingIncome": -32787000,
        "operatingIncomeRatio": -0.3974037308,
        "totalOtherIncomeExpensesNet": -5741000,
        "incomeBeforeTax": -38528000,
        "incomeBeforeTaxRatio": -0.4669890792,
        "incomeTaxExpense": 0,
        "netIncome": -38528000,
        "netIncomeRatio": -0.4669890792,
        "eps": -0.49,
        "epsdiluted": -0.49,
        "weightedAverageShsOut": 78628571,
        "weightedAverageShsOutDil": 79013240,
        "link": "https://www.sec.gov/Archives/edgar/data/1512762/000155837021015033/0001558370-21-015033-index.htm",
        "finalLink": "https://www.sec.gov/Archives/edgar/data/1512762/000155837021015033/chrs-20210930x10q.htm"
    },
    {
        "date": "2021-06-30",
        "symbol": "CHRS",
        "reportedCurrency": "USD",
        "cik": "0001512762",
        "fillingDate": "2021-08-05",
        "acceptedDate": "2021-08-05 16:19:28",
        "calendarYear": "2021",
        "period": "Q2",
        "revenue": 87643000,
        "costOfRevenue": 16696000,
        "grossProfit": 70947000,
        "grossProfitRatio": 0.809499903,
        "researchAndDevelopmentExpenses": 54766000,
        "generalAndAdministrativeExpenses": 0,
        "sellingAndMarketingExpenses": 0,
        "sellingGeneralAndAdministrativeExpenses": 40345000,
        "otherExpenses": 11000,
        "operatingExpenses": 95111000,
        "costAndExpenses": 111807000,
        "interestIncome": 0,
        "interestExpense": 5747000,
        "depreciationAndAmortization": 1440000,
        "ebitda": -23276000,
        "ebitdaratio": -0.2655773992,
        "operatingIncome": -24164000,
        "operatingIncomeRatio": -0.275709412,
        "totalOtherIncomeExpensesNet": -5736000,
        "incomeBeforeTax": -29900000,
        "incomeBeforeTaxRatio": -0.3411567381,
        "incomeTaxExpense": 0,
        "netIncome": -29900000,
        "netIncomeRatio": -0.3411567381,
        "eps": -0.4,
        "epsdiluted": -0.4,
        "weightedAverageShsOut": 75559697,
        "weightedAverageShsOutDil": 75559697,
        "link": "https://www.sec.gov/Archives/edgar/data/1512762/000155837021010563/0001558370-21-010563-index.htm",
        "finalLink": "https://www.sec.gov/Archives/edgar/data/1512762/000155837021010563/chrs-20210630x10q.htm"
    },
    {
        "date": "2021-03-31",
        "symbol": "CHRS",
        "reportedCurrency": "USD",
        "cik": "0001512762",
        "fillingDate": "2021-05-06",
        "acceptedDate": "2021-05-06 16:31:41",
        "calendarYear": "2021",
        "period": "Q1",
        "revenue": 83034000,
        "costOfRevenue": 7511000,
        "grossProfit": 75523000,
        "grossProfitRatio": 0.9095430787,
        "researchAndDevelopmentExpenses": 203492000,
        "generalAndAdministrativeExpenses": 0,
        "sellingAndMarketingExpenses": 0,
        "sellingGeneralAndAdministrativeExpenses": 39391000,
        "otherExpenses": 61000,
        "operatingExpenses": 242883000,
        "costAndExpenses": 250394000,
        "interestIncome": 0,
        "interestExpense": 5648000,
        "depreciationAndAmortization": 1375000,
        "ebitda": -165924000,
        "ebitdaratio": -1.9982657706,
        "operatingIncome": -167360000,
        "operatingIncomeRatio": -2.0155598911,
        "totalOtherIncomeExpensesNet": -5587000,
        "incomeBeforeTax": -172947000,
        "incomeBeforeTaxRatio": -2.0828455813,
        "incomeTaxExpense": 0,
        "netIncome": -172947000,
        "netIncomeRatio": -2.0828455813,
        "eps": -2.37,
        "epsdiluted": -2.37,
        "weightedAverageShsOut": 72832953,
        "weightedAverageShsOutDil": 72832953,
        "link": "https://www.sec.gov/Archives/edgar/data/1512762/000155837021006257/0001558370-21-006257-index.htm",
        "finalLink": "https://www.sec.gov/Archives/edgar/data/1512762/000155837021006257/chrs-20210331x10q.htm"
    },
    {
        "date": "2020-12-31",
        "symbol": "CHRS",
        "reportedCurrency": "USD",
        "cik": "0001512762",
        "fillingDate": "2021-02-25",
        "acceptedDate": "2021-02-25 16:18:25",
        "calendarYear": "2020",
        "period": "Q4",
        "revenue": 110419000,
        "costOfRevenue": 11673000,
        "grossProfit": 98746000,
        "grossProfitRatio": 0.8942844981,
        "researchAndDevelopmentExpenses": 44628000,
        "generalAndAdministrativeExpenses": 33893000,
        "sellingAndMarketingExpenses": 3800000,
        "sellingGeneralAndAdministrativeExpenses": 37693000,
        "otherExpenses": 6000,
        "operatingExpenses": 82321000,
        "costAndExpenses": 93994000,
        "interestIncome": 0,
        "interestExpense": 5671000,
        "depreciationAndAmortization": 840000,
        "ebitda": 17265000,
        "ebitdaratio": 0.15635896,
        "operatingIncome": 16425000,
        "operatingIncomeRatio": 0.1487515736,
        "totalOtherIncomeExpensesNet": -5665000,
        "incomeBeforeTax": 10760000,
        "incomeBeforeTaxRatio": 0.0974469973,
        "incomeTaxExpense": 1052000,
        "netIncome": 9708000,
        "netIncomeRatio": 0.0879196515,
        "eps": 0.13,
        "epsdiluted": 0.12,
        "weightedAverageShsOut": 72223970,
        "weightedAverageShsOutDil": 87713218,
        "link": "https://www.sec.gov/Archives/edgar/data/1512762/000155837021001829/0001558370-21-001829-index.htm",
        "finalLink": "https://www.sec.gov/Archives/edgar/data/1512762/000155837021001829/chrs-20201231x10k.htm"
    },
    {
        "date": "2020-09-30",
        "symbol": "CHRS",
        "reportedCurrency": "USD",
        "cik": "0001512762",
        "fillingDate": "2020-11-05",
        "acceptedDate": "2020-11-05 16:17:41",
        "calendarYear": "2020",
        "period": "Q3",
        "revenue": 113551000,
        "costOfRevenue": 9000000,
        "grossProfit": 104551000,
        "grossProfitRatio": 0.9207404602,
        "researchAndDevelopmentExpenses": 38851000,
        "generalAndAdministrativeExpenses": 31984000,
        "sellingAndMarketingExpenses": 0,
        "sellingGeneralAndAdministrativeExpenses": 31984000,
        "otherExpenses": 56000,
        "operatingExpenses": 70835000,
        "costAndExpenses": 79835000,
        "interestIncome": 0,
        "interestExpense": 5656000,
        "depreciationAndAmortization": 693000,
        "ebitda": 34409000,
        "ebitdaratio": 0.3030268338,
        "operatingIncome": 33716000,
        "operatingIncomeRatio": 0.2969238492,
        "totalOtherIncomeExpensesNet": -5600000,
        "incomeBeforeTax": 28116000,
        "incomeBeforeTaxRatio": 0.2476068022,
        "incomeTaxExpense": 183000,
        "netIncome": 27933000,
        "netIncomeRatio": 0.2459951916,
        "eps": 0.39,
        "epsdiluted": 0.33,
        "weightedAverageShsOut": 71649350,
        "weightedAverageShsOutDil": 87470337,
        "link": "https://www.sec.gov/Archives/edgar/data/1512762/000155837020012864/0001558370-20-012864-index.htm",
        "finalLink": "https://www.sec.gov/Archives/edgar/data/1512762/000155837020012864/chrs-20200930x10q.htm"
    },
    {
        "date": "2020-06-30",
        "symbol": "CHRS",
        "reportedCurrency": "USD",
        "cik": "0001512762",
        "fillingDate": "2020-08-06",
        "acceptedDate": "2020-08-06 16:13:25",
        "calendarYear": "2020",
        "period": "Q2",
        "revenue": 135674000,
        "costOfRevenue": 10139000,
        "grossProfit": 125535000,
        "grossProfitRatio": 0.9252693958,
        "researchAndDevelopmentExpenses": 26173000,
        "generalAndAdministrativeExpenses": 34052000,
        "sellingAndMarketingExpenses": 0,
        "sellingGeneralAndAdministrativeExpenses": 34052000,
        "otherExpenses": 423000,
        "operatingExpenses": 60225000,
        "costAndExpenses": 70364000,
        "interestIncome": 0,
        "interestExpense": 5408000,
        "depreciationAndAmortization": 748000,
        "ebitda": 66058000,
        "ebitdaratio": 0.4868876867,
        "operatingIncome": 65310000,
        "operatingIncomeRatio": 0.4813744712,
        "totalOtherIncomeExpensesNet": -4985000,
        "incomeBeforeTax": 60325000,
        "incomeBeforeTaxRatio": 0.4446319855,
        "incomeTaxExpense": 1294000,
        "netIncome": 59031000,
        "netIncomeRatio": 0.4350944175,
        "eps": 0.83,
        "epsdiluted": 0.7,
        "weightedAverageShsOut": 71099773,
        "weightedAverageShsOutDil": 88660280,
        "link": "https://www.sec.gov/Archives/edgar/data/1512762/000155837020009657/0001558370-20-009657-index.htm",
        "finalLink": "https://www.sec.gov/Archives/edgar/data/1512762/000155837020009657/chrs-20200630x10q.htm"
    },
    {
        "date": "2020-03-31",
        "symbol": "CHRS",
        "reportedCurrency": "USD",
        "cik": "0001512762",
        "fillingDate": "2020-05-07",
        "acceptedDate": "2020-05-07 16:33:03",
        "calendarYear": "2020",
        "period": "Q1",
        "revenue": 116180000,
        "costOfRevenue": 6855000,
        "grossProfit": 109325000,
        "grossProfitRatio": 0.9409967292,
        "researchAndDevelopmentExpenses": 33107000,
        "generalAndAdministrativeExpenses": 35350000,
        "sellingAndMarketingExpenses": 0,
        "sellingGeneralAndAdministrativeExpenses": 35350000,
        "otherExpenses": 68000,
        "operatingExpenses": 68457000,
        "costAndExpenses": 75312000,
        "interestIncome": 0,
        "interestExpense": 4431000,
        "depreciationAndAmortization": 607000,
        "ebitda": 41475000,
        "ebitdaratio": 0.3569891548,
        "operatingIncome": 40868000,
        "operatingIncomeRatio": 0.3517645034,
        "totalOtherIncomeExpensesNet": -4363000,
        "incomeBeforeTax": 36505000,
        "incomeBeforeTaxRatio": 0.3142107075,
        "incomeTaxExpense": 933000,
        "netIncome": 35572000,
        "netIncomeRatio": 0.3061800654,
        "eps": 0.5,
        "epsdiluted": 0.48,
        "weightedAverageShsOut": 70662185,
        "weightedAverageShsOutDil": 74416554,
        "link": "https://www.sec.gov/Archives/edgar/data/1512762/000155837020005749/0001558370-20-005749-index.htm",
        "finalLink": "https://www.sec.gov/Archives/edgar/data/1512762/000155837020005749/chrs-20200507x10q.htm"
    },
    {
        "date": "2019-12-31",
        "symbol": "CHRS",
        "reportedCurrency": "USD",
        "cik": "0001512762",
        "fillingDate": "2020-02-27",
        "acceptedDate": "2020-02-27 16:37:52",
        "calendarYear": "2019",
        "period": "Q4",
        "revenue": 123856000,
        "costOfRevenue": 7805000,
        "grossProfit": 116051000,
        "grossProfitRatio": 0.9369832709,
        "researchAndDevelopmentExpenses": 34948000,
        "generalAndAdministrativeExpenses": 31570000,
        "sellingAndMarketingExpenses": 4500000,
        "sellingGeneralAndAdministrativeExpenses": 36070000,
        "otherExpenses": 0,
        "operatingExpenses": 71018000,
        "costAndExpenses": 78823000,
        "interestIncome": 0,
        "interestExpense": 4483000,
        "depreciationAndAmortization": 1055000,
        "ebitda": 46198000,
        "ebitdaratio": 0.3729976747,
        "operatingIncome": 45033000,
        "operatingIncomeRatio": 0.3635915902,
        "totalOtherIncomeExpensesNet": -3762000,
        "incomeBeforeTax": 41271000,
        "incomeBeforeTaxRatio": 0.3332176075,
        "incomeTaxExpense": 2044000,
        "netIncome": 39227000,
        "netIncomeRatio": 0.3167145718,
        "eps": 0.56,
        "epsdiluted": 0.53,
        "weightedAverageShsOut": 70208351,
        "weightedAverageShsOutDil": 78360388,
        "link": "https://www.sec.gov/Archives/edgar/data/1512762/000156459020007416/0001564590-20-007416-index.htm",
        "finalLink": "https://www.sec.gov/Archives/edgar/data/1512762/000156459020007416/chrs-10k_20191231.htm"
    },
    {
        "date": "2019-09-30",
        "symbol": "CHRS",
        "reportedCurrency": "USD",
        "cik": "0001512762",
        "fillingDate": "2019-11-08",
        "acceptedDate": "2019-11-08 16:09:20",
        "calendarYear": "2019",
        "period": "Q3",
        "revenue": 111684000,
        "costOfRevenue": 6447000,
        "grossProfit": 105237000,
        "grossProfitRatio": 0.942274632,
        "researchAndDevelopmentExpenses": 21568000,
        "generalAndAdministrativeExpenses": 31828000,
        "sellingAndMarketingExpenses": 0,
        "sellingGeneralAndAdministrativeExpenses": 31828000,
        "otherExpenses": 518000,
        "operatingExpenses": 53396000,
        "costAndExpenses": 59843000,
        "interestIncome": 0,
        "interestExpense": 4469000,
        "depreciationAndAmortization": 839000,
        "ebitda": 52680000,
        "ebitdaratio": 0.4716879768,
        "operatingIncome": 51841000,
        "operatingIncomeRatio": 0.46417571,
        "totalOtherIncomeExpensesNet": -3951000,
        "incomeBeforeTax": 47890000,
        "incomeBeforeTaxRatio": 0.4287991118,
        "incomeTaxExpense": 847000,
        "netIncome": 47043000,
        "netIncomeRatio": 0.4212152144,
        "eps": 0.67,
        "epsdiluted": 0.63,
        "weightedAverageShsOut": 69877693,
        "weightedAverageShsOutDil": 78530227,
        "link": "https://www.sec.gov/Archives/edgar/data/1512762/000156459019042255/0001564590-19-042255-index.htm",
        "finalLink": "https://www.sec.gov/Archives/edgar/data/1512762/000156459019042255/chrs-10q_20190930.htm"
    },
    {
        "date": "2019-06-30",
        "symbol": "CHRS",
        "reportedCurrency": "USD",
        "cik": "0001512762",
        "fillingDate": "2019-08-05",
        "acceptedDate": "2019-08-05 17:22:14",
        "calendarYear": "2019",
        "period": "Q2",
        "revenue": 83433000,
        "costOfRevenue": 601000,
        "grossProfit": 82832000,
        "grossProfitRatio": 0.9927966152,
        "researchAndDevelopmentExpenses": 18883000,
        "generalAndAdministrativeExpenses": 36456000,
        "sellingAndMarketingExpenses": 0,
        "sellingGeneralAndAdministrativeExpenses": 36456000,
        "otherExpenses": 558000,
        "operatingExpenses": 55339000,
        "costAndExpenses": 55940000,
        "interestIncome": 0,
        "interestExpense": 4433000,
        "depreciationAndAmortization": 674000,
        "ebitda": 28167000,
        "ebitdaratio": 0.3376002301,
        "operatingIncome": 27493000,
        "operatingIncomeRatio": 0.3295218918,
        "totalOtherIncomeExpensesNet": -3875000,
        "incomeBeforeTax": 23618000,
        "incomeBeforeTaxRatio": 0.2830774394,
        "incomeTaxExpense": 51000,
        "netIncome": 23567000,
        "netIncomeRatio": 0.2824661705,
        "eps": 0.34,
        "epsdiluted": 0.32,
        "weightedAverageShsOut": 69479016,
        "weightedAverageShsOutDil": 72963972,
        "link": "https://www.sec.gov/Archives/edgar/data/1512762/000156459019028841/0001564590-19-028841-index.htm",
        "finalLink": "https://www.sec.gov/Archives/edgar/data/1512762/000156459019028841/chrs-10q_20190630.htm"
    },
    {
        "date": "2019-03-31",
        "symbol": "CHRS",
        "reportedCurrency": "USD",
        "cik": "0001512762",
        "fillingDate": "2019-05-09",
        "acceptedDate": "2019-05-09 16:17:06",
        "calendarYear": "2019",
        "period": "Q1",
        "revenue": 37098000,
        "costOfRevenue": 2225000,
        "grossProfit": 34873000,
        "grossProfitRatio": 0.940023721,
        "researchAndDevelopmentExpenses": 18789000,
        "generalAndAdministrativeExpenses": 32683000,
        "sellingAndMarketingExpenses": 0,
        "sellingGeneralAndAdministrativeExpenses": 32683000,
        "otherExpenses": 0,
        "operatingExpenses": 51472000,
        "costAndExpenses": 53697000,
        "interestIncome": 0,
        "interestExpense": 4216000,
        "depreciationAndAmortization": 691000,
        "ebitda": -15097000,
        "ebitdaratio": -0.4069491617,
        "operatingIncome": -16599000,
        "operatingIncomeRatio": -0.4474365195,
        "totalOtherIncomeExpensesNet": -3405000,
        "incomeBeforeTax": -20004000,
        "incomeBeforeTaxRatio": -0.5392204432,
        "incomeTaxExpense": 0,
        "netIncome": -20004000,
        "netIncomeRatio": -0.5392204432,
        "eps": -0.29,
        "epsdiluted": -0.29,
        "weightedAverageShsOut": 68979548,
        "weightedAverageShsOutDil": 69140697,
        "link": "https://www.sec.gov/Archives/edgar/data/1512762/000156459019018007/0001564590-19-018007-index.htm",
        "finalLink": "https://www.sec.gov/Archives/edgar/data/1512762/000156459019018007/chrs-10q_20190331.htm"
    },
    {
        "date": "2018-12-31",
        "symbol": "CHRS",
        "reportedCurrency": "USD",
        "cik": "0001512762",
        "fillingDate": "2019-02-28",
        "acceptedDate": "2019-02-28 16:17:08",
        "calendarYear": "2018",
        "period": "Q4",
        "revenue": 0,
        "costOfRevenue": 26663000,
        "grossProfit": -26663000,
        "grossProfitRatio": 0,
        "researchAndDevelopmentExpenses": 26662000,
        "generalAndAdministrativeExpenses": 31040000,
        "sellingAndMarketingExpenses": 2800000,
        "sellingGeneralAndAdministrativeExpenses": 33840000,
        "otherExpenses": 340000,
        "operatingExpenses": 60502000,
        "costAndExpenses": 60502000,
        "interestIncome": 0,
        "interestExpense": 2434000,
        "depreciationAndAmortization": 613000,
        "ebitda": -59549000,
        "ebitdaratio": 0,
        "operatingIncome": -60502000,
        "operatingIncomeRatio": 0,
        "totalOtherIncomeExpensesNet": -2094000,
        "incomeBeforeTax": -62596000,
        "incomeBeforeTaxRatio": 0,
        "incomeTaxExpense": 70000,
        "netIncome": -62596000,
        "netIncomeRatio": 0,
        "eps": -0.92,
        "epsdiluted": -0.92,
        "weightedAverageShsOut": 68051927,
        "weightedAverageShsOutDil": 68089486,
        "link": "https://www.sec.gov/Archives/edgar/data/1512762/000156459019005470/0001564590-19-005470-index.htm",
        "finalLink": "https://www.sec.gov/Archives/edgar/data/1512762/000156459019005470/chrs-10k_20181231.htm"
    },
    {
        "date": "2018-09-30",
        "symbol": "CHRS",
        "reportedCurrency": "USD",
        "cik": "0001512762",
        "fillingDate": "2018-11-08",
        "acceptedDate": "2018-11-08 16:16:52",
        "calendarYear": "2018",
        "period": "Q3",
        "revenue": 0,
        "costOfRevenue": 27741000,
        "grossProfit": -27741000,
        "grossProfitRatio": 0,
        "researchAndDevelopmentExpenses": 31603000,
        "generalAndAdministrativeExpenses": 25369000,
        "sellingAndMarketingExpenses": 0,
        "sellingGeneralAndAdministrativeExpenses": 25369000,
        "otherExpenses": 571000,
        "operatingExpenses": 56972000,
        "costAndExpenses": 56972000,
        "interestIncome": 0,
        "interestExpense": 2425000,
        "depreciationAndAmortization": 798000,
        "ebitda": -55601000,
        "ebitdaratio": 0,
        "operatingIncome": -56972000,
        "operatingIncomeRatio": 0,
        "totalOtherIncomeExpensesNet": -1854000,
        "incomeBeforeTax": -58826000,
        "incomeBeforeTaxRatio": 0,
        "incomeTaxExpense": 0,
        "netIncome": -58808000,
        "netIncomeRatio": 0,
        "eps": -0.87,
        "epsdiluted": -0.87,
        "weightedAverageShsOut": 67595479,
        "weightedAverageShsOutDil": 67848730,
        "link": "https://www.sec.gov/Archives/edgar/data/1512762/000156459018028562/0001564590-18-028562-index.htm",
        "finalLink": "https://www.sec.gov/Archives/edgar/data/1512762/000156459018028562/chrs-10q_20180930.htm"
    },
    {
        "date": "2018-06-30",
        "symbol": "CHRS",
        "reportedCurrency": "USD",
        "cik": "0001512762",
        "fillingDate": "2018-08-08",
        "acceptedDate": "2018-08-08 16:18:28",
        "calendarYear": "2018",
        "period": "Q2",
        "revenue": 0,
        "costOfRevenue": 26519000,
        "grossProfit": -26519000,
        "grossProfitRatio": 0,
        "researchAndDevelopmentExpenses": 26519000,
        "generalAndAdministrativeExpenses": 18391000,
        "sellingAndMarketingExpenses": 0,
        "sellingGeneralAndAdministrativeExpenses": 18391000,
        "otherExpenses": 3642000,
        "operatingExpenses": 44910000,
        "costAndExpenses": 44910000,
        "interestIncome": 0,
        "interestExpense": 2417000,
        "depreciationAndAmortization": 902000,
        "ebitda": -40366000,
        "ebitdaratio": 0,
        "operatingIncome": -44910000,
        "operatingIncomeRatio": 0,
        "totalOtherIncomeExpensesNet": 1225000,
        "incomeBeforeTax": -43685000,
        "incomeBeforeTaxRatio": 0,
        "incomeTaxExpense": 0,
        "netIncome": -43638000,
        "netIncomeRatio": 0,
        "eps": -0.68,
        "epsdiluted": -0.68,
        "weightedAverageShsOut": 63960567,
        "weightedAverageShsOutDil": 63960567,
        "link": "https://www.sec.gov/Archives/edgar/data/1512762/000156459018020492/0001564590-18-020492-index.htm",
        "finalLink": "https://www.sec.gov/Archives/edgar/data/1512762/000156459018020492/chrs-10q_20180630.htm"
    },
    {
        "date": "2018-03-31",
        "symbol": "CHRS",
        "reportedCurrency": "USD",
        "cik": "0001512762",
        "fillingDate": "2018-05-10",
        "acceptedDate": "2018-05-10 16:25:21",
        "calendarYear": "2018",
        "period": "Q1",
        "revenue": 0,
        "costOfRevenue": 25455000,
        "grossProfit": -25455000,
        "grossProfitRatio": 0,
        "researchAndDevelopmentExpenses": 25455000,
        "generalAndAdministrativeExpenses": 16577000,
        "sellingAndMarketingExpenses": 0,
        "sellingGeneralAndAdministrativeExpenses": 16577000,
        "otherExpenses": 138000,
        "operatingExpenses": 42032000,
        "costAndExpenses": 42032000,
        "interestIncome": 0,
        "interestExpense": 2408000,
        "depreciationAndAmortization": 922000,
        "ebitda": -40972000,
        "ebitdaratio": 0,
        "operatingIncome": -42032000,
        "operatingIncomeRatio": 0,
        "totalOtherIncomeExpensesNet": -2270000,
        "incomeBeforeTax": -44302000,
        "incomeBeforeTaxRatio": 0,
        "incomeTaxExpense": 0,
        "netIncome": -44297000,
        "netIncomeRatio": 0,
        "eps": -0.74,
        "epsdiluted": -0.74,
        "weightedAverageShsOut": 60122050,
        "weightedAverageShsOutDil": 60122050,
        "link": "https://www.sec.gov/Archives/edgar/data/1512762/000156459018012976/0001564590-18-012976-index.htm",
        "finalLink": "https://www.sec.gov/Archives/edgar/data/1512762/000156459018012976/chrs-10q_20180331.htm"
    },
    {
        "date": "2017-12-31",
        "symbol": "CHRS",
        "reportedCurrency": "USD",
        "cik": "0001512762",
        "fillingDate": "2018-03-08",
        "acceptedDate": "2018-03-08 16:31:45",
        "calendarYear": "2017",
        "period": "Q4",
        "revenue": 0,
        "costOfRevenue": 30930000,
        "grossProfit": -30930000,
        "grossProfitRatio": 0,
        "researchAndDevelopmentExpenses": 31488000,
        "generalAndAdministrativeExpenses": 14978000,
        "sellingAndMarketingExpenses": 0,
        "sellingGeneralAndAdministrativeExpenses": 14978000,
        "otherExpenses": -203000,
        "operatingExpenses": 46466000,
        "costAndExpenses": 46466000,
        "interestIncome": 0,
        "interestExpense": 2400000,
        "depreciationAndAmortization": 926000,
        "ebitda": -45743000,
        "ebitdaratio": 0,
        "operatingIncome": -46466000,
        "operatingIncomeRatio": 0,
        "totalOtherIncomeExpensesNet": -2603000,
        "incomeBeforeTax": -49069000,
        "incomeBeforeTaxRatio": 0,
        "incomeTaxExpense": 114000,
        "netIncome": -49067000,
        "netIncomeRatio": 0,
        "eps": -0.84,
        "epsdiluted": -0.84,
        "weightedAverageShsOut": 58343720,
        "weightedAverageShsOutDil": 58343720,
        "link": "https://www.sec.gov/Archives/edgar/data/1512762/000156459018004947/0001564590-18-004947-index.htm",
        "finalLink": "https://www.sec.gov/Archives/edgar/data/1512762/000156459018004947/chrs-10k_20171231.htm"
    },
    {
        "date": "2017-09-30",
        "symbol": "CHRS",
        "reportedCurrency": "USD",
        "cik": "0001512762",
        "fillingDate": "2017-11-06",
        "acceptedDate": "2017-11-06 16:44:21",
        "calendarYear": "2017",
        "period": "Q3",
        "revenue": 0,
        "costOfRevenue": 42626000,
        "grossProfit": -42626000,
        "grossProfitRatio": 0,
        "researchAndDevelopmentExpenses": 42626000,
        "generalAndAdministrativeExpenses": 13989000,
        "sellingAndMarketingExpenses": 0,
        "sellingGeneralAndAdministrativeExpenses": 13989000,
        "otherExpenses": 14000,
        "operatingExpenses": 56615000,
        "costAndExpenses": 56615000,
        "interestIncome": 0,
        "interestExpense": 2392000,
        "depreciationAndAmortization": 770000,
        "ebitda": -55845000,
        "ebitdaratio": 0,
        "operatingIncome": -56615000,
        "operatingIncomeRatio": 0,
        "totalOtherIncomeExpensesNet": -2378000,
        "incomeBeforeTax": -58993000,
        "incomeBeforeTaxRatio": 0,
        "incomeTaxExpense": 0,
        "netIncome": -58989000,
        "netIncomeRatio": 0,
        "eps": -1.09,
        "epsdiluted": -1.09,
        "weightedAverageShsOut": 54070872,
        "weightedAverageShsOutDil": 54070872,
        "link": "https://www.sec.gov/Archives/edgar/data/1512762/000156459017021844/0001564590-17-021844-index.htm",
        "finalLink": "https://www.sec.gov/Archives/edgar/data/1512762/000156459017021844/chrs-10q_20170930.htm"
    },
    {
        "date": "2017-06-30",
        "symbol": "CHRS",
        "reportedCurrency": "USD",
        "cik": "0001512762",
        "fillingDate": "2017-08-07",
        "acceptedDate": "2017-08-07 16:28:29",
        "calendarYear": "2017",
        "period": "Q2",
        "revenue": 1395000,
        "costOfRevenue": 33200000,
        "grossProfit": -31805000,
        "grossProfitRatio": -22.7992831541,
        "researchAndDevelopmentExpenses": 34500000,
        "generalAndAdministrativeExpenses": 23533000,
        "sellingAndMarketingExpenses": 0,
        "sellingGeneralAndAdministrativeExpenses": 23533000,
        "otherExpenses": 3620000,
        "operatingExpenses": 58033000,
        "costAndExpenses": 58033000,
        "interestIncome": 0,
        "interestExpense": 2384000,
        "depreciationAndAmortization": 837000,
        "ebitda": -52180000,
        "ebitdaratio": -37.4050179211,
        "operatingIncome": -56638000,
        "operatingIncomeRatio": -40.6007168459,
        "totalOtherIncomeExpensesNet": 1236000,
        "incomeBeforeTax": -55402000,
        "incomeBeforeTaxRatio": -39.7146953405,
        "incomeTaxExpense": 0,
        "netIncome": -55336000,
        "netIncomeRatio": -39.6673835125,
        "eps": -1.08,
        "epsdiluted": -1.08,
        "weightedAverageShsOut": 51291787,
        "weightedAverageShsOutDil": 51291787,
        "link": "https://www.sec.gov/Archives/edgar/data/1512762/000156459017016017/0001564590-17-016017-index.htm",
        "finalLink": "https://www.sec.gov/Archives/edgar/data/1512762/000156459017016017/chrs-10q_20170630.htm"
    },
    {
        "date": "2017-03-31",
        "symbol": "CHRS",
        "reportedCurrency": "USD",
        "cik": "0001512762",
        "fillingDate": "2017-05-08",
        "acceptedDate": "2017-05-08 16:16:27",
        "calendarYear": "2017",
        "period": "Q1",
        "revenue": 161000,
        "costOfRevenue": 53775000,
        "grossProfit": -53614000,
        "grossProfitRatio": -333.0062111801,
        "researchAndDevelopmentExpenses": 53775000,
        "generalAndAdministrativeExpenses": 18803000,
        "sellingAndMarketingExpenses": 0,
        "sellingGeneralAndAdministrativeExpenses": 18803000,
        "otherExpenses": -29000,
        "operatingExpenses": 72578000,
        "costAndExpenses": 72578000,
        "interestIncome": 0,
        "interestExpense": 2376000,
        "depreciationAndAmortization": 865000,
        "ebitda": -71581000,
        "ebitdaratio": -444.602484472,
        "operatingIncome": -72417000,
        "operatingIncomeRatio": -449.7950310559,
        "totalOtherIncomeExpensesNet": -2405000,
        "incomeBeforeTax": -74822000,
        "incomeBeforeTaxRatio": -464.7329192547,
        "incomeTaxExpense": 0,
        "netIncome": -74778000,
        "netIncomeRatio": -464.4596273292,
        "eps": -1.54,
        "epsdiluted": -1.54,
        "weightedAverageShsOut": 48711958,
        "weightedAverageShsOutDil": 48711958,
        "link": "https://www.sec.gov/Archives/edgar/data/1512762/000156459017009394/0001564590-17-009394-index.htm",
        "finalLink": "https://www.sec.gov/Archives/edgar/data/1512762/000156459017009394/chrs-10q_20170331.htm"
    },
    {
        "date": "2016-12-31",
        "symbol": "CHRS",
        "reportedCurrency": "USD",
        "cik": "0001512762",
        "fillingDate": "2017-03-14",
        "acceptedDate": "2017-03-13 18:44:58",
        "calendarYear": "2016",
        "period": "Q4",
        "revenue": 844000,
        "costOfRevenue": 59010000,
        "grossProfit": -58166000,
        "grossProfitRatio": -68.9170616114,
        "researchAndDevelopmentExpenses": 59010000,
        "generalAndAdministrativeExpenses": 15294000,
        "sellingAndMarketingExpenses": 0,
        "sellingGeneralAndAdministrativeExpenses": 15294000,
        "otherExpenses": -115000,
        "operatingExpenses": 74304000,
        "costAndExpenses": 74304000,
        "interestIncome": 0,
        "interestExpense": 2369000,
        "depreciationAndAmortization": 797000,
        "ebitda": -72778000,
        "ebitdaratio": -86.2298578199,
        "operatingIncome": -73460000,
        "operatingIncomeRatio": -87.0379146919,
        "totalOtherIncomeExpensesNet": -2484000,
        "incomeBeforeTax": -75944000,
        "incomeBeforeTaxRatio": -89.981042654,
        "incomeTaxExpense": 428000,
        "netIncome": -75921000,
        "netIncomeRatio": -89.9537914692,
        "eps": -1.71,
        "epsdiluted": -1.71,
        "weightedAverageShsOut": 44314850,
        "weightedAverageShsOutDil": 44341121,
        "link": "https://www.sec.gov/Archives/edgar/data/1512762/000156459017004176/0001564590-17-004176-index.htm",
        "finalLink": "https://www.sec.gov/Archives/edgar/data/1512762/000156459017004176/chrs-10k_20161231.htm"
    },
    {
        "date": "2016-09-30",
        "symbol": "CHRS",
        "reportedCurrency": "USD",
        "cik": "0001512762",
        "fillingDate": "2016-11-09",
        "acceptedDate": "2016-11-09 16:16:24",
        "calendarYear": "2016",
        "period": "Q3",
        "revenue": 162835000,
        "costOfRevenue": 64573000,
        "grossProfit": 98262000,
        "grossProfitRatio": 0.6034452053,
        "researchAndDevelopmentExpenses": 64573000,
        "generalAndAdministrativeExpenses": 13645000,
        "sellingAndMarketingExpenses": 0,
        "sellingGeneralAndAdministrativeExpenses": 13645000,
        "otherExpenses": 1647000,
        "operatingExpenses": 78218000,
        "costAndExpenses": 78218000,
        "interestIncome": 0,
        "interestExpense": 2420000,
        "depreciationAndAmortization": 753000,
        "ebitda": 87017000,
        "ebitdaratio": 0.5343875702,
        "operatingIncome": 84617000,
        "operatingIncomeRatio": 0.5196487242,
        "totalOtherIncomeExpensesNet": -773000,
        "incomeBeforeTax": 83844000,
        "incomeBeforeTaxRatio": 0.5149015875,
        "incomeTaxExpense": 0,
        "netIncome": 83939000,
        "netIncomeRatio": 0.5154850002,
        "eps": 1.93,
        "epsdiluted": 1.67,
        "weightedAverageShsOut": 43469986,
        "weightedAverageShsOutDil": 51581298,
        "link": "https://www.sec.gov/Archives/edgar/data/1512762/000156459016028634/0001564590-16-028634-index.htm",
        "finalLink": "https://www.sec.gov/Archives/edgar/data/1512762/000156459016028634/chrs-10q_20160930.htm"
    },
    {
        "date": "2016-06-30",
        "symbol": "CHRS",
        "reportedCurrency": "USD",
        "cik": "0001512762",
        "fillingDate": "2016-08-09",
        "acceptedDate": "2016-08-09 16:22:37",
        "calendarYear": "2016",
        "period": "Q2",
        "revenue": 14068000,
        "costOfRevenue": 65544000,
        "grossProfit": -51476000,
        "grossProfitRatio": -3.659084447,
        "researchAndDevelopmentExpenses": 65544000,
        "generalAndAdministrativeExpenses": 11260000,
        "sellingAndMarketingExpenses": 0,
        "sellingGeneralAndAdministrativeExpenses": 11260000,
        "otherExpenses": -5060000,
        "operatingExpenses": 76804000,
        "costAndExpenses": 76804000,
        "interestIncome": 0,
        "interestExpense": 2354000,
        "depreciationAndAmortization": 729000,
        "ebitda": -62736000,
        "ebitdaratio": -4.4594825135,
        "operatingIncome": -62736000,
        "operatingIncomeRatio": -4.4594825135,
        "totalOtherIncomeExpensesNet": -7414000,
        "incomeBeforeTax": -70150000,
        "incomeBeforeTaxRatio": -4.9864941712,
        "incomeTaxExpense": 0,
        "netIncome": -69967000,
        "netIncomeRatio": -4.9734859255,
        "eps": -1.72,
        "epsdiluted": -1.72,
        "weightedAverageShsOut": 40698309,
        "weightedAverageShsOutDil": 40698309,
        "link": "https://www.sec.gov/Archives/edgar/data/1512762/000156459016023684/0001564590-16-023684-index.htm",
        "finalLink": "https://www.sec.gov/Archives/edgar/data/1512762/000156459016023684/chrs-10q_20160630.htm"
    },
    {
        "date": "2016-03-31",
        "symbol": "CHRS",
        "reportedCurrency": "USD",
        "cik": "0001512762",
        "fillingDate": "2016-05-09",
        "acceptedDate": "2016-05-09 16:50:13",
        "calendarYear": "2016",
        "period": "Q1",
        "revenue": 12359000,
        "costOfRevenue": 65313000,
        "grossProfit": -52954000,
        "grossProfitRatio": -4.2846508617,
        "researchAndDevelopmentExpenses": 65313000,
        "generalAndAdministrativeExpenses": 11398000,
        "sellingAndMarketingExpenses": 0,
        "sellingGeneralAndAdministrativeExpenses": 11398000,
        "otherExpenses": -349000,
        "operatingExpenses": 76711000,
        "costAndExpenses": 76711000,
        "interestIncome": 0,
        "interestExpense": 837000,
        "depreciationAndAmortization": 717000,
        "ebitda": -63635000,
        "ebitdaratio": -5.1488793592,
        "operatingIncome": -64352000,
        "operatingIncomeRatio": -5.2068937616,
        "totalOtherIncomeExpensesNet": -1186000,
        "incomeBeforeTax": -65538000,
        "incomeBeforeTaxRatio": -5.3028562181,
        "incomeTaxExpense": 338000,
        "netIncome": -65388000,
        "netIncomeRatio": -5.2907193139,
        "eps": -1.67,
        "epsdiluted": -1.67,
        "weightedAverageShsOut": 39095975,
        "weightedAverageShsOutDil": 39095975,
        "link": "https://www.sec.gov/Archives/edgar/data/1512762/000156459016018615/0001564590-16-018615-index.htm",
        "finalLink": "https://www.sec.gov/Archives/edgar/data/1512762/000156459016018615/chrs-10q_20160331.htm"
    },
    {
        "date": "2015-12-31",
        "symbol": "CHRS",
        "reportedCurrency": "USD",
        "cik": "0001512762",
        "fillingDate": "2016-02-29",
        "acceptedDate": "2016-02-29 16:38:49",
        "calendarYear": "2015",
        "period": "Q4",
        "revenue": 10198000,
        "costOfRevenue": 51051000,
        "grossProfit": -40853000,
        "grossProfitRatio": -4.005981565,
        "researchAndDevelopmentExpenses": 51433000,
        "generalAndAdministrativeExpenses": 10972000,
        "sellingAndMarketingExpenses": 0,
        "sellingGeneralAndAdministrativeExpenses": 10972000,
        "otherExpenses": -373000,
        "operatingExpenses": 62405000,
        "costAndExpenses": 62405000,
        "interestIncome": 0,
        "interestExpense": 0,
        "depreciationAndAmortization": 601000,
        "ebitda": -51224000,
        "ebitdaratio": -5.0229456756,
        "operatingIncome": -52207000,
        "operatingIncomeRatio": -5.1193371249,
        "totalOtherIncomeExpensesNet": -373000,
        "incomeBeforeTax": -52580000,
        "incomeBeforeTaxRatio": -5.1559129241,
        "incomeTaxExpense": 489000,
        "netIncome": -52391000,
        "netIncomeRatio": -5.1373798784,
        "eps": -1.35,
        "epsdiluted": -1.35,
        "weightedAverageShsOut": 38935832,
        "weightedAverageShsOutDil": 38935832,
        "link": "https://www.sec.gov/Archives/edgar/data/1512762/000156459016013726/0001564590-16-013726-index.htm",
        "finalLink": "https://www.sec.gov/Archives/edgar/data/1512762/000156459016013726/chrs-10k_20151231.htm"
    },
    {
        "date": "2015-09-30",
        "symbol": "CHRS",
        "reportedCurrency": "USD",
        "cik": "0001512762",
        "fillingDate": "2015-11-10",
        "acceptedDate": "2015-11-10 15:56:27",
        "calendarYear": "2015",
        "period": "Q3",
        "revenue": 7167000,
        "costOfRevenue": 68218000,
        "grossProfit": -61051000,
        "grossProfitRatio": -8.5183479838,
        "researchAndDevelopmentExpenses": 68218000,
        "generalAndAdministrativeExpenses": 10166000,
        "sellingAndMarketingExpenses": 0,
        "sellingGeneralAndAdministrativeExpenses": 10166000,
        "otherExpenses": -235000,
        "operatingExpenses": 78384000,
        "costAndExpenses": 78384000,
        "interestIncome": 0,
        "interestExpense": 33000,
        "depreciationAndAmortization": 636000,
        "ebitda": -70816000,
        "ebitdaratio": -9.8808427515,
        "operatingIncome": -71217000,
        "operatingIncomeRatio": -9.9367936375,
        "totalOtherIncomeExpensesNet": -268000,
        "incomeBeforeTax": -71485000,
        "incomeBeforeTaxRatio": -9.9741872471,
        "incomeTaxExpense": 0,
        "netIncome": -71334000,
        "netIncomeRatio": -9.9531184596,
        "eps": -1.86,
        "epsdiluted": -1.86,
        "weightedAverageShsOut": 38351633,
        "weightedAverageShsOutDil": 38426734,
        "link": "https://www.sec.gov/Archives/edgar/data/1512762/000156459015010330/0001564590-15-010330-index.htm",
        "finalLink": "https://www.sec.gov/Archives/edgar/data/1512762/000156459015010330/chrs-10q_20150930.htm"
    },
    {
        "date": "2015-06-30",
        "symbol": "CHRS",
        "reportedCurrency": "USD",
        "cik": "0001512762",
        "fillingDate": "2015-08-10",
        "acceptedDate": "2015-08-10 16:26:39",
        "calendarYear": "2015",
        "period": "Q2",
        "revenue": 6866000,
        "costOfRevenue": 56944000,
        "grossProfit": -50078000,
        "grossProfitRatio": -7.2936207399,
        "researchAndDevelopmentExpenses": 56944000,
        "generalAndAdministrativeExpenses": 8817000,
        "sellingAndMarketingExpenses": 0,
        "sellingGeneralAndAdministrativeExpenses": 8817000,
        "otherExpenses": -139000,
        "operatingExpenses": 65761000,
        "costAndExpenses": 65761000,
        "interestIncome": 0,
        "interestExpense": 0,
        "depreciationAndAmortization": 400000,
        "ebitda": -58634000,
        "ebitdaratio": -8.5397611419,
        "operatingIncome": -58895000,
        "operatingIncomeRatio": -8.5777745412,
        "totalOtherIncomeExpensesNet": -139000,
        "incomeBeforeTax": -59034000,
        "incomeBeforeTaxRatio": -8.5980192252,
        "incomeTaxExpense": 0,
        "netIncome": -58810000,
        "netIncomeRatio": -8.5653946985,
        "eps": -1.56,
        "epsdiluted": -1.56,
        "weightedAverageShsOut": 37672748,
        "weightedAverageShsOutDil": 37672748,
        "link": "https://www.sec.gov/Archives/edgar/data/1512762/000156459015006845/0001564590-15-006845-index.htm",
        "finalLink": "https://www.sec.gov/Archives/edgar/data/1512762/000156459015006845/chrs-10q_20150630.htm"
    },
    {
        "date": "2015-03-31",
        "symbol": "CHRS",
        "reportedCurrency": "USD",
        "cik": "0001512762",
        "fillingDate": "2015-05-11",
        "acceptedDate": "2015-05-11 16:55:09",
        "calendarYear": "2015",
        "period": "Q1",
        "revenue": 5810000,
        "costOfRevenue": 36467000,
        "grossProfit": -30657000,
        "grossProfitRatio": -5.2765920826,
        "researchAndDevelopmentExpenses": 36467000,
        "generalAndAdministrativeExpenses": 6091000,
        "sellingAndMarketingExpenses": 0,
        "sellingGeneralAndAdministrativeExpenses": 6091000,
        "otherExpenses": -4091000,
        "operatingExpenses": 42558000,
        "costAndExpenses": 42558000,
        "interestIncome": 0,
        "interestExpense": 0,
        "depreciationAndAmortization": 232000,
        "ebitda": -40607000,
        "ebitdaratio": -6.9891566265,
        "operatingIncome": -36748000,
        "operatingIncomeRatio": -6.3249569707,
        "totalOtherIncomeExpensesNet": -4091000,
        "incomeBeforeTax": -40839000,
        "incomeBeforeTaxRatio": -7.0290877797,
        "incomeTaxExpense": 0,
        "netIncome": -40725000,
        "netIncomeRatio": -7.0094664372,
        "eps": -1.22,
        "epsdiluted": -1.22,
        "weightedAverageShsOut": 33377298,
        "weightedAverageShsOutDil": 33377298,
        "link": "https://www.sec.gov/Archives/edgar/data/1512762/000156459015003938/0001564590-15-003938-index.htm",
        "finalLink": "https://www.sec.gov/Archives/edgar/data/1512762/000156459015003938/chrs-10q_20150331.htm"
    },
    {
        "date": "2014-12-31",
        "symbol": "CHRS",
        "reportedCurrency": "USD",
        "cik": "0001512762",
        "fillingDate": "2015-03-23",
        "acceptedDate": "2015-03-23 16:20:16",
        "calendarYear": "2014",
        "period": "Q4",
        "revenue": 6493000,
        "costOfRevenue": 26867000,
        "grossProfit": -20374000,
        "grossProfitRatio": -3.1378407516,
        "researchAndDevelopmentExpenses": 26867000,
        "generalAndAdministrativeExpenses": 6186000,
        "sellingAndMarketingExpenses": 0,
        "sellingGeneralAndAdministrativeExpenses": 6186000,
        "otherExpenses": -2463000,
        "operatingExpenses": 33053000,
        "costAndExpenses": 33053000,
        "interestIncome": 0,
        "interestExpense": 0,
        "depreciationAndAmortization": 235000,
        "ebitda": -24991000,
        "ebitdaratio": -3.8489142153,
        "operatingIncome": -26560000,
        "operatingIncomeRatio": -4.0905590636,
        "totalOtherIncomeExpensesNet": -2463000,
        "incomeBeforeTax": -29023000,
        "incomeBeforeTaxRatio": -4.4698906515,
        "incomeTaxExpense": 155000,
        "netIncome": -29134000,
        "netIncomeRatio": -4.4869859849,
        "eps": -1.47,
        "epsdiluted": -1.47,
        "weightedAverageShsOut": 19841728,
        "weightedAverageShsOutDil": 19841728,
        "link": "https://www.sec.gov/Archives/edgar/data/1512762/000156459015001896/0001564590-15-001896-index.htm",
        "finalLink": "https://www.sec.gov/Archives/edgar/data/1512762/000156459015001896/chrs-10k_20141231.htm"
    },
    {
        "date": "2014-09-30",
        "symbol": "CHRS",
        "reportedCurrency": "USD",
        "cik": "0001512762",
        "fillingDate": "2014-12-15",
        "acceptedDate": "2014-12-15 17:06:20",
        "calendarYear": "2014",
        "period": "Q3",
        "revenue": 16052000,
        "costOfRevenue": 18496000,
        "grossProfit": -2444000,
        "grossProfitRatio": -0.1522551707,
        "researchAndDevelopmentExpenses": 18496000,
        "generalAndAdministrativeExpenses": 3979000,
        "sellingAndMarketingExpenses": 0,
        "sellingGeneralAndAdministrativeExpenses": 3979000,
        "otherExpenses": -1490000,
        "operatingExpenses": 22475000,
        "costAndExpenses": 22475000,
        "interestIncome": 0,
        "interestExpense": 1000,
        "depreciationAndAmortization": 192000,
        "ebitda": -7721000,
        "ebitdaratio": -0.4809992524,
        "operatingIncome": -6423000,
        "operatingIncomeRatio": -0.4001370546,
        "totalOtherIncomeExpensesNet": -1491000,
        "incomeBeforeTax": -7914000,
        "incomeBeforeTaxRatio": -0.4930226763,
        "incomeTaxExpense": 0,
        "netIncome": -7872000,
        "netIncomeRatio": -0.4904061799,
        "eps": -0.6,
        "epsdiluted": -0.6,
        "weightedAverageShsOut": 13135107,
        "weightedAverageShsOutDil": 13135107,
        "link": "https://www.sec.gov/Archives/edgar/data/1512762/000156459014006207/0001564590-14-006207-index.htm",
        "finalLink": "https://www.sec.gov/Archives/edgar/data/1512762/000156459014006207/chrs-10q_20140930.htm"
    },
    {
        "date": "2014-06-30",
        "symbol": "CHRS",
        "reportedCurrency": "USD",
        "cik": "0001512762",
        "fillingDate": "2014-06-30",
        "acceptedDate": "2014-06-29 20:00:00",
        "calendarYear": "2014",
        "period": "Q2",
        "revenue": 4965000,
        "costOfRevenue": 18925000,
        "grossProfit": -13960000,
        "grossProfitRatio": -2.8116817724,
        "researchAndDevelopmentExpenses": 18925000,
        "generalAndAdministrativeExpenses": 3978000,
        "sellingAndMarketingExpenses": 0,
        "sellingGeneralAndAdministrativeExpenses": 3978000,
        "otherExpenses": -5974000,
        "operatingExpenses": 22903000,
        "costAndExpenses": 22903000,
        "interestIncome": 0,
        "interestExpense": 1158000,
        "depreciationAndAmortization": 131000,
        "ebitda": -23781000,
        "ebitdaratio": -4.7897280967,
        "operatingIncome": -17938000,
        "operatingIncomeRatio": -3.6128902316,
        "totalOtherIncomeExpensesNet": -7132000,
        "incomeBeforeTax": -25070000,
        "incomeBeforeTaxRatio": -5.0493454179,
        "incomeTaxExpense": 0,
        "netIncome": -24957000,
        "netIncomeRatio": -5.0265861027,
        "eps": -1.38,
        "epsdiluted": -1.38,
        "weightedAverageShsOut": 18083685,
        "weightedAverageShsOutDil": 18083685,
        "link": "",
        "finalLink": ""
    },
    {
        "date": "2014-03-31",
        "symbol": "CHRS",
        "reportedCurrency": "USD",
        "cik": "0001512762",
        "fillingDate": "2014-03-31",
        "acceptedDate": "2014-03-31 00:00:00",
        "calendarYear": "2014",
        "period": "Q1",
        "revenue": 3596000,
        "costOfRevenue": 13936000,
        "grossProfit": -10340000,
        "grossProfitRatio": -2.8754171301,
        "researchAndDevelopmentExpenses": 13936000,
        "generalAndAdministrativeExpenses": 3421000,
        "sellingAndMarketingExpenses": 0,
        "sellingGeneralAndAdministrativeExpenses": 3421000,
        "otherExpenses": -8668000,
        "operatingExpenses": 17357000,
        "costAndExpenses": 17357000,
        "interestIncome": 0,
        "interestExpense": 2741000,
        "depreciationAndAmortization": 116000,
        "ebitda": -22313000,
        "ebitdaratio": -6.2049499444,
        "operatingIncome": -13761000,
        "operatingIncomeRatio": -3.8267519466,
        "totalOtherIncomeExpensesNet": -11409000,
        "incomeBeforeTax": -25170000,
        "incomeBeforeTaxRatio": -6.9994438265,
        "incomeTaxExpense": 0,
        "netIncome": -25170000,
        "netIncomeRatio": -6.9994438265,
        "eps": -1.39,
        "epsdiluted": -1.39,
        "weightedAverageShsOut": 18083685,
        "weightedAverageShsOutDil": 18083685,
        "link": "",
        "finalLink": ""
    },
    {
        "date": "2013-12-31",
        "symbol": "CHRS",
        "reportedCurrency": "USD",
        "cik": "0001512762",
        "fillingDate": "2013-12-31",
        "acceptedDate": "2013-12-30 19:00:00",
        "calendarYear": "2013",
        "period": "Q4",
        "revenue": 1232000,
        "costOfRevenue": 9222000,
        "grossProfit": -7990000,
        "grossProfitRatio": -6.4853896104,
        "researchAndDevelopmentExpenses": 9222000,
        "generalAndAdministrativeExpenses": 2497000,
        "sellingAndMarketingExpenses": 0,
        "sellingGeneralAndAdministrativeExpenses": 2497000,
        "otherExpenses": -803000,
        "operatingExpenses": 11719000,
        "costAndExpenses": 11719000,
        "interestIncome": 0,
        "interestExpense": 3301000,
        "depreciationAndAmortization": 108000,
        "ebitda": -11182000,
        "ebitdaratio": -9.0762987013,
        "operatingIncome": -10487000,
        "operatingIncomeRatio": -8.5121753247,
        "totalOtherIncomeExpensesNet": -4104000,
        "incomeBeforeTax": -14591000,
        "incomeBeforeTaxRatio": -11.8433441558,
        "incomeTaxExpense": 0,
        "netIncome": -14591000,
        "netIncomeRatio": -11.8433441558,
        "eps": -0.81,
        "epsdiluted": -0.81,
        "weightedAverageShsOut": 18083685,
        "weightedAverageShsOutDil": 18083685,
        "link": "",
        "finalLink": ""
    },
    {
        "date": "2013-09-30",
        "symbol": "CHRS",
        "reportedCurrency": "USD",
        "cik": "0001512762",
        "fillingDate": "2013-09-30",
        "acceptedDate": "2013-09-29 20:00:00",
        "calendarYear": "2013",
        "period": "Q3",
        "revenue": 506000,
        "costOfRevenue": 4934000,
        "grossProfit": -4428000,
        "grossProfitRatio": -8.7509881423,
        "researchAndDevelopmentExpenses": 4934000,
        "generalAndAdministrativeExpenses": 2355000,
        "sellingAndMarketingExpenses": 0,
        "sellingGeneralAndAdministrativeExpenses": 2355000,
        "otherExpenses": -12698000,
        "operatingExpenses": 7289000,
        "costAndExpenses": 7289000,
        "interestIncome": 0,
        "interestExpense": 1992000,
        "depreciationAndAmortization": 101000,
        "ebitda": -19380000,
        "ebitdaratio": -38.3003952569,
        "operatingIncome": -6783000,
        "operatingIncomeRatio": -13.4051383399,
        "totalOtherIncomeExpensesNet": -14690000,
        "incomeBeforeTax": -21473000,
        "incomeBeforeTaxRatio": -42.4367588933,
        "incomeTaxExpense": 0,
        "netIncome": -21473000,
        "netIncomeRatio": -42.4367588933,
        "eps": -1.19,
        "epsdiluted": -1.19,
        "weightedAverageShsOut": 18083685,
        "weightedAverageShsOutDil": 18083685,
        "link": "",
        "finalLink": ""
    },
    {
        "date": "2013-06-30",
        "symbol": "CHRS",
        "reportedCurrency": "USD",
        "cik": "0001512762",
        "fillingDate": "2013-06-30",
        "acceptedDate": "2013-06-29 20:00:00",
        "calendarYear": "2013",
        "period": "Q2",
        "revenue": 507000,
        "costOfRevenue": 8467000,
        "grossProfit": -7960000,
        "grossProfitRatio": -15.7001972387,
        "researchAndDevelopmentExpenses": 8967000,
        "generalAndAdministrativeExpenses": 1324000,
        "sellingAndMarketingExpenses": 0,
        "sellingGeneralAndAdministrativeExpenses": 1324000,
        "otherExpenses": 0,
        "operatingExpenses": 749000,
        "costAndExpenses": 9216000,
        "interestIncome": 0,
        "interestExpense": 0,
        "depreciationAndAmortization": 99000,
        "ebitda": -9185000,
        "ebitdaratio": -18.1163708087,
        "operatingIncome": -9284000,
        "operatingIncomeRatio": -18.3116370809,
        "totalOtherIncomeExpensesNet": 575000,
        "incomeBeforeTax": -8709000,
        "incomeBeforeTaxRatio": -17.1775147929,
        "incomeTaxExpense": 0,
        "netIncome": -8709000,
        "netIncomeRatio": -17.1775147929,
        "eps": -2.8,
        "epsdiluted": -2.8,
        "weightedAverageShsOut": 3110340,
        "weightedAverageShsOutDil": 3110340,
        "link": null,
        "finalLink": null
    },
    {
        "date": "2013-03-31",
        "symbol": "CHRS",
        "reportedCurrency": "USD",
        "cik": "0001512762",
        "fillingDate": "2013-03-31",
        "acceptedDate": "2013-03-30 20:00:00",
        "calendarYear": "2013",
        "period": "Q1",
        "revenue": 506000,
        "costOfRevenue": 8656000,
        "grossProfit": -8150000,
        "grossProfitRatio": -16.1067193676,
        "researchAndDevelopmentExpenses": 8656000,
        "generalAndAdministrativeExpenses": 1289000,
        "sellingAndMarketingExpenses": 0,
        "sellingGeneralAndAdministrativeExpenses": 1289000,
        "otherExpenses": 0,
        "operatingExpenses": 712000,
        "costAndExpenses": 9368000,
        "interestIncome": 0,
        "interestExpense": 0,
        "depreciationAndAmortization": 96000,
        "ebitda": -9343000,
        "ebitdaratio": -18.4644268775,
        "operatingIncome": -9439000,
        "operatingIncomeRatio": -18.6541501976,
        "totalOtherIncomeExpensesNet": 577000,
        "incomeBeforeTax": -8862000,
        "incomeBeforeTaxRatio": -17.5138339921,
        "incomeTaxExpense": 0,
        "netIncome": -8862000,
        "netIncomeRatio": -17.5138339921,
        "eps": -3.14,
        "epsdiluted": -3.14,
        "weightedAverageShsOut": 2825078,
        "weightedAverageShsOutDil": 2825078,
        "link": null,
        "finalLink": null
    }
]