[
    {
        "date": "2025-08-02",
        "symbol": "CIEN",
        "reportedCurrency": "USD",
        "cik": "0000936395",
        "fillingDate": "2025-09-04",
        "acceptedDate": "2025-09-04 16:05:56",
        "calendarYear": "2025",
        "period": "Q3",
        "revenue": 1219385000,
        "costOfRevenue": 716306000,
        "grossProfit": 503079000,
        "grossProfitRatio": 0.4125678108,
        "researchAndDevelopmentExpenses": 211898000,
        "generalAndAdministrativeExpenses": 60596000,
        "sellingAndMarketingExpenses": 148724000,
        "sellingGeneralAndAdministrativeExpenses": 209320000,
        "otherExpenses": 8326000,
        "operatingExpenses": 429544000,
        "costAndExpenses": 1145850000,
        "interestIncome": 16172999,
        "interestExpense": 22806000,
        "depreciationAndAmortization": 35654000,
        "ebitda": 122509000,
        "ebitdaratio": 0.1004678588,
        "operatingIncome": 73535000,
        "operatingIncomeRatio": 0.0603049898,
        "totalOtherIncomeExpensesNet": -7716000,
        "incomeBeforeTax": 65819000,
        "incomeBeforeTaxRatio": 0.0539772098,
        "incomeTaxExpense": 15511000,
        "netIncome": 50308000,
        "netIncomeRatio": 0.0412568631,
        "eps": 0.35,
        "epsdiluted": 0.35,
        "weightedAverageShsOut": 141846000,
        "weightedAverageShsOutDil": 144499000,
        "link": "https://www.sec.gov/Archives/edgar/data/936395/000093639525000041/0000936395-25-000041-index.htm",
        "finalLink": "https://www.sec.gov/Archives/edgar/data/936395/000093639525000041/cien-20250802.htm"
    },
    {
        "date": "2025-05-03",
        "symbol": "CIEN",
        "reportedCurrency": "USD",
        "cik": "0000936395",
        "fillingDate": "2025-06-05",
        "acceptedDate": "2025-06-05 14:41:16",
        "calendarYear": "2025",
        "period": "Q2",
        "revenue": 1125878000,
        "costOfRevenue": 704677000,
        "grossProfit": 421201000,
        "grossProfitRatio": 0.3741089177,
        "researchAndDevelopmentExpenses": 189776000,
        "generalAndAdministrativeExpenses": 56952000,
        "sellingAndMarketingExpenses": 139683000,
        "sellingGeneralAndAdministrativeExpenses": 196635000,
        "otherExpenses": 0,
        "operatingExpenses": 386411000,
        "costAndExpenses": 1091088000,
        "interestIncome": 13435000,
        "interestExpense": 23554000,
        "depreciationAndAmortization": 33869000,
        "ebitda": 74582000,
        "ebitdaratio": 0.0662434118,
        "operatingIncome": 34790000,
        "operatingIncomeRatio": 0.0309003285,
        "totalOtherIncomeExpensesNet": -15774000,
        "incomeBeforeTax": 19016000,
        "incomeBeforeTaxRatio": 0.0168899295,
        "incomeTaxExpense": 10047000,
        "netIncome": 8969000,
        "netIncomeRatio": 0.0079662272,
        "eps": 0.0629,
        "epsdiluted": 0.0619,
        "weightedAverageShsOut": 142503000,
        "weightedAverageShsOutDil": 144972000,
        "link": "https://www.sec.gov/Archives/edgar/data/936395/000093639525000025/0000936395-25-000025-index.htm",
        "finalLink": "https://www.sec.gov/Archives/edgar/data/936395/000093639525000025/cien-20250503.htm"
    },
    {
        "date": "2025-02-01",
        "symbol": "CIEN",
        "reportedCurrency": "USD",
        "cik": "0000936395",
        "fillingDate": "2025-03-12",
        "acceptedDate": "2025-03-12 14:13:09",
        "calendarYear": "2025",
        "period": "Q1",
        "revenue": 1072260000,
        "costOfRevenue": 631663000,
        "grossProfit": 440597000,
        "grossProfitRatio": 0.4109050044,
        "researchAndDevelopmentExpenses": 167984000,
        "generalAndAdministrativeExpenses": 0,
        "sellingAndMarketingExpenses": 0,
        "sellingGeneralAndAdministrativeExpenses": 190406000,
        "otherExpenses": 0,
        "operatingExpenses": 358390000,
        "costAndExpenses": 990053000,
        "interestIncome": 13710000,
        "interestExpense": 23417000,
        "depreciationAndAmortization": 33457000,
        "ebitda": 124969000,
        "ebitdaratio": 0.1165472926,
        "operatingIncome": 82207000,
        "operatingIncomeRatio": 0.0766670397,
        "totalOtherIncomeExpensesNet": -13613000,
        "incomeBeforeTax": 68594000,
        "incomeBeforeTaxRatio": 0.0639714248,
        "incomeTaxExpense": 24022000,
        "netIncome": 44572000,
        "netIncomeRatio": 0.0415682764,
        "eps": 0.31,
        "epsdiluted": 0.31,
        "weightedAverageShsOut": 142880000,
        "weightedAverageShsOutDil": 145944000,
        "link": "https://www.sec.gov/Archives/edgar/data/936395/000093639525000011/0000936395-25-000011-index.htm",
        "finalLink": "https://www.sec.gov/Archives/edgar/data/936395/000093639525000011/cien-20250201.htm"
    },
    {
        "date": "2024-10-31",
        "symbol": "CIEN",
        "reportedCurrency": "USD",
        "cik": "0000936395",
        "fillingDate": "2024-12-20",
        "acceptedDate": "2024-12-20 15:17:13",
        "calendarYear": "2024",
        "period": "Q4",
        "revenue": 1124112000,
        "costOfRevenue": 695124000,
        "grossProfit": 428988000,
        "grossProfitRatio": 0.3816238951,
        "researchAndDevelopmentExpenses": 172111000,
        "generalAndAdministrativeExpenses": 0,
        "sellingAndMarketingExpenses": 0,
        "sellingGeneralAndAdministrativeExpenses": 195062000,
        "otherExpenses": 0,
        "operatingExpenses": 367173000,
        "costAndExpenses": 1062297000,
        "interestIncome": 15812000,
        "interestExpense": 24990000,
        "depreciationAndAmortization": 33798000,
        "ebitda": 106809000,
        "ebitdaratio": 0.0950163329,
        "operatingIncome": 61815000,
        "operatingIncomeRatio": 0.0549900722,
        "totalOtherIncomeExpensesNet": -13794000,
        "incomeBeforeTax": 48021000,
        "incomeBeforeTaxRatio": 0.0427190529,
        "incomeTaxExpense": 10993000,
        "netIncome": 37028000,
        "netIncomeRatio": 0.0329397782,
        "eps": 0.26,
        "epsdiluted": 0.25,
        "weightedAverageShsOut": 144715000,
        "weightedAverageShsOutDil": 145964000,
        "link": "https://www.sec.gov/Archives/edgar/data/936395/000093639524000044/0000936395-24-000044-index.htm",
        "finalLink": "https://www.sec.gov/Archives/edgar/data/936395/000093639524000044/cien-20241102.htm"
    },
    {
        "date": "2024-07-27",
        "symbol": "CIEN",
        "reportedCurrency": "USD",
        "cik": "0000936395",
        "fillingDate": "2024-09-04",
        "acceptedDate": "2024-09-04 16:13:18",
        "calendarYear": "2024",
        "period": "Q3",
        "revenue": 942308000,
        "costOfRevenue": 568529000,
        "grossProfit": 373779000,
        "grossProfitRatio": 0.396663299,
        "researchAndDevelopmentExpenses": 165907000,
        "generalAndAdministrativeExpenses": 0,
        "sellingAndMarketingExpenses": 0,
        "sellingGeneralAndAdministrativeExpenses": 179768000,
        "otherExpenses": 0,
        "operatingExpenses": 345675000,
        "costAndExpenses": 914204000,
        "interestIncome": 15876000,
        "interestExpense": 25172000,
        "depreciationAndAmortization": 32930000,
        "ebitda": 73686000,
        "ebitdaratio": 0.0781973622,
        "operatingIncome": 28104000,
        "operatingIncomeRatio": 0.0298246433,
        "totalOtherIncomeExpensesNet": -11749000,
        "incomeBeforeTax": 16355000,
        "incomeBeforeTaxRatio": 0.0173563209,
        "incomeTaxExpense": 2125000,
        "netIncome": 14230000,
        "netIncomeRatio": 0.0151012196,
        "eps": 0.0985,
        "epsdiluted": 0.0979,
        "weightedAverageShsOut": 144394000,
        "weightedAverageShsOutDil": 145361000,
        "link": "https://www.sec.gov/Archives/edgar/data/936395/000093639524000032/0000936395-24-000032-index.htm",
        "finalLink": "https://www.sec.gov/Archives/edgar/data/936395/000093639524000032/cien-20240727.htm"
    },
    {
        "date": "2024-04-27",
        "symbol": "CIEN",
        "reportedCurrency": "USD",
        "cik": "0000936395",
        "fillingDate": "2024-06-06",
        "acceptedDate": "2024-06-06 14:41:09",
        "calendarYear": "2024",
        "period": "Q2",
        "revenue": 910826000,
        "costOfRevenue": 553320000,
        "grossProfit": 357506000,
        "grossProfitRatio": 0.3925074603,
        "researchAndDevelopmentExpenses": 172172000,
        "generalAndAdministrativeExpenses": 0,
        "sellingAndMarketingExpenses": 0,
        "sellingGeneralAndAdministrativeExpenses": 173644000,
        "otherExpenses": 0,
        "operatingExpenses": 345816000,
        "costAndExpenses": 899136000,
        "interestIncome": 15255000,
        "interestExpense": 23861000,
        "depreciationAndAmortization": 33918000,
        "ebitda": 41750000,
        "ebitdaratio": 0.0458375145,
        "operatingIncome": 11690000,
        "operatingIncomeRatio": 0.0128345041,
        "totalOtherIncomeExpensesNet": -27719000,
        "incomeBeforeTax": -16029000,
        "incomeBeforeTaxRatio": -0.0175983119,
        "incomeTaxExpense": 820000,
        "netIncome": -16849000,
        "netIncomeRatio": -0.0184985936,
        "eps": -0.12,
        "epsdiluted": -0.12,
        "weightedAverageShsOut": 144914000,
        "weightedAverageShsOutDil": 144914000,
        "link": "https://www.sec.gov/Archives/edgar/data/936395/000093639524000025/0000936395-24-000025-index.htm",
        "finalLink": "https://www.sec.gov/Archives/edgar/data/936395/000093639524000025/cien-20240427.htm"
    },
    {
        "date": "2024-01-27",
        "symbol": "CIEN",
        "reportedCurrency": "USD",
        "cik": "0000936395",
        "fillingDate": "2024-03-07",
        "acceptedDate": "2024-03-07 14:39:44",
        "calendarYear": "2024",
        "period": "Q1",
        "revenue": 1037709000,
        "costOfRevenue": 600807000,
        "grossProfit": 436902000,
        "grossProfitRatio": 0.4210255476,
        "researchAndDevelopmentExpenses": 164461000,
        "generalAndAdministrativeExpenses": 0,
        "sellingAndMarketingExpenses": 0,
        "sellingGeneralAndAdministrativeExpenses": 182841000,
        "otherExpenses": 0,
        "operatingExpenses": 347302000,
        "costAndExpenses": 948109000,
        "interestIncome": 15177000,
        "interestExpense": 23776000,
        "depreciationAndAmortization": 32823999,
        "ebitda": 128103000,
        "ebitdaratio": 0.123447903,
        "operatingIncome": 89600000,
        "operatingIncomeRatio": 0.0863440521,
        "totalOtherIncomeExpensesNet": -18097000,
        "incomeBeforeTax": 71503000,
        "incomeBeforeTaxRatio": 0.0689046737,
        "incomeTaxExpense": 21956000,
        "netIncome": 49547000,
        "netIncomeRatio": 0.0477465262,
        "eps": 0.34,
        "epsdiluted": 0.34,
        "weightedAverageShsOut": 145291000,
        "weightedAverageShsOutDil": 145848000,
        "link": "https://www.sec.gov/Archives/edgar/data/936395/000093639524000008/0000936395-24-000008-index.htm",
        "finalLink": "https://www.sec.gov/Archives/edgar/data/936395/000093639524000008/cien-20240127.htm"
    },
    {
        "date": "2023-10-31",
        "symbol": "CIEN",
        "reportedCurrency": "USD",
        "cik": "0000936395",
        "fillingDate": "2023-12-15",
        "acceptedDate": "2023-12-15 16:17:49",
        "calendarYear": "2023",
        "period": "Q4",
        "revenue": 1129487000,
        "costOfRevenue": 677135000,
        "grossProfit": 452352000,
        "grossProfitRatio": 0.4004933213,
        "researchAndDevelopmentExpenses": 166093000,
        "generalAndAdministrativeExpenses": 0,
        "sellingAndMarketingExpenses": 0,
        "sellingGeneralAndAdministrativeExpenses": 187748000,
        "otherExpenses": 0,
        "operatingExpenses": 353841000,
        "costAndExpenses": 1030976000,
        "interestIncome": 14646000,
        "interestExpense": 24207000,
        "depreciationAndAmortization": 36692000,
        "ebitda": 131417000,
        "ebitdaratio": 0.1163510514,
        "operatingIncome": 98511000,
        "operatingIncomeRatio": 0.0872174713,
        "totalOtherIncomeExpensesNet": -27993000,
        "incomeBeforeTax": 70518000,
        "incomeBeforeTaxRatio": 0.0624336535,
        "incomeTaxExpense": -20681000,
        "netIncome": 91199000,
        "netIncomeRatio": 0.0807437359,
        "eps": 0.62,
        "epsdiluted": 0.62,
        "weightedAverageShsOut": 147437000,
        "weightedAverageShsOutDil": 147891000,
        "link": "https://www.sec.gov/Archives/edgar/data/936395/000093639523000044/0000936395-23-000044-index.htm",
        "finalLink": "https://www.sec.gov/Archives/edgar/data/936395/000093639523000044/cien-20231028.htm"
    },
    {
        "date": "2023-07-29",
        "symbol": "CIEN",
        "reportedCurrency": "USD",
        "cik": "0000936395",
        "fillingDate": "2023-09-06",
        "acceptedDate": "2023-09-06 17:14:01",
        "calendarYear": "2023",
        "period": "Q3",
        "revenue": 1067886000,
        "costOfRevenue": 651742000,
        "grossProfit": 416144000,
        "grossProfitRatio": 0.3896895361,
        "researchAndDevelopmentExpenses": 166082000,
        "generalAndAdministrativeExpenses": 0,
        "sellingAndMarketingExpenses": 0,
        "sellingGeneralAndAdministrativeExpenses": 167615000,
        "otherExpenses": 0,
        "operatingExpenses": 333697000,
        "costAndExpenses": 985439000,
        "interestIncome": 12835000,
        "interestExpense": 24060000,
        "depreciationAndAmortization": 35984000,
        "ebitda": 124385000,
        "ebitdaratio": 0.1164777888,
        "operatingIncome": 82447000,
        "operatingIncomeRatio": 0.0772058066,
        "totalOtherIncomeExpensesNet": -18106000,
        "incomeBeforeTax": 64341000,
        "incomeBeforeTaxRatio": 0.0602508133,
        "incomeTaxExpense": 34608000,
        "netIncome": 29733000,
        "netIncomeRatio": 0.0278428596,
        "eps": 0.2,
        "epsdiluted": 0.2,
        "weightedAverageShsOut": 149690000,
        "weightedAverageShsOutDil": 149977000,
        "link": "https://www.sec.gov/Archives/edgar/data/936395/000093639523000034/0000936395-23-000034-index.htm",
        "finalLink": "https://www.sec.gov/Archives/edgar/data/936395/000093639523000034/cien-20230729.htm"
    },
    {
        "date": "2023-04-29",
        "symbol": "CIEN",
        "reportedCurrency": "USD",
        "cik": "0000936395",
        "fillingDate": "2023-06-07",
        "acceptedDate": "2023-06-07 15:18:29",
        "calendarYear": "2023",
        "period": "Q2",
        "revenue": 1132655000,
        "costOfRevenue": 678512000,
        "grossProfit": 454143000,
        "grossProfitRatio": 0.4009543948,
        "researchAndDevelopmentExpenses": 166298000,
        "generalAndAdministrativeExpenses": 0,
        "sellingAndMarketingExpenses": 0,
        "sellingGeneralAndAdministrativeExpenses": 176022000,
        "otherExpenses": 0,
        "operatingExpenses": 342320000,
        "costAndExpenses": 1020832000,
        "interestIncome": 10416000,
        "interestExpense": 23889000,
        "depreciationAndAmortization": 36970000,
        "ebitda": 148334000,
        "ebitdaratio": 0.1309613254,
        "operatingIncome": 111823000,
        "operatingIncomeRatio": 0.0987264436,
        "totalOtherIncomeExpensesNet": -24348000,
        "incomeBeforeTax": 87475000,
        "incomeBeforeTaxRatio": 0.077230048,
        "incomeTaxExpense": 29821000,
        "netIncome": 57654000,
        "netIncomeRatio": 0.0509016426,
        "eps": 0.39,
        "epsdiluted": 0.38,
        "weightedAverageShsOut": 149616000,
        "weightedAverageShsOutDil": 150147000,
        "link": "https://www.sec.gov/Archives/edgar/data/936395/000093639523000027/0000936395-23-000027-index.htm",
        "finalLink": "https://www.sec.gov/Archives/edgar/data/936395/000093639523000027/cien-20230429.htm"
    },
    {
        "date": "2023-01-28",
        "symbol": "CIEN",
        "reportedCurrency": "USD",
        "cik": "0000936395",
        "fillingDate": "2023-03-08",
        "acceptedDate": "2023-03-08 15:51:12",
        "calendarYear": "2023",
        "period": "Q1",
        "revenue": 1056521000,
        "costOfRevenue": 630224000,
        "grossProfit": 426297000,
        "grossProfitRatio": 0.4034912699,
        "researchAndDevelopmentExpenses": 159522000,
        "generalAndAdministrativeExpenses": 0,
        "sellingAndMarketingExpenses": 0,
        "sellingGeneralAndAdministrativeExpenses": 174703000,
        "otherExpenses": 0,
        "operatingExpenses": 334225000,
        "costAndExpenses": 964449000,
        "interestIncome": 7121000,
        "interestExpense": 15870000,
        "depreciationAndAmortization": 32533000,
        "ebitda": 149722000,
        "ebitdaratio": 0.1417122802,
        "operatingIncome": 92072000,
        "operatingIncomeRatio": 0.0871463984,
        "totalOtherIncomeExpensesNet": 9247000,
        "incomeBeforeTax": 101319000,
        "incomeBeforeTaxRatio": 0.0958987091,
        "incomeTaxExpense": 25078000,
        "netIncome": 76241000,
        "netIncomeRatio": 0.0721623139,
        "eps": 0.51,
        "epsdiluted": 0.51,
        "weightedAverageShsOut": 149081000,
        "weightedAverageShsOutDil": 149551000,
        "link": "https://www.sec.gov/Archives/edgar/data/936395/000093639523000014/0000936395-23-000014-index.htm",
        "finalLink": "https://www.sec.gov/Archives/edgar/data/936395/000093639523000014/cien-20230128.htm"
    },
    {
        "date": "2022-10-31",
        "symbol": "CIEN",
        "reportedCurrency": "USD",
        "cik": "0000936395",
        "fillingDate": "2022-12-16",
        "acceptedDate": "2022-12-16 15:57:15",
        "calendarYear": "2022",
        "period": "Q4",
        "revenue": 971010000,
        "costOfRevenue": 570809000,
        "grossProfit": 400201000,
        "grossProfitRatio": 0.4121492055,
        "researchAndDevelopmentExpenses": 139256000,
        "generalAndAdministrativeExpenses": 0,
        "sellingAndMarketingExpenses": 0,
        "sellingGeneralAndAdministrativeExpenses": 170056000,
        "otherExpenses": 0,
        "operatingExpenses": 309312000,
        "costAndExpenses": 880121000,
        "interestIncome": 5098000,
        "interestExpense": 13775000,
        "depreciationAndAmortization": 35401000,
        "ebitda": 114556000,
        "ebitdaratio": 0.1179761279,
        "operatingIncome": 90889000,
        "operatingIncomeRatio": 0.0936025376,
        "totalOtherIncomeExpensesNet": -25509000,
        "incomeBeforeTax": 65380000,
        "incomeBeforeTaxRatio": 0.0673319533,
        "incomeTaxExpense": 7735000,
        "netIncome": 57645000,
        "netIncomeRatio": 0.0593660209,
        "eps": 0.39,
        "epsdiluted": 0.39,
        "weightedAverageShsOut": 148548000,
        "weightedAverageShsOutDil": 149111000,
        "link": "https://www.sec.gov/Archives/edgar/data/936395/000093639522000065/0000936395-22-000065-index.htm",
        "finalLink": "https://www.sec.gov/Archives/edgar/data/936395/000093639522000065/cien-20221029.htm"
    },
    {
        "date": "2022-07-30",
        "symbol": "CIEN",
        "reportedCurrency": "USD",
        "cik": "0000936395",
        "fillingDate": "2022-09-07",
        "acceptedDate": "2022-09-07 15:19:00",
        "calendarYear": "2022",
        "period": "Q3",
        "revenue": 867981000,
        "costOfRevenue": 558371000,
        "grossProfit": 309610000,
        "grossProfitRatio": 0.3567013564,
        "researchAndDevelopmentExpenses": 127775000,
        "generalAndAdministrativeExpenses": 0,
        "sellingAndMarketingExpenses": 0,
        "sellingGeneralAndAdministrativeExpenses": 147001000,
        "otherExpenses": 0,
        "operatingExpenses": 274776000,
        "costAndExpenses": 833147000,
        "interestIncome": 2774000,
        "interestExpense": 12642000,
        "depreciationAndAmortization": 34308000,
        "ebitda": 61781000,
        "ebitdaratio": 0.0711778253,
        "operatingIncome": 34834000,
        "operatingIncomeRatio": 0.0401322149,
        "totalOtherIncomeExpensesNet": -20003000,
        "incomeBeforeTax": 14831000,
        "incomeBeforeTaxRatio": 0.0170867795,
        "incomeTaxExpense": 4319000,
        "netIncome": 10512000,
        "netIncomeRatio": 0.0121108642,
        "eps": 0.0701,
        "epsdiluted": 0.0699,
        "weightedAverageShsOut": 149862000,
        "weightedAverageShsOutDil": 150463000,
        "link": "https://www.sec.gov/Archives/edgar/data/936395/000093639522000053/0000936395-22-000053-index.htm",
        "finalLink": "https://www.sec.gov/Archives/edgar/data/936395/000093639522000053/cien-20220730.htm"
    },
    {
        "date": "2022-04-30",
        "symbol": "CIEN",
        "reportedCurrency": "USD",
        "cik": "0000936395",
        "fillingDate": "2022-06-08",
        "acceptedDate": "2022-06-08 16:11:21",
        "calendarYear": "2022",
        "period": "Q2",
        "revenue": 949227000,
        "costOfRevenue": 578743000,
        "grossProfit": 370484000,
        "grossProfitRatio": 0.3903007394,
        "researchAndDevelopmentExpenses": 136947000,
        "generalAndAdministrativeExpenses": 0,
        "sellingAndMarketingExpenses": 0,
        "sellingGeneralAndAdministrativeExpenses": 165511000,
        "otherExpenses": 0,
        "operatingExpenses": 302458000,
        "costAndExpenses": 881201000,
        "interestIncome": 1434000,
        "interestExpense": 11985000,
        "depreciationAndAmortization": 34610000,
        "ebitda": 93847000,
        "ebitdaratio": 0.0988667621,
        "operatingIncome": 68026000,
        "operatingIncomeRatio": 0.0716646282,
        "totalOtherIncomeExpensesNet": -20774000,
        "incomeBeforeTax": 47252000,
        "incomeBeforeTaxRatio": 0.0497794521,
        "incomeTaxExpense": 8330000,
        "netIncome": 38922000,
        "netIncomeRatio": 0.0410038905,
        "eps": 0.26,
        "epsdiluted": 0.25,
        "weightedAverageShsOut": 152197000,
        "weightedAverageShsOutDil": 153344000,
        "link": "https://www.sec.gov/Archives/edgar/data/936395/000093639522000045/0000936395-22-000045-index.htm",
        "finalLink": "https://www.sec.gov/Archives/edgar/data/936395/000093639522000045/cien-20220430.htm"
    },
    {
        "date": "2022-01-29",
        "symbol": "CIEN",
        "reportedCurrency": "USD",
        "cik": "0000936395",
        "fillingDate": "2022-03-09",
        "acceptedDate": "2022-03-09 14:38:27",
        "calendarYear": "2022",
        "period": "Q1",
        "revenue": 844443000,
        "costOfRevenue": 492827000,
        "grossProfit": 351616000,
        "grossProfitRatio": 0.4163880807,
        "researchAndDevelopmentExpenses": 124756000,
        "generalAndAdministrativeExpenses": 0,
        "sellingAndMarketingExpenses": 0,
        "sellingGeneralAndAdministrativeExpenses": 163379000,
        "otherExpenses": 0,
        "operatingExpenses": 288135000,
        "costAndExpenses": 780962000,
        "interestIncome": 754000,
        "interestExpense": 8648000,
        "depreciationAndAmortization": 35883000,
        "ebitda": 99574000,
        "ebitdaratio": 0.1179167806,
        "operatingIncome": 63481000,
        "operatingIncomeRatio": 0.075174997,
        "totalOtherIncomeExpensesNet": -8439000,
        "incomeBeforeTax": 55042000,
        "incomeBeforeTaxRatio": 0.0651814273,
        "incomeTaxExpense": 9219000,
        "netIncome": 45823000,
        "netIncomeRatio": 0.0542641718,
        "eps": 0.3,
        "epsdiluted": 0.29,
        "weightedAverageShsOut": 154151000,
        "weightedAverageShsOutDil": 155807000,
        "link": "https://www.sec.gov/Archives/edgar/data/936395/000093639522000029/0000936395-22-000029-index.htm",
        "finalLink": "https://www.sec.gov/Archives/edgar/data/936395/000093639522000029/cien-20220129.htm"
    },
    {
        "date": "2021-10-31",
        "symbol": "CIEN",
        "reportedCurrency": "USD",
        "cik": "0000936395",
        "fillingDate": "2021-12-17",
        "acceptedDate": "2021-12-17 16:48:15",
        "calendarYear": "2021",
        "period": "Q4",
        "revenue": 1041486000,
        "costOfRevenue": 594518000,
        "grossProfit": 446968000,
        "grossProfitRatio": 0.4291637142,
        "researchAndDevelopmentExpenses": 123139000,
        "generalAndAdministrativeExpenses": 0,
        "sellingAndMarketingExpenses": 0,
        "sellingGeneralAndAdministrativeExpenses": 179008000,
        "otherExpenses": 0,
        "operatingExpenses": 302147000,
        "costAndExpenses": 896665000,
        "interestIncome": 498000,
        "interestExpense": 7916000,
        "depreciationAndAmortization": 33006999,
        "ebitda": 170248000,
        "ebitdaratio": 0.1634664316,
        "operatingIncome": 144821000,
        "operatingIncomeRatio": 0.1390522772,
        "totalOtherIncomeExpensesNet": -15496000,
        "incomeBeforeTax": 129325000,
        "incomeBeforeTaxRatio": 0.1241735367,
        "incomeTaxExpense": 25826000,
        "netIncome": 103499000,
        "netIncomeRatio": 0.0993762758,
        "eps": 0.67,
        "epsdiluted": 0.66,
        "weightedAverageShsOut": 155232000,
        "weightedAverageShsOutDil": 156689000,
        "link": "https://www.sec.gov/Archives/edgar/data/936395/000093639521000054/0000936395-21-000054-index.htm",
        "finalLink": "https://www.sec.gov/Archives/edgar/data/936395/000093639521000054/cien-20211030.htm"
    },
    {
        "date": "2021-07-31",
        "symbol": "CIEN",
        "reportedCurrency": "USD",
        "cik": "0000936395",
        "fillingDate": "2021-09-08",
        "acceptedDate": "2021-09-08 16:07:20",
        "calendarYear": "2021",
        "period": "Q3",
        "revenue": 988141000,
        "costOfRevenue": 544181000,
        "grossProfit": 443960000,
        "grossProfitRatio": 0.4492881077,
        "researchAndDevelopmentExpenses": 121602000,
        "generalAndAdministrativeExpenses": 0,
        "sellingAndMarketingExpenses": 0,
        "sellingGeneralAndAdministrativeExpenses": 163787000,
        "otherExpenses": 0,
        "operatingExpenses": 285389000,
        "costAndExpenses": 829570000,
        "interestIncome": 465000,
        "interestExpense": 7776000,
        "depreciationAndAmortization": 33447000,
        "ebitda": 182765000,
        "ebitdaratio": 0.1849584219,
        "operatingIncome": 158571000,
        "operatingIncomeRatio": 0.1604740619,
        "totalOtherIncomeExpensesNet": -17029000,
        "incomeBeforeTax": 141542000,
        "incomeBeforeTaxRatio": 0.1432406914,
        "incomeTaxExpense": -96690000,
        "netIncome": 238232000,
        "netIncomeRatio": 0.2410910993,
        "eps": 1.53,
        "epsdiluted": 1.52,
        "weightedAverageShsOut": 155271000,
        "weightedAverageShsOutDil": 156744000,
        "link": "https://www.sec.gov/Archives/edgar/data/936395/000093639521000040/0000936395-21-000040-index.htm",
        "finalLink": "https://www.sec.gov/Archives/edgar/data/936395/000093639521000040/cien-20210731.htm"
    },
    {
        "date": "2021-05-01",
        "symbol": "CIEN",
        "reportedCurrency": "USD",
        "cik": "0000936395",
        "fillingDate": "2021-06-09",
        "acceptedDate": "2021-06-09 15:33:40",
        "calendarYear": "2021",
        "period": "Q2",
        "revenue": 833927000,
        "costOfRevenue": 451634000,
        "grossProfit": 382293000,
        "grossProfitRatio": 0.458425018,
        "researchAndDevelopmentExpenses": 86139000,
        "generalAndAdministrativeExpenses": 0,
        "sellingAndMarketingExpenses": 0,
        "sellingGeneralAndAdministrativeExpenses": 154022000,
        "otherExpenses": 0,
        "operatingExpenses": 240161000,
        "costAndExpenses": 691795000,
        "interestIncome": 554000,
        "interestExpense": 7785000,
        "depreciationAndAmortization": 32982000,
        "ebitda": 165337000,
        "ebitdaratio": 0.1982631573,
        "operatingIncome": 142132000,
        "operatingIncomeRatio": 0.1704369807,
        "totalOtherIncomeExpensesNet": -17562000,
        "incomeBeforeTax": 124570000,
        "incomeBeforeTaxRatio": 0.1493775834,
        "incomeTaxExpense": 21453000,
        "netIncome": 103117000,
        "netIncomeRatio": 0.1236523101,
        "eps": 0.66,
        "epsdiluted": 0.66,
        "weightedAverageShsOut": 155331000,
        "weightedAverageShsOutDil": 156876000,
        "link": "https://www.sec.gov/Archives/edgar/data/936395/000093639521000034/0000936395-21-000034-index.htm",
        "finalLink": "https://www.sec.gov/Archives/edgar/data/936395/000093639521000034/cien-20210501.htm"
    },
    {
        "date": "2021-01-30",
        "symbol": "CIEN",
        "reportedCurrency": "USD",
        "cik": "0000936395",
        "fillingDate": "2021-03-10",
        "acceptedDate": "2021-03-10 14:30:59",
        "calendarYear": "2021",
        "period": "Q1",
        "revenue": 757130000,
        "costOfRevenue": 428337000,
        "grossProfit": 328793000,
        "grossProfitRatio": 0.4342622799,
        "researchAndDevelopmentExpenses": 109553000,
        "generalAndAdministrativeExpenses": 0,
        "sellingAndMarketingExpenses": 0,
        "sellingGeneralAndAdministrativeExpenses": 137271000,
        "otherExpenses": 0,
        "operatingExpenses": 246824000,
        "costAndExpenses": 675161000,
        "interestIncome": 534000,
        "interestExpense": 7360000,
        "depreciationAndAmortization": 32830000,
        "ebitda": 107504000,
        "ebitdaratio": 0.1419888262,
        "operatingIncome": 81969000,
        "operatingIncomeRatio": 0.1082627818,
        "totalOtherIncomeExpensesNet": -14655000,
        "incomeBeforeTax": 67314000,
        "incomeBeforeTaxRatio": 0.0889067928,
        "incomeTaxExpense": 11966000,
        "netIncome": 55348000,
        "netIncomeRatio": 0.0731023734,
        "eps": 0.36,
        "epsdiluted": 0.35,
        "weightedAverageShsOut": 155174000,
        "weightedAverageShsOutDil": 156583000,
        "link": "https://www.sec.gov/Archives/edgar/data/936395/000093639521000010/0000936395-21-000010-index.htm",
        "finalLink": "https://www.sec.gov/Archives/edgar/data/936395/000093639521000010/cien-20210130.htm"
    },
    {
        "date": "2020-10-31",
        "symbol": "CIEN",
        "reportedCurrency": "USD",
        "cik": "0000936395",
        "fillingDate": "2020-12-18",
        "acceptedDate": "2020-12-18 15:32:47",
        "calendarYear": "2020",
        "period": "Q4",
        "revenue": 828480000,
        "costOfRevenue": 453520000,
        "grossProfit": 374960000,
        "grossProfitRatio": 0.4525878718,
        "researchAndDevelopmentExpenses": 113699000,
        "generalAndAdministrativeExpenses": 0,
        "sellingAndMarketingExpenses": 0,
        "sellingGeneralAndAdministrativeExpenses": 156797000,
        "otherExpenses": 0,
        "operatingExpenses": 270496000,
        "costAndExpenses": 724016000,
        "interestIncome": 598000,
        "interestExpense": 7395000,
        "depreciationAndAmortization": 33122000,
        "ebitda": 123854000,
        "ebitdaratio": 0.1494954616,
        "operatingIncome": 104464000,
        "operatingIncomeRatio": 0.1260911549,
        "totalOtherIncomeExpensesNet": -18625000,
        "incomeBeforeTax": 85839000,
        "incomeBeforeTaxRatio": 0.103610226,
        "incomeTaxExpense": 20798000,
        "netIncome": 65041000,
        "netIncomeRatio": 0.0785064214,
        "eps": 0.42,
        "epsdiluted": 0.42,
        "weightedAverageShsOut": 154706000,
        "weightedAverageShsOutDil": 156563000,
        "link": "https://www.sec.gov/Archives/edgar/data/936395/000093639520000042/0000936395-20-000042-index.htm",
        "finalLink": "https://www.sec.gov/Archives/edgar/data/936395/000093639520000042/cien-20201031.htm"
    },
    {
        "date": "2020-08-01",
        "symbol": "CIEN",
        "reportedCurrency": "USD",
        "cik": "0000936395",
        "fillingDate": "2020-09-09",
        "acceptedDate": "2020-09-09 15:21:44",
        "calendarYear": "2020",
        "period": "Q3",
        "revenue": 976712000,
        "costOfRevenue": 539860000,
        "grossProfit": 436852000,
        "grossProfitRatio": 0.4472679766,
        "researchAndDevelopmentExpenses": 108232000,
        "generalAndAdministrativeExpenses": 0,
        "sellingAndMarketingExpenses": 0,
        "sellingGeneralAndAdministrativeExpenses": 136398000,
        "otherExpenses": 0,
        "operatingExpenses": 244630000,
        "costAndExpenses": 784490000,
        "interestIncome": 849000,
        "interestExpense": 7251000,
        "depreciationAndAmortization": 31663000,
        "ebitda": 219931000,
        "ebitdaratio": 0.2251748724,
        "operatingIncome": 192222000,
        "operatingIncomeRatio": 0.1968051995,
        "totalOtherIncomeExpensesNet": -11205000,
        "incomeBeforeTax": 181017000,
        "incomeBeforeTaxRatio": 0.1853330357,
        "incomeTaxExpense": 38750000,
        "netIncome": 142267000,
        "netIncomeRatio": 0.1456591093,
        "eps": 0.92,
        "epsdiluted": 0.91,
        "weightedAverageShsOut": 154184000,
        "weightedAverageShsOutDil": 156318000,
        "link": "https://www.sec.gov/Archives/edgar/data/936395/000093639520000036/0000936395-20-000036-index.htm",
        "finalLink": "https://www.sec.gov/Archives/edgar/data/936395/000093639520000036/cien-20200801.htm"
    },
    {
        "date": "2020-05-02",
        "symbol": "CIEN",
        "reportedCurrency": "USD",
        "cik": "0000936395",
        "fillingDate": "2020-06-10",
        "acceptedDate": "2020-06-10 14:41:23",
        "calendarYear": "2020",
        "period": "Q2",
        "revenue": 894053000,
        "costOfRevenue": 509165000,
        "grossProfit": 384888000,
        "grossProfitRatio": 0.4304979682,
        "researchAndDevelopmentExpenses": 108931000,
        "generalAndAdministrativeExpenses": 0,
        "sellingAndMarketingExpenses": 0,
        "sellingGeneralAndAdministrativeExpenses": 143244000,
        "otherExpenses": 0,
        "operatingExpenses": 252175000,
        "costAndExpenses": 761340000,
        "interestIncome": 2023000,
        "interestExpense": 7860000,
        "depreciationAndAmortization": 32273000,
        "ebitda": 157096000,
        "ebitdaratio": 0.1757121781,
        "operatingIncome": 132713000,
        "operatingIncomeRatio": 0.1484397457,
        "totalOtherIncomeExpensesNet": -15750000,
        "incomeBeforeTax": 116963000,
        "incomeBeforeTaxRatio": 0.1308233405,
        "incomeTaxExpense": 25308000,
        "netIncome": 91655000,
        "netIncomeRatio": 0.1025162938,
        "eps": 0.6,
        "epsdiluted": 0.59,
        "weightedAverageShsOut": 153858000,
        "weightedAverageShsOutDil": 155141000,
        "link": "https://www.sec.gov/Archives/edgar/data/936395/000093639520000028/0000936395-20-000028-index.htm",
        "finalLink": "https://www.sec.gov/Archives/edgar/data/936395/000093639520000028/a20200502-10q.htm"
    },
    {
        "date": "2020-01-31",
        "symbol": "CIEN",
        "reportedCurrency": "USD",
        "cik": "0000936395",
        "fillingDate": "2020-03-11",
        "acceptedDate": "2020-03-11 14:18:56",
        "calendarYear": "2020",
        "period": "Q1",
        "revenue": 832912000,
        "costOfRevenue": 494012000,
        "grossProfit": 338900000,
        "grossProfitRatio": 0.4068857214,
        "researchAndDevelopmentExpenses": 105118000,
        "generalAndAdministrativeExpenses": 0,
        "sellingAndMarketingExpenses": 0,
        "sellingGeneralAndAdministrativeExpenses": 149534000,
        "otherExpenses": 0,
        "operatingExpenses": 254652000,
        "costAndExpenses": 748664000,
        "interestIncome": 3390000,
        "interestExpense": 8815000,
        "depreciationAndAmortization": 35469000,
        "ebitda": 116426000,
        "ebitdaratio": 0.1397818737,
        "operatingIncome": 84248000,
        "operatingIncomeRatio": 0.1011487408,
        "totalOtherIncomeExpensesNet": -12106000,
        "incomeBeforeTax": 72142000,
        "incomeBeforeTaxRatio": 0.0866141921,
        "incomeTaxExpense": 9814000,
        "netIncome": 62328000,
        "netIncomeRatio": 0.0748314348,
        "eps": 0.4,
        "epsdiluted": 0.4,
        "weightedAverageShsOut": 154334000,
        "weightedAverageShsOutDil": 155738000,
        "link": "https://www.sec.gov/Archives/edgar/data/936395/000093639520000011/0000936395-20-000011-index.htm",
        "finalLink": "https://www.sec.gov/Archives/edgar/data/936395/000093639520000011/a20200131-10q.htm"
    },
    {
        "date": "2019-10-31",
        "symbol": "CIEN",
        "reportedCurrency": "USD",
        "cik": "0000936395",
        "fillingDate": "2019-12-20",
        "acceptedDate": "2019-12-20 14:13:44",
        "calendarYear": "2019",
        "period": "Q4",
        "revenue": 967987000,
        "costOfRevenue": 576018000,
        "grossProfit": 391969000,
        "grossProfitRatio": 0.404932091,
        "researchAndDevelopmentExpenses": 119152000,
        "generalAndAdministrativeExpenses": 0,
        "sellingAndMarketingExpenses": 0,
        "sellingGeneralAndAdministrativeExpenses": 167508000,
        "otherExpenses": 0,
        "operatingExpenses": 286660000,
        "costAndExpenses": 862678000,
        "interestIncome": 3544000,
        "interestExpense": 9136000,
        "depreciationAndAmortization": 31031000,
        "ebitda": 123050000,
        "ebitdaratio": 0.1271194758,
        "operatingIncome": 105309000,
        "operatingIncomeRatio": 0.1087917503,
        "totalOtherIncomeExpensesNet": -22426000,
        "incomeBeforeTax": 82883000,
        "incomeBeforeTaxRatio": 0.0856240838,
        "incomeTaxExpense": 2552000,
        "netIncome": 80331000,
        "netIncomeRatio": 0.0829876848,
        "eps": 0.52,
        "epsdiluted": 0.51,
        "weightedAverageShsOut": 154852000,
        "weightedAverageShsOutDil": 156612000,
        "link": "https://www.sec.gov/Archives/edgar/data/936395/000093639519000056/0000936395-19-000056-index.htm",
        "finalLink": "https://www.sec.gov/Archives/edgar/data/936395/000093639519000056/a20191031financials.htm"
    },
    {
        "date": "2019-07-31",
        "symbol": "CIEN",
        "reportedCurrency": "USD",
        "cik": "0000936395",
        "fillingDate": "2019-09-11",
        "acceptedDate": "2019-09-11 14:15:18",
        "calendarYear": "2019",
        "period": "Q3",
        "revenue": 960606000,
        "costOfRevenue": 563859000,
        "grossProfit": 396747000,
        "grossProfitRatio": 0.4130174078,
        "researchAndDevelopmentExpenses": 117804000,
        "generalAndAdministrativeExpenses": 0,
        "sellingAndMarketingExpenses": 0,
        "sellingGeneralAndAdministrativeExpenses": 146925000,
        "otherExpenses": 0,
        "operatingExpenses": 264728999,
        "costAndExpenses": 828588000,
        "interestIncome": 3475000,
        "interestExpense": 9404000,
        "depreciationAndAmortization": 30908000,
        "ebitda": 157259000,
        "ebitdaratio": 0.1637081176,
        "operatingIncome": 132018000,
        "operatingIncomeRatio": 0.1374319961,
        "totalOtherIncomeExpensesNet": -15071000,
        "incomeBeforeTax": 116947000,
        "incomeBeforeTaxRatio": 0.1217429414,
        "incomeTaxExpense": 30198000,
        "netIncome": 86749000,
        "netIncomeRatio": 0.0903065357,
        "eps": 0.56,
        "epsdiluted": 0.55,
        "weightedAverageShsOut": 155488000,
        "weightedAverageShsOutDil": 157455000,
        "link": "https://www.sec.gov/Archives/edgar/data/936395/000093639519000040/0000936395-19-000040-index.htm",
        "finalLink": "https://www.sec.gov/Archives/edgar/data/936395/000093639519000040/a20190731-10q.htm"
    },
    {
        "date": "2019-04-30",
        "symbol": "CIEN",
        "reportedCurrency": "USD",
        "cik": "0000936395",
        "fillingDate": "2019-06-12",
        "acceptedDate": "2019-06-12 14:49:11",
        "calendarYear": "2019",
        "period": "Q2",
        "revenue": 865011000,
        "costOfRevenue": 517345000,
        "grossProfit": 347666000,
        "grossProfitRatio": 0.4019209004,
        "researchAndDevelopmentExpenses": 116487000,
        "generalAndAdministrativeExpenses": 0,
        "sellingAndMarketingExpenses": 0,
        "sellingGeneralAndAdministrativeExpenses": 145656000,
        "otherExpenses": 0,
        "operatingExpenses": 262142999,
        "costAndExpenses": 779488000,
        "interestIncome": 3519000,
        "interestExpense": 9471000,
        "depreciationAndAmortization": 30313000,
        "ebitda": 110389000,
        "ebitdaratio": 0.1276157182,
        "operatingIncome": 85523000,
        "operatingIncomeRatio": 0.0988692629,
        "totalOtherIncomeExpensesNet": -14918000,
        "incomeBeforeTax": 70605000,
        "incomeBeforeTaxRatio": 0.0816232395,
        "incomeTaxExpense": 17867000,
        "netIncome": 52738000,
        "netIncomeRatio": 0.0609680108,
        "eps": 0.34,
        "epsdiluted": 0.33,
        "weightedAverageShsOut": 156170000,
        "weightedAverageShsOutDil": 158289000,
        "link": "https://www.sec.gov/Archives/edgar/data/936395/000093639519000021/0000936395-19-000021-index.htm",
        "finalLink": "https://www.sec.gov/Archives/edgar/data/936395/000093639519000021/a20190430-10q.htm"
    },
    {
        "date": "2019-01-31",
        "symbol": "CIEN",
        "reportedCurrency": "USD",
        "cik": "0000936395",
        "fillingDate": "2019-03-11",
        "acceptedDate": "2019-03-11 14:38:28",
        "calendarYear": "2019",
        "period": "Q1",
        "revenue": 778527000,
        "costOfRevenue": 482227000,
        "grossProfit": 296300000,
        "grossProfitRatio": 0.3805905254,
        "researchAndDevelopmentExpenses": 107120000,
        "generalAndAdministrativeExpenses": 0,
        "sellingAndMarketingExpenses": 0,
        "sellingGeneralAndAdministrativeExpenses": 137356000,
        "otherExpenses": 0,
        "operatingExpenses": 244476000,
        "costAndExpenses": 726703000,
        "interestIncome": 3872000,
        "interestExpense": 9441000,
        "depreciationAndAmortization": 30460000,
        "ebitda": 82656000,
        "ebitdaratio": 0.1061697282,
        "operatingIncome": 51824000,
        "operatingIncomeRatio": 0.0665667344,
        "totalOtherIncomeExpensesNet": -9069000,
        "incomeBeforeTax": 42755000,
        "incomeBeforeTaxRatio": 0.0549178127,
        "incomeTaxExpense": 9139000,
        "netIncome": 33616000,
        "netIncomeRatio": 0.0431789777,
        "eps": 0.22,
        "epsdiluted": 0.21,
        "weightedAverageShsOut": 156314000,
        "weightedAverageShsOutDil": 158174000,
        "link": "https://www.sec.gov/Archives/edgar/data/936395/000093639519000010/0000936395-19-000010-index.htm",
        "finalLink": "https://www.sec.gov/Archives/edgar/data/936395/000093639519000010/a20190131-10q.htm"
    },
    {
        "date": "2018-10-31",
        "symbol": "CIEN",
        "reportedCurrency": "USD",
        "cik": "0000936395",
        "fillingDate": "2018-12-21",
        "acceptedDate": "2018-12-21 15:21:50",
        "calendarYear": "2018",
        "period": "Q4",
        "revenue": 899356000,
        "costOfRevenue": 527044999,
        "grossProfit": 372311000,
        "grossProfitRatio": 0.4139751111,
        "researchAndDevelopmentExpenses": 113873000,
        "generalAndAdministrativeExpenses": 0,
        "sellingAndMarketingExpenses": 0,
        "sellingGeneralAndAdministrativeExpenses": 157330000,
        "otherExpenses": 0,
        "operatingExpenses": 271203000,
        "costAndExpenses": 798248000,
        "interestIncome": 4427000,
        "interestExpense": 14873000,
        "depreciationAndAmortization": 28720000,
        "ebitda": 97346000,
        "ebitdaratio": 0.1082396737,
        "operatingIncome": 101108000,
        "operatingIncomeRatio": 0.1124226669,
        "totalOtherIncomeExpensesNet": -47355000,
        "incomeBeforeTax": 53753000,
        "incomeBeforeTaxRatio": 0.0597683231,
        "incomeTaxExpense": -10224000,
        "netIncome": 63977000,
        "netIncomeRatio": 0.0711364576,
        "eps": 0.45,
        "epsdiluted": 0.34,
        "weightedAverageShsOut": 143659000,
        "weightedAverageShsOutDil": 157745000,
        "link": "https://www.sec.gov/Archives/edgar/data/936395/000093639518000048/0000936395-18-000048-index.htm",
        "finalLink": "https://www.sec.gov/Archives/edgar/data/936395/000093639518000048/a20181031financials.htm"
    },
    {
        "date": "2018-07-31",
        "symbol": "CIEN",
        "reportedCurrency": "USD",
        "cik": "0000936395",
        "fillingDate": "2018-09-05",
        "acceptedDate": "2018-09-05 15:38:15",
        "calendarYear": "2018",
        "period": "Q3",
        "revenue": 818817000,
        "costOfRevenue": 492815000,
        "grossProfit": 326002000,
        "grossProfitRatio": 0.3981378012,
        "researchAndDevelopmentExpenses": 97966000,
        "generalAndAdministrativeExpenses": 0,
        "sellingAndMarketingExpenses": 0,
        "sellingGeneralAndAdministrativeExpenses": 133607000,
        "otherExpenses": 0,
        "operatingExpenses": 231573000,
        "costAndExpenses": 724388000,
        "interestIncome": 3620000,
        "interestExpense": 13611000,
        "depreciationAndAmortization": 28076000,
        "ebitda": 111807000,
        "ebitdaratio": 0.136546994,
        "operatingIncome": 94429000,
        "operatingIncomeRatio": 0.1153236926,
        "totalOtherIncomeExpensesNet": -24309000,
        "incomeBeforeTax": 70120000,
        "incomeBeforeTaxRatio": 0.0856357403,
        "incomeTaxExpense": 19280000,
        "netIncome": 50840000,
        "netIncomeRatio": 0.0620895756,
        "eps": 0.35,
        "epsdiluted": 0.34,
        "weightedAverageShsOut": 143400000,
        "weightedAverageShsOutDil": 159998000,
        "link": "https://www.sec.gov/Archives/edgar/data/936395/000093639518000037/0000936395-18-000037-index.htm",
        "finalLink": "https://www.sec.gov/Archives/edgar/data/936395/000093639518000037/a20180731-10q.htm"
    },
    {
        "date": "2018-04-30",
        "symbol": "CIEN",
        "reportedCurrency": "USD",
        "cik": "0000936395",
        "fillingDate": "2018-06-06",
        "acceptedDate": "2018-06-06 15:40:00",
        "calendarYear": "2018",
        "period": "Q2",
        "revenue": 729978000,
        "costOfRevenue": 454953000,
        "grossProfit": 275025000,
        "grossProfitRatio": 0.3767579297,
        "researchAndDevelopmentExpenses": 96023000,
        "generalAndAdministrativeExpenses": 0,
        "sellingAndMarketingExpenses": 0,
        "sellingGeneralAndAdministrativeExpenses": 136335000,
        "otherExpenses": -5908000,
        "operatingExpenses": 238266000,
        "costAndExpenses": 693219000,
        "interestIncome": 3212000,
        "interestExpense": 13031000,
        "depreciationAndAmortization": 26479000,
        "ebitda": 59841000,
        "ebitdaratio": 0.0819764431,
        "operatingIncome": 36759000,
        "operatingIncomeRatio": 0.0503563121,
        "totalOtherIncomeExpensesNet": -16428000,
        "incomeBeforeTax": 20331000,
        "incomeBeforeTaxRatio": 0.0278515243,
        "incomeTaxExpense": 6475000,
        "netIncome": 13856000,
        "netIncomeRatio": 0.018981394,
        "eps": 0.1,
        "epsdiluted": 0.09,
        "weightedAverageShsOut": 143975000,
        "weightedAverageShsOutDil": 147973000,
        "link": "https://www.sec.gov/Archives/edgar/data/936395/000093639518000024/0000936395-18-000024-index.htm",
        "finalLink": "https://www.sec.gov/Archives/edgar/data/936395/000093639518000024/a20180430-10q.htm"
    },
    {
        "date": "2018-01-31",
        "symbol": "CIEN",
        "reportedCurrency": "USD",
        "cik": "0000936395",
        "fillingDate": "2018-03-07",
        "acceptedDate": "2018-03-07 15:29:55",
        "calendarYear": "2018",
        "period": "Q1",
        "revenue": 646135000,
        "costOfRevenue": 394169000,
        "grossProfit": 251966000,
        "grossProfitRatio": 0.3899587547,
        "researchAndDevelopmentExpenses": 97620000,
        "generalAndAdministrativeExpenses": 0,
        "sellingAndMarketingExpenses": 0,
        "sellingGeneralAndAdministrativeExpenses": 126921000,
        "otherExpenses": -4657000,
        "operatingExpenses": 229198000,
        "costAndExpenses": 623367000,
        "interestIncome": 2444000,
        "interestExpense": 13734000,
        "depreciationAndAmortization": 26745000,
        "ebitda": 45056000,
        "ebitdaratio": 0.0697315576,
        "operatingIncome": 22768000,
        "operatingIncomeRatio": 0.0352372182,
        "totalOtherIncomeExpensesNet": -18191000,
        "incomeBeforeTax": 4577000,
        "incomeBeforeTaxRatio": 0.007083659,
        "incomeTaxExpense": 477940000,
        "netIncome": -473363000,
        "netIncomeRatio": -0.7326069629,
        "eps": -3.29,
        "epsdiluted": -3.29,
        "weightedAverageShsOut": 143879331,
        "weightedAverageShsOutDil": 143922000,
        "link": "https://www.sec.gov/Archives/edgar/data/936395/000093639518000013/0000936395-18-000013-index.htm",
        "finalLink": "https://www.sec.gov/Archives/edgar/data/936395/000093639518000013/a20180131-10q.htm"
    },
    {
        "date": "2017-10-31",
        "symbol": "CIEN",
        "reportedCurrency": "USD",
        "cik": "0000936395",
        "fillingDate": "2017-12-22",
        "acceptedDate": "2017-12-22 08:36:43",
        "calendarYear": "2017",
        "period": "Q4",
        "revenue": 744449000,
        "costOfRevenue": 443741000,
        "grossProfit": 300708000,
        "grossProfitRatio": 0.4039336476,
        "researchAndDevelopmentExpenses": 101387000,
        "generalAndAdministrativeExpenses": 0,
        "sellingAndMarketingExpenses": 0,
        "sellingGeneralAndAdministrativeExpenses": 132058000,
        "otherExpenses": 0,
        "operatingExpenses": 233445000,
        "costAndExpenses": 677186000,
        "interestIncome": 1970000,
        "interestExpense": 13926000,
        "depreciationAndAmortization": 27308000,
        "ebitda": 83759000,
        "ebitdaratio": 0.112511401,
        "operatingIncome": 67263000,
        "operatingIncomeRatio": 0.0903527307,
        "totalOtherIncomeExpensesNet": -24738000,
        "incomeBeforeTax": 42525000,
        "incomeBeforeTaxRatio": 0.0571227848,
        "incomeTaxExpense": -1117531000,
        "netIncome": 1160056000,
        "netIncomeRatio": 1.5582746434,
        "eps": 8.11,
        "epsdiluted": 7.32,
        "weightedAverageShsOut": 143097000,
        "weightedAverageShsOutDil": 158791000,
        "link": "https://www.sec.gov/Archives/edgar/data/936395/000093639517000064/0000936395-17-000064-index.htm",
        "finalLink": "https://www.sec.gov/Archives/edgar/data/936395/000093639517000064/a20171031financials.htm"
    },
    {
        "date": "2017-07-31",
        "symbol": "CIEN",
        "reportedCurrency": "USD",
        "cik": "0000936395",
        "fillingDate": "2017-09-07",
        "acceptedDate": "2017-09-07 16:33:07",
        "calendarYear": "2017",
        "period": "Q3",
        "revenue": 728719000,
        "costOfRevenue": 421964000,
        "grossProfit": 306755000,
        "grossProfitRatio": 0.4209510113,
        "researchAndDevelopmentExpenses": 97404000,
        "generalAndAdministrativeExpenses": 0,
        "sellingAndMarketingExpenses": 0,
        "sellingGeneralAndAdministrativeExpenses": 122308000,
        "otherExpenses": -2841000,
        "operatingExpenses": 222553000,
        "costAndExpenses": 644517000,
        "interestIncome": 1820000,
        "interestExpense": 13415000,
        "depreciationAndAmortization": 26580000,
        "ebitda": 107731000,
        "ebitdaratio": 0.1478361344,
        "operatingIncome": 84202000,
        "operatingIncomeRatio": 0.1155479684,
        "totalOtherIncomeExpensesNet": -16466000,
        "incomeBeforeTax": 67736000,
        "incomeBeforeTaxRatio": 0.092952153,
        "incomeTaxExpense": 7726000,
        "netIncome": 60010000,
        "netIncomeRatio": 0.0823499868,
        "eps": 0.42,
        "epsdiluted": 0.39,
        "weightedAverageShsOut": 142464000,
        "weightedAverageShsOutDil": 172112000,
        "link": "https://www.sec.gov/Archives/edgar/data/936395/000093639517000051/0000936395-17-000051-index.htm",
        "finalLink": "https://www.sec.gov/Archives/edgar/data/936395/000093639517000051/a20170731-10q.htm"
    },
    {
        "date": "2017-04-30",
        "symbol": "CIEN",
        "reportedCurrency": "USD",
        "cik": "0000936395",
        "fillingDate": "2017-06-07",
        "acceptedDate": "2017-06-07 14:39:13",
        "calendarYear": "2017",
        "period": "Q2",
        "revenue": 707022000,
        "costOfRevenue": 416817000,
        "grossProfit": 290205000,
        "grossProfitRatio": 0.4104610606,
        "researchAndDevelopmentExpenses": 102580000,
        "generalAndAdministrativeExpenses": 0,
        "sellingAndMarketingExpenses": 0,
        "sellingGeneralAndAdministrativeExpenses": 123541000,
        "otherExpenses": -1794000,
        "operatingExpenses": 227915000,
        "costAndExpenses": 644732000,
        "interestIncome": 1507000,
        "interestExpense": 13308000,
        "depreciationAndAmortization": 33451000,
        "ebitda": 88353000,
        "ebitdaratio": 0.124964994,
        "operatingIncome": 62290000,
        "operatingIncomeRatio": 0.0881019261,
        "totalOtherIncomeExpensesNet": -20696000,
        "incomeBeforeTax": 41594000,
        "incomeBeforeTaxRatio": 0.0588298525,
        "incomeTaxExpense": 3568000,
        "netIncome": 38026000,
        "netIncomeRatio": 0.0537833335,
        "eps": 0.27,
        "epsdiluted": 0.25,
        "weightedAverageShsOut": 141743000,
        "weightedAverageShsOutDil": 165273000,
        "link": "https://www.sec.gov/Archives/edgar/data/936395/000093639517000038/0000936395-17-000038-index.htm",
        "finalLink": "https://www.sec.gov/Archives/edgar/data/936395/000093639517000038/a20170430-10q.htm"
    },
    {
        "date": "2017-01-31",
        "symbol": "CIEN",
        "reportedCurrency": "USD",
        "cik": "0000936395",
        "fillingDate": "2017-03-08",
        "acceptedDate": "2017-03-08 12:33:38",
        "calendarYear": "2017",
        "period": "Q1",
        "revenue": 621497000,
        "costOfRevenue": 378409000,
        "grossProfit": 243088000,
        "grossProfitRatio": 0.3911330224,
        "researchAndDevelopmentExpenses": 102364000,
        "generalAndAdministrativeExpenses": 0,
        "sellingAndMarketingExpenses": 0,
        "sellingGeneralAndAdministrativeExpenses": 120866000,
        "otherExpenses": -553000,
        "operatingExpenses": 223783000,
        "costAndExpenses": 602192000,
        "interestIncome": 1282000,
        "interestExpense": 15203000,
        "depreciationAndAmortization": 35563000,
        "ebitda": 55037000,
        "ebitdaratio": 0.0885555361,
        "operatingIncome": 19305000,
        "operatingIncomeRatio": 0.0310620968,
        "totalOtherIncomeExpensesNet": -15034000,
        "incomeBeforeTax": 4271000,
        "incomeBeforeTaxRatio": 0.0068721168,
        "incomeTaxExpense": 410000,
        "netIncome": 3861000,
        "netIncomeRatio": 0.0062124194,
        "eps": 0.03,
        "epsdiluted": 0.03,
        "weightedAverageShsOut": 140682000,
        "weightedAverageShsOutDil": 142184000,
        "link": "https://www.sec.gov/Archives/edgar/data/936395/000093639517000020/0000936395-17-000020-index.htm",
        "finalLink": "https://www.sec.gov/Archives/edgar/data/936395/000093639517000020/a20170131-10q.htm"
    },
    {
        "date": "2016-10-31",
        "symbol": "CIEN",
        "reportedCurrency": "USD",
        "cik": "0000936395",
        "fillingDate": "2016-12-21",
        "acceptedDate": "2016-12-21 17:26:49",
        "calendarYear": "2016",
        "period": "Q4",
        "revenue": 716191000,
        "costOfRevenue": 428964000,
        "grossProfit": 287227000,
        "grossProfitRatio": 0.4010480444,
        "researchAndDevelopmentExpenses": 95678000,
        "generalAndAdministrativeExpenses": 0,
        "sellingAndMarketingExpenses": 0,
        "sellingGeneralAndAdministrativeExpenses": 129000000,
        "otherExpenses": 0,
        "operatingExpenses": 224678000,
        "costAndExpenses": 653642000,
        "interestIncome": 2479000,
        "interestExpense": 16710000,
        "depreciationAndAmortization": 35640000,
        "ebitda": 93974000,
        "ebitdaratio": 0.1312136008,
        "operatingIncome": 62549000,
        "operatingIncomeRatio": 0.0873356409,
        "totalOtherIncomeExpensesNet": -19586000,
        "incomeBeforeTax": 42963000,
        "incomeBeforeTaxRatio": 0.0599881875,
        "incomeTaxExpense": 6376000,
        "netIncome": 36587000,
        "netIncomeRatio": 0.0510855344,
        "eps": 0.26,
        "epsdiluted": 0.25,
        "weightedAverageShsOut": 139741000,
        "weightedAverageShsOutDil": 165298000,
        "link": "https://www.sec.gov/Archives/edgar/data/936395/000093639516000128/0000936395-16-000128-index.htm",
        "finalLink": "https://www.sec.gov/Archives/edgar/data/936395/000093639516000128/a20161031financials.htm"
    },
    {
        "date": "2016-07-31",
        "symbol": "CIEN",
        "reportedCurrency": "USD",
        "cik": "0000936395",
        "fillingDate": "2016-09-07",
        "acceptedDate": "2016-09-07 15:00:57",
        "calendarYear": "2016",
        "period": "Q3",
        "revenue": 670550000,
        "costOfRevenue": 392981000,
        "grossProfit": 277569000,
        "grossProfitRatio": 0.4139422862,
        "researchAndDevelopmentExpenses": 103194000,
        "generalAndAdministrativeExpenses": 0,
        "sellingAndMarketingExpenses": 0,
        "sellingGeneralAndAdministrativeExpenses": 118768000,
        "otherExpenses": 0,
        "operatingExpenses": 221962000,
        "costAndExpenses": 614943000,
        "interestIncome": 1250000,
        "interestExpense": 15967000,
        "depreciationAndAmortization": 35327000,
        "ebitda": 90934000,
        "ebitdaratio": 0.1356110655,
        "operatingIncome": 55607000,
        "operatingIncomeRatio": 0.0829274476,
        "totalOtherIncomeExpensesNet": -18197000,
        "incomeBeforeTax": 37410000,
        "incomeBeforeTaxRatio": 0.0557900231,
        "incomeTaxExpense": 3864000,
        "netIncome": 33546000,
        "netIncomeRatio": 0.0500275893,
        "eps": 0.24,
        "epsdiluted": 0.23,
        "weightedAverageShsOut": 138881000,
        "weightedAverageShsOutDil": 169349000,
        "link": "https://www.sec.gov/Archives/edgar/data/936395/000093639516000115/0000936395-16-000115-index.htm",
        "finalLink": "https://www.sec.gov/Archives/edgar/data/936395/000093639516000115/a20160731-10q.htm"
    },
    {
        "date": "2016-04-30",
        "symbol": "CIEN",
        "reportedCurrency": "USD",
        "cik": "0000936395",
        "fillingDate": "2016-06-08",
        "acceptedDate": "2016-06-08 15:47:23",
        "calendarYear": "2016",
        "period": "Q2",
        "revenue": 640717000,
        "costOfRevenue": 357624000,
        "grossProfit": 283093000,
        "grossProfitRatio": 0.4418378161,
        "researchAndDevelopmentExpenses": 114603000,
        "generalAndAdministrativeExpenses": 35203000,
        "sellingAndMarketingExpenses": 86668000,
        "sellingGeneralAndAdministrativeExpenses": 121871000,
        "otherExpenses": 15566000,
        "operatingExpenses": 252040000,
        "costAndExpenses": 609664000,
        "interestIncome": 967000,
        "interestExpense": 12608000,
        "depreciationAndAmortization": 35770000,
        "ebitda": 64970000,
        "ebitdaratio": 0.101402023,
        "operatingIncome": 28233000,
        "operatingIncomeRatio": 0.0440646963,
        "totalOtherIncomeExpensesNet": -11641000,
        "incomeBeforeTax": 16592000,
        "incomeBeforeTaxRatio": 0.0258959884,
        "incomeTaxExpense": 2595000,
        "netIncome": 13997000,
        "netIncomeRatio": 0.0218458383,
        "eps": 0.1,
        "epsdiluted": 0.1,
        "weightedAverageShsOut": 137950000,
        "weightedAverageShsOutDil": 138889000,
        "link": "https://www.sec.gov/Archives/edgar/data/936395/000093639516000104/0000936395-16-000104-index.htm",
        "finalLink": "https://www.sec.gov/Archives/edgar/data/936395/000093639516000104/a20160430-10q.htm"
    },
    {
        "date": "2016-01-31",
        "symbol": "CIEN",
        "reportedCurrency": "USD",
        "cik": "0000936395",
        "fillingDate": "2016-03-09",
        "acceptedDate": "2016-03-09 17:04:21",
        "calendarYear": "2016",
        "period": "Q1",
        "revenue": 573115000,
        "costOfRevenue": 321665000,
        "grossProfit": 251450000,
        "grossProfitRatio": 0.4387426607,
        "researchAndDevelopmentExpenses": 108046000,
        "generalAndAdministrativeExpenses": 31142000,
        "sellingAndMarketingExpenses": 82478000,
        "sellingGeneralAndAdministrativeExpenses": 113620000,
        "otherExpenses": 16862000,
        "operatingExpenses": 238528000,
        "costAndExpenses": 560193000,
        "interestIncome": 686000,
        "interestExpense": 21486000,
        "depreciationAndAmortization": 34955000,
        "ebitda": 37418000,
        "ebitdaratio": 0.0652888164,
        "operatingIncome": 11239000,
        "operatingIncomeRatio": 0.0196103749,
        "totalOtherIncomeExpensesNet": -21486000,
        "incomeBeforeTax": -10247000,
        "incomeBeforeTaxRatio": -0.0178794832,
        "incomeTaxExpense": 1299000,
        "netIncome": -11546000,
        "netIncomeRatio": -0.020146044,
        "eps": -0.0845,
        "epsdiluted": -0.0845,
        "weightedAverageShsOut": 136675000,
        "weightedAverageShsOutDil": 136675000,
        "link": "https://www.sec.gov/Archives/edgar/data/936395/000093639516000083/0000936395-16-000083-index.htm",
        "finalLink": "https://www.sec.gov/Archives/edgar/data/936395/000093639516000083/a20160131-10q.htm"
    },
    {
        "date": "2015-10-31",
        "symbol": "CIEN",
        "reportedCurrency": "USD",
        "cik": "0000936395",
        "fillingDate": "2015-12-21",
        "acceptedDate": "2015-12-21 12:54:43",
        "calendarYear": "2015",
        "period": "Q4",
        "revenue": 691973000,
        "costOfRevenue": 388985000,
        "grossProfit": 302988000,
        "grossProfitRatio": 0.4378610148,
        "researchAndDevelopmentExpenses": 107859000,
        "generalAndAdministrativeExpenses": 33804000,
        "sellingAndMarketingExpenses": 93003000,
        "sellingGeneralAndAdministrativeExpenses": 126807000,
        "otherExpenses": 36454000,
        "operatingExpenses": 271120000,
        "costAndExpenses": 660105000,
        "interestIncome": 6622000,
        "interestExpense": 18920000,
        "depreciationAndAmortization": 54507000,
        "ebitda": 57693000,
        "ebitdaratio": 0.0833746403,
        "operatingIncome": 9418000,
        "operatingIncomeRatio": 0.0136103576,
        "totalOtherIncomeExpensesNet": -18920000,
        "incomeBeforeTax": -9502000,
        "incomeBeforeTaxRatio": -0.0137317496,
        "incomeTaxExpense": 4330000,
        "netIncome": -13832000,
        "netIncomeRatio": -0.0199892192,
        "eps": -0.1,
        "epsdiluted": -0.1,
        "weightedAverageShsOut": 134097000,
        "weightedAverageShsOutDil": 134097000,
        "link": "https://www.sec.gov/Archives/edgar/data/936395/000093639515000062/0000936395-15-000062-index.htm",
        "finalLink": "https://www.sec.gov/Archives/edgar/data/936395/000093639515000062/a20151031financials.htm"
    },
    {
        "date": "2015-08-01",
        "symbol": "CIEN",
        "reportedCurrency": "USD",
        "cik": "0000936395",
        "fillingDate": "2015-09-09",
        "acceptedDate": "2015-09-09 17:15:55",
        "calendarYear": "2015",
        "period": "Q3",
        "revenue": 602932000,
        "costOfRevenue": 333063000,
        "grossProfit": 269869000,
        "grossProfitRatio": 0.4475944219,
        "researchAndDevelopmentExpenses": 100379000,
        "generalAndAdministrativeExpenses": 29743000,
        "sellingAndMarketingExpenses": 81650000,
        "sellingGeneralAndAdministrativeExpenses": 111393000,
        "otherExpenses": 11019000,
        "operatingExpenses": 222791000,
        "costAndExpenses": 555854000,
        "interestIncome": 323000,
        "interestExpense": 17374000,
        "depreciationAndAmortization": 27499000,
        "ebitda": 66459000,
        "ebitdaratio": 0.1102263605,
        "operatingIncome": 44451000,
        "operatingIncomeRatio": 0.0737247318,
        "totalOtherIncomeExpensesNet": -17374000,
        "incomeBeforeTax": 27077000,
        "incomeBeforeTaxRatio": 0.0449088786,
        "incomeTaxExpense": 3452000,
        "netIncome": 23625000,
        "netIncomeRatio": 0.0391835232,
        "eps": 0.2,
        "epsdiluted": 0.19,
        "weightedAverageShsOut": 118413000,
        "weightedAverageShsOutDil": 133233000,
        "link": "https://www.sec.gov/Archives/edgar/data/936395/000093639515000053/0000936395-15-000053-index.htm",
        "finalLink": "https://www.sec.gov/Archives/edgar/data/936395/000093639515000053/a20150731-10q.htm"
    },
    {
        "date": "2015-05-02",
        "symbol": "CIEN",
        "reportedCurrency": "USD",
        "cik": "0000936395",
        "fillingDate": "2015-06-10",
        "acceptedDate": "2015-06-10 17:25:29",
        "calendarYear": "2015",
        "period": "Q2",
        "revenue": 621602000,
        "costOfRevenue": 349191000,
        "grossProfit": 272411000,
        "grossProfitRatio": 0.4382402245,
        "researchAndDevelopmentExpenses": 105202000,
        "generalAndAdministrativeExpenses": 30302000,
        "sellingAndMarketingExpenses": 82471000,
        "sellingGeneralAndAdministrativeExpenses": 112773000,
        "otherExpenses": 11019000,
        "operatingExpenses": 228994000,
        "costAndExpenses": 578185000,
        "interestIncome": 246000,
        "interestExpense": 18496000,
        "depreciationAndAmortization": 26770000,
        "ebitda": 63635000,
        "ebitdaratio": 0.1023725792,
        "operatingIncome": 42414000,
        "operatingIncomeRatio": 0.0682333712,
        "totalOtherIncomeExpensesNet": -18496000,
        "incomeBeforeTax": 23918000,
        "incomeBeforeTaxRatio": 0.0384779972,
        "incomeTaxExpense": 3265000,
        "netIncome": 20653000,
        "netIncomeRatio": 0.0332254401,
        "eps": 0.18,
        "epsdiluted": 0.17,
        "weightedAverageShsOut": 113555000,
        "weightedAverageShsOutDil": 128017000,
        "link": "https://www.sec.gov/Archives/edgar/data/936395/000093639515000038/0000936395-15-000038-index.htm",
        "finalLink": "https://www.sec.gov/Archives/edgar/data/936395/000093639515000038/a20150430-10q.htm"
    },
    {
        "date": "2015-01-31",
        "symbol": "CIEN",
        "reportedCurrency": "USD",
        "cik": "0000936395",
        "fillingDate": "2015-03-12",
        "acceptedDate": "2015-03-11 17:35:22",
        "calendarYear": "2015",
        "period": "Q1",
        "revenue": 529162000,
        "costOfRevenue": 298867000,
        "grossProfit": 230295000,
        "grossProfitRatio": 0.4352069877,
        "researchAndDevelopmentExpenses": 100761000,
        "generalAndAdministrativeExpenses": 29553000,
        "sellingAndMarketingExpenses": 76712000,
        "sellingGeneralAndAdministrativeExpenses": 106265000,
        "otherExpenses": 11019000,
        "operatingExpenses": 218045000,
        "costAndExpenses": 516912000,
        "interestIncome": 218000,
        "interestExpense": 21894000,
        "depreciationAndAmortization": 26991000,
        "ebitda": 22923000,
        "ebitdaratio": 0.0433194371,
        "operatingIncome": 4165000,
        "operatingIncomeRatio": 0.0078709356,
        "totalOtherIncomeExpensesNet": -21894000,
        "incomeBeforeTax": -17729000,
        "incomeBeforeTaxRatio": -0.0335039175,
        "incomeTaxExpense": 1050000,
        "netIncome": -18779000,
        "netIncomeRatio": -0.035488187,
        "eps": -0.17,
        "epsdiluted": -0.17,
        "weightedAverageShsOut": 107773000,
        "weightedAverageShsOutDil": 107773000,
        "link": "https://www.sec.gov/Archives/edgar/data/936395/000093639515000024/0000936395-15-000024-index.htm",
        "finalLink": "https://www.sec.gov/Archives/edgar/data/936395/000093639515000024/a20150131-10q.htm"
    },
    {
        "date": "2014-10-31",
        "symbol": "CIEN",
        "reportedCurrency": "USD",
        "cik": "0000936395",
        "fillingDate": "2014-12-19",
        "acceptedDate": "2014-12-19 16:27:04",
        "calendarYear": "2014",
        "period": "Q4",
        "revenue": 590963000,
        "costOfRevenue": 370126000,
        "grossProfit": 220837000,
        "grossProfitRatio": 0.3736900618,
        "researchAndDevelopmentExpenses": 98506000,
        "generalAndAdministrativeExpenses": 28560000,
        "sellingAndMarketingExpenses": 84396000,
        "sellingGeneralAndAdministrativeExpenses": 112956000,
        "otherExpenses": 11019000,
        "operatingExpenses": 222481000,
        "costAndExpenses": 592607000,
        "interestIncome": 14638000,
        "interestExpense": 24590000,
        "depreciationAndAmortization": 27373000,
        "ebitda": 14527000,
        "ebitdaratio": 0.0245819112,
        "operatingIncome": -1815000,
        "operatingIncomeRatio": -0.0030712583,
        "totalOtherIncomeExpensesNet": -24590000,
        "incomeBeforeTax": -26405000,
        "incomeBeforeTaxRatio": -0.0446813083,
        "incomeTaxExpense": 4298000,
        "netIncome": -30703000,
        "netIncomeRatio": -0.0519541833,
        "eps": -0.29,
        "epsdiluted": -0.29,
        "weightedAverageShsOut": 106902734,
        "weightedAverageShsOutDil": 106931000,
        "link": "https://www.sec.gov/Archives/edgar/data/936395/000093639514000063/0000936395-14-000063-index.htm",
        "finalLink": "https://www.sec.gov/Archives/edgar/data/936395/000093639514000063/a20141031financials.htm"
    },
    {
        "date": "2014-07-31",
        "symbol": "CIEN",
        "reportedCurrency": "USD",
        "cik": "0000936395",
        "fillingDate": "2014-09-09",
        "acceptedDate": "2014-09-08 17:37:54",
        "calendarYear": "2014",
        "period": "Q3",
        "revenue": 603562000,
        "costOfRevenue": 339589000,
        "grossProfit": 263973000,
        "grossProfitRatio": 0.4373585481,
        "researchAndDevelopmentExpenses": 97685000,
        "generalAndAdministrativeExpenses": 36285000,
        "sellingAndMarketingExpenses": 81919000,
        "sellingGeneralAndAdministrativeExpenses": 118204000,
        "otherExpenses": 11019000,
        "operatingExpenses": 226908000,
        "costAndExpenses": 566497000,
        "interestIncome": 88000,
        "interestExpense": 17836000,
        "depreciationAndAmortization": 27539000,
        "ebitda": 58213000,
        "ebitdaratio": 0.0964490806,
        "operatingIncome": 37002000,
        "operatingIncomeRatio": 0.0613060464,
        "totalOtherIncomeExpensesNet": -17836000,
        "incomeBeforeTax": 19166000,
        "incomeBeforeTaxRatio": 0.0317548156,
        "incomeTaxExpense": 3006000,
        "netIncome": 16160000,
        "netIncomeRatio": 0.0267743827,
        "eps": 0.15,
        "epsdiluted": 0.15,
        "weightedAverageShsOut": 106236000,
        "weightedAverageShsOutDil": 120809000,
        "link": "https://www.sec.gov/Archives/edgar/data/936395/000093639514000051/0000936395-14-000051-index.htm",
        "finalLink": "https://www.sec.gov/Archives/edgar/data/936395/000093639514000051/a20140731-10q.htm"
    },
    {
        "date": "2014-04-30",
        "symbol": "CIEN",
        "reportedCurrency": "USD",
        "cik": "0000936395",
        "fillingDate": "2014-06-11",
        "acceptedDate": "2014-06-11 16:59:09",
        "calendarYear": "2014",
        "period": "Q2",
        "revenue": 560061000,
        "costOfRevenue": 322370000,
        "grossProfit": 237691000,
        "grossProfitRatio": 0.4244019848,
        "researchAndDevelopmentExpenses": 103492000,
        "generalAndAdministrativeExpenses": 31882000,
        "sellingAndMarketingExpenses": 83662000,
        "sellingGeneralAndAdministrativeExpenses": 115544000,
        "otherExpenses": 11493000,
        "operatingExpenses": 230529000,
        "costAndExpenses": 552899000,
        "interestIncome": 69000,
        "interestExpense": 12925000,
        "depreciationAndAmortization": 27637000,
        "ebitda": 32894000,
        "ebitdaratio": 0.058732888,
        "operatingIncome": 7162000,
        "operatingIncomeRatio": 0.0127878927,
        "totalOtherIncomeExpensesNet": -12925000,
        "incomeBeforeTax": -5763000,
        "incomeBeforeTaxRatio": -0.0102899506,
        "incomeTaxExpense": 4395000,
        "netIncome": -10158000,
        "netIncomeRatio": -0.01813731,
        "eps": -0.1,
        "epsdiluted": -0.0963,
        "weightedAverageShsOut": 101580000,
        "weightedAverageShsOutDil": 105451000,
        "link": "https://www.sec.gov/Archives/edgar/data/936395/000093639514000040/0000936395-14-000040-index.htm",
        "finalLink": "https://www.sec.gov/Archives/edgar/data/936395/000093639514000040/a20140430-10q.htm"
    },
    {
        "date": "2014-01-31",
        "symbol": "CIEN",
        "reportedCurrency": "USD",
        "cik": "0000936395",
        "fillingDate": "2014-03-07",
        "acceptedDate": "2014-03-07 16:51:10",
        "calendarYear": "2014",
        "period": "Q1",
        "revenue": 533703000,
        "costOfRevenue": 307852000,
        "grossProfit": 225851000,
        "grossProfitRatio": 0.4231773102,
        "researchAndDevelopmentExpenses": 101497000,
        "generalAndAdministrativeExpenses": 30097000,
        "sellingAndMarketingExpenses": 78348000,
        "sellingGeneralAndAdministrativeExpenses": 108445000,
        "otherExpenses": 12439000,
        "operatingExpenses": 222381000,
        "costAndExpenses": 530233000,
        "interestIncome": 78000,
        "interestExpense": 17026000,
        "depreciationAndAmortization": 30218000,
        "ebitda": 27575000,
        "ebitdaratio": 0.0516673131,
        "operatingIncome": 3355000,
        "operatingIncomeRatio": 0.0062862678,
        "totalOtherIncomeExpensesNet": -17026000,
        "incomeBeforeTax": -13671000,
        "incomeBeforeTaxRatio": -0.0256153703,
        "incomeTaxExpense": 2265000,
        "netIncome": -15936000,
        "netIncomeRatio": -0.0298593038,
        "eps": -0.15,
        "epsdiluted": -0.15,
        "weightedAverageShsOut": 104501000,
        "weightedAverageShsOutDil": 104501000,
        "link": "https://www.sec.gov/Archives/edgar/data/936395/000093639514000021/0000936395-14-000021-index.htm",
        "finalLink": "https://www.sec.gov/Archives/edgar/data/936395/000093639514000021/a20140131-10q.htm"
    },
    {
        "date": "2013-10-31",
        "symbol": "CIEN",
        "reportedCurrency": "USD",
        "cik": "0000936395",
        "fillingDate": "2013-12-20",
        "acceptedDate": "2013-12-20 16:47:30",
        "calendarYear": "2013",
        "period": "Q4",
        "revenue": 583385000,
        "costOfRevenue": 351739000,
        "grossProfit": 231646000,
        "grossProfitRatio": 0.3970722593,
        "researchAndDevelopmentExpenses": 100427000,
        "generalAndAdministrativeExpenses": 31275000,
        "sellingAndMarketingExpenses": 87494000,
        "sellingGeneralAndAdministrativeExpenses": 118769000,
        "otherExpenses": 12439000,
        "operatingExpenses": 231635000,
        "costAndExpenses": 583374000,
        "interestIncome": 276000,
        "interestExpense": 10670000,
        "depreciationAndAmortization": 30909000,
        "ebitda": 30492000,
        "ebitdaratio": 0.0522673706,
        "operatingIncome": -417000,
        "operatingIncomeRatio": -0.0007147938,
        "totalOtherIncomeExpensesNet": -10670000,
        "incomeBeforeTax": -11087000,
        "incomeBeforeTaxRatio": -0.0190046024,
        "incomeTaxExpense": -1290000,
        "netIncome": -9797000,
        "netIncomeRatio": -0.0167933697,
        "eps": -0.0946,
        "epsdiluted": -0.0946,
        "weightedAverageShsOut": 103523000,
        "weightedAverageShsOutDil": 103523000,
        "link": "https://www.sec.gov/Archives/edgar/data/936395/000093639513000057/0000936395-13-000057-index.htm",
        "finalLink": "https://www.sec.gov/Archives/edgar/data/936395/000093639513000057/a20131031financials.htm"
    },
    {
        "date": "2013-07-31",
        "symbol": "CIEN",
        "reportedCurrency": "USD",
        "cik": "0000936395",
        "fillingDate": "2013-09-11",
        "acceptedDate": "2013-09-11 13:36:03",
        "calendarYear": "2013",
        "period": "Q3",
        "revenue": 538356000,
        "costOfRevenue": 310135000,
        "grossProfit": 228221000,
        "grossProfitRatio": 0.4239220887,
        "researchAndDevelopmentExpenses": 93069000,
        "generalAndAdministrativeExpenses": 32066000,
        "sellingAndMarketingExpenses": 75613000,
        "sellingGeneralAndAdministrativeExpenses": 107679000,
        "otherExpenses": 12440000,
        "operatingExpenses": 213188000,
        "costAndExpenses": 523323000,
        "interestIncome": 0,
        "interestExpense": 14139000,
        "depreciationAndAmortization": 31580000,
        "ebitda": 43244000,
        "ebitdaratio": 0.0803260296,
        "operatingIncome": 14831000,
        "operatingIncomeRatio": 0.0275486853,
        "totalOtherIncomeExpensesNet": -14139000,
        "incomeBeforeTax": 692000,
        "incomeBeforeTaxRatio": 0.0012853948,
        "incomeTaxExpense": 1923000,
        "netIncome": -1231000,
        "netIncomeRatio": -0.002286591,
        "eps": -0.012,
        "epsdiluted": -0.012,
        "weightedAverageShsOut": 102713000,
        "weightedAverageShsOutDil": 102713000,
        "link": "https://www.sec.gov/Archives/edgar/data/936395/000093639513000040/0000936395-13-000040-index.htm",
        "finalLink": "https://www.sec.gov/Archives/edgar/data/936395/000093639513000040/a20130731-10q.htm"
    },
    {
        "date": "2013-04-30",
        "symbol": "CIEN",
        "reportedCurrency": "USD",
        "cik": "0000936395",
        "fillingDate": "2013-06-12",
        "acceptedDate": "2013-06-12 16:40:28",
        "calendarYear": "2013",
        "period": "Q2",
        "revenue": 507712000,
        "costOfRevenue": 298199000,
        "grossProfit": 209513000,
        "grossProfitRatio": 0.412661115,
        "researchAndDevelopmentExpenses": 100787000,
        "generalAndAdministrativeExpenses": 30883000,
        "sellingAndMarketingExpenses": 74475000,
        "sellingGeneralAndAdministrativeExpenses": 105358000,
        "otherExpenses": 12439000,
        "operatingExpenses": 218584000,
        "costAndExpenses": 516783000,
        "interestIncome": 0,
        "interestExpense": 14108000,
        "depreciationAndAmortization": 31935000,
        "ebitda": 21355000,
        "ebitdaratio": 0.0420612473,
        "operatingIncome": -10580000,
        "operatingIncomeRatio": -0.0208385857,
        "totalOtherIncomeExpensesNet": -14108000,
        "incomeBeforeTax": -24688000,
        "incomeBeforeTaxRatio": -0.0486259927,
        "incomeTaxExpense": 2391000,
        "netIncome": -27079000,
        "netIncomeRatio": -0.0533353555,
        "eps": -0.27,
        "epsdiluted": -0.27,
        "weightedAverageShsOut": 100292592,
        "weightedAverageShsOutDil": 101913000,
        "link": "https://www.sec.gov/Archives/edgar/data/936395/000093639513000029/0000936395-13-000029-index.htm",
        "finalLink": "https://www.sec.gov/Archives/edgar/data/936395/000093639513000029/a20130430-10q.htm"
    },
    {
        "date": "2013-01-31",
        "symbol": "CIEN",
        "reportedCurrency": "USD",
        "cik": "0000936395",
        "fillingDate": "2013-03-13",
        "acceptedDate": "2013-03-13 16:22:02",
        "calendarYear": "2013",
        "period": "Q1",
        "revenue": 453093000,
        "costOfRevenue": 257298000,
        "grossProfit": 195795000,
        "grossProfitRatio": 0.4321298277,
        "researchAndDevelopmentExpenses": 89125000,
        "generalAndAdministrativeExpenses": 28208000,
        "sellingAndMarketingExpenses": 66588000,
        "sellingGeneralAndAdministrativeExpenses": 94796000,
        "otherExpenses": 12453000,
        "operatingExpenses": 196374000,
        "costAndExpenses": 453672000,
        "interestIncome": 0,
        "interestExpense": 10869000,
        "depreciationAndAmortization": 32583000,
        "ebitda": -1656000,
        "ebitdaratio": -0.0036548788,
        "operatingIncome": -5609000,
        "operatingIncomeRatio": -0.012379357,
        "totalOtherIncomeExpensesNet": -39499000,
        "incomeBeforeTax": -45108000,
        "incomeBeforeTaxRatio": -0.0995557203,
        "incomeTaxExpense": 2216000,
        "netIncome": -47324000,
        "netIncomeRatio": -0.1044465485,
        "eps": -0.47,
        "epsdiluted": -0.47,
        "weightedAverageShsOut": 100689361,
        "weightedAverageShsOutDil": 101204000,
        "link": "https://www.sec.gov/Archives/edgar/data/936395/000093639513000019/0000936395-13-000019-index.htm",
        "finalLink": "https://www.sec.gov/Archives/edgar/data/936395/000093639513000019/a20130131-10q.htm"
    },
    {
        "date": "2012-10-31",
        "symbol": "CIEN",
        "reportedCurrency": "USD",
        "cik": "0000936395",
        "fillingDate": "2012-12-21",
        "acceptedDate": "2012-12-21 16:21:52",
        "calendarYear": "2012",
        "period": "Q4",
        "revenue": 465531000,
        "costOfRevenue": 273325000,
        "grossProfit": 192206000,
        "grossProfitRatio": 0.4128747602,
        "researchAndDevelopmentExpenses": 95801000,
        "generalAndAdministrativeExpenses": 29772000,
        "sellingAndMarketingExpenses": 74013000,
        "sellingGeneralAndAdministrativeExpenses": 103785000,
        "otherExpenses": 12545000,
        "operatingExpenses": 212011000,
        "costAndExpenses": 485336000,
        "interestIncome": 0,
        "interestExpense": 14308000,
        "depreciationAndAmortization": 34117000,
        "ebitda": 23914000,
        "ebitdaratio": 0.0513692966,
        "operatingIncome": -21935000,
        "operatingIncomeRatio": -0.047118237,
        "totalOtherIncomeExpensesNet": -16298000,
        "incomeBeforeTax": -36243000,
        "incomeBeforeTaxRatio": -0.0778530323,
        "incomeTaxExpense": 2528000,
        "netIncome": -38771000,
        "netIncomeRatio": -0.0832833904,
        "eps": -0.39,
        "epsdiluted": -0.39,
        "weightedAverageShsOut": 99438827,
        "weightedAverageShsOutDil": 100506000,
        "link": "https://www.sec.gov/Archives/edgar/data/936395/000093639512000075/0000936395-12-000075-index.htm",
        "finalLink": "https://www.sec.gov/Archives/edgar/data/936395/000093639512000075/a2012103110k.htm"
    },
    {
        "date": "2012-07-31",
        "symbol": "CIEN",
        "reportedCurrency": "USD",
        "cik": "0000936395",
        "fillingDate": "2012-09-05",
        "acceptedDate": "2012-09-05 16:20:15",
        "calendarYear": "2012",
        "period": "Q3",
        "revenue": 474090000,
        "costOfRevenue": 292769000,
        "grossProfit": 181321000,
        "grossProfitRatio": 0.3824611361,
        "researchAndDevelopmentExpenses": 88315000,
        "generalAndAdministrativeExpenses": 27870000,
        "sellingAndMarketingExpenses": 65397000,
        "sellingGeneralAndAdministrativeExpenses": 93267000,
        "otherExpenses": 12714000,
        "operatingExpenses": 194302000,
        "costAndExpenses": 487071000,
        "interestIncome": 0,
        "interestExpense": 9597000,
        "depreciationAndAmortization": 32535000,
        "ebitda": 17263000,
        "ebitdaratio": 0.0364129174,
        "operatingIncome": -15272000,
        "operatingIncomeRatio": -0.0322132928,
        "totalOtherIncomeExpensesNet": -12055000,
        "incomeBeforeTax": -27327000,
        "incomeBeforeTaxRatio": -0.0576409542,
        "incomeTaxExpense": 2490000,
        "netIncome": -29817000,
        "netIncomeRatio": -0.0628931216,
        "eps": -0.3,
        "epsdiluted": -0.3,
        "weightedAverageShsOut": 99530000,
        "weightedAverageShsOutDil": 99530000,
        "link": "https://www.sec.gov/Archives/edgar/data/936395/000093639512000059/0000936395-12-000059-index.htm",
        "finalLink": "https://www.sec.gov/Archives/edgar/data/936395/000093639512000059/a20120731-10q.htm"
    },
    {
        "date": "2012-04-30",
        "symbol": "CIEN",
        "reportedCurrency": "USD",
        "cik": "0000936395",
        "fillingDate": "2012-06-06",
        "acceptedDate": "2012-06-06 17:01:03",
        "calendarYear": "2012",
        "period": "Q2",
        "revenue": 477617000,
        "costOfRevenue": 294676000,
        "grossProfit": 182941000,
        "grossProfitRatio": 0.383028661,
        "researchAndDevelopmentExpenses": 90399000,
        "generalAndAdministrativeExpenses": 27080000,
        "sellingAndMarketingExpenses": 62517000,
        "sellingGeneralAndAdministrativeExpenses": 89597000,
        "otherExpenses": 12967000,
        "operatingExpenses": 192553000,
        "costAndExpenses": 487229000,
        "interestIncome": 0,
        "interestExpense": 9646000,
        "depreciationAndAmortization": 32808000,
        "ebitda": 21345000,
        "ebitdaratio": 0.0446906203,
        "operatingIncome": -11463000,
        "operatingIncomeRatio": -0.024000402,
        "totalOtherIncomeExpensesNet": -14033000,
        "incomeBeforeTax": -25496000,
        "incomeBeforeTaxRatio": -0.0533816845,
        "incomeTaxExpense": 2284000,
        "netIncome": -27780000,
        "netIncomeRatio": -0.0581637588,
        "eps": -0.28,
        "epsdiluted": -0.28,
        "weightedAverageShsOut": 98981000,
        "weightedAverageShsOutDil": 98981000,
        "link": "https://www.sec.gov/Archives/edgar/data/936395/000093639512000047/0000936395-12-000047-index.htm",
        "finalLink": "https://www.sec.gov/Archives/edgar/data/936395/000093639512000047/a20120430-10q.htm"
    },
    {
        "date": "2012-01-31",
        "symbol": "CIEN",
        "reportedCurrency": "USD",
        "cik": "0000936395",
        "fillingDate": "2012-03-08",
        "acceptedDate": "2012-03-08 16:28:06",
        "calendarYear": "2012",
        "period": "Q1",
        "revenue": 416685000,
        "costOfRevenue": 248929000,
        "grossProfit": 167756000,
        "grossProfitRatio": 0.4025966857,
        "researchAndDevelopmentExpenses": 89664000,
        "generalAndAdministrativeExpenses": 29400000,
        "sellingAndMarketingExpenses": 64411000,
        "sellingGeneralAndAdministrativeExpenses": 93811000,
        "otherExpenses": 13471000,
        "operatingExpenses": 197210000,
        "costAndExpenses": 446139000,
        "interestIncome": 0,
        "interestExpense": 9570000,
        "depreciationAndAmortization": 34136000,
        "ebitda": 2960000,
        "ebitdaratio": 0.0071036874,
        "operatingIncome": -31176000,
        "operatingIncomeRatio": -0.074819108,
        "totalOtherIncomeExpensesNet": -14457000,
        "incomeBeforeTax": -45633000,
        "incomeBeforeTaxRatio": -0.1095143814,
        "incomeTaxExpense": 2020000,
        "netIncome": -47653000,
        "netIncomeRatio": -0.1143621681,
        "eps": -0.49,
        "epsdiluted": -0.49,
        "weightedAverageShsOut": 98066000,
        "weightedAverageShsOutDil": 98066000,
        "link": "https://www.sec.gov/Archives/edgar/data/936395/000093639512000028/0000936395-12-000028-index.htm",
        "finalLink": "https://www.sec.gov/Archives/edgar/data/936395/000093639512000028/a2012131-10q.htm"
    },
    {
        "date": "2011-10-31",
        "symbol": "CIEN",
        "reportedCurrency": "USD",
        "cik": "0000936395",
        "fillingDate": "2011-12-22",
        "acceptedDate": "2011-12-22 15:51:38",
        "calendarYear": "2011",
        "period": "Q4",
        "revenue": 455455000,
        "costOfRevenue": 265545000,
        "grossProfit": 189910000,
        "grossProfitRatio": 0.4169676477,
        "researchAndDevelopmentExpenses": 91232000,
        "generalAndAdministrativeExpenses": 27276000,
        "sellingAndMarketingExpenses": 71235000,
        "sellingGeneralAndAdministrativeExpenses": 98511000,
        "otherExpenses": 13534000,
        "operatingExpenses": 203277000,
        "costAndExpenses": 468822000,
        "interestIncome": 0,
        "interestExpense": 9500000,
        "depreciationAndAmortization": 34749000,
        "ebitda": 24388000,
        "ebitdaratio": 0.0535464535,
        "operatingIncome": -16298000,
        "operatingIncomeRatio": -0.0357839962,
        "totalOtherIncomeExpensesNet": -3563000,
        "incomeBeforeTax": -19861000,
        "incomeBeforeTaxRatio": -0.0436069425,
        "incomeTaxExpense": 2468000,
        "netIncome": -22329000,
        "netIncomeRatio": -0.0490256996,
        "eps": -0.23,
        "epsdiluted": -0.23,
        "weightedAverageShsOut": 97249000,
        "weightedAverageShsOutDil": 98066000,
        "link": "https://www.sec.gov/Archives/edgar/data/936395/000093639511000009/0000936395-11-000009-index.htm",
        "finalLink": "https://www.sec.gov/Archives/edgar/data/936395/000093639511000009/a2011103110k.htm"
    },
    {
        "date": "2011-07-31",
        "symbol": "CIEN",
        "reportedCurrency": "USD",
        "cik": "0000936395",
        "fillingDate": "2011-09-08",
        "acceptedDate": "2011-09-08 16:34:49",
        "calendarYear": "2011",
        "period": "Q3",
        "revenue": 435313000,
        "costOfRevenue": 250416000,
        "grossProfit": 184897000,
        "grossProfitRatio": 0.4247449536,
        "researchAndDevelopmentExpenses": 93216000,
        "generalAndAdministrativeExpenses": 28172000,
        "sellingAndMarketingExpenses": 61895000,
        "sellingGeneralAndAdministrativeExpenses": 90067000,
        "otherExpenses": 13673000,
        "operatingExpenses": 196956000,
        "costAndExpenses": 447372000,
        "interestIncome": 0,
        "interestExpense": 9470000,
        "depreciationAndAmortization": 35328000,
        "ebitda": 14783000,
        "ebitdaratio": 0.0339594728,
        "operatingIncome": -17385000,
        "operatingIncomeRatio": -0.0399367811,
        "totalOtherIncomeExpensesNet": -12630000,
        "incomeBeforeTax": -30015000,
        "incomeBeforeTaxRatio": -0.0689503874,
        "incomeTaxExpense": 1435000,
        "netIncome": -31450000,
        "netIncomeRatio": -0.072246866,
        "eps": -0.33,
        "epsdiluted": -0.33,
        "weightedAverageShsOut": 96313000,
        "weightedAverageShsOutDil": 96313000,
        "link": "https://www.sec.gov/Archives/edgar/data/936395/000095012311083442/0000950123-11-083442-index.htm",
        "finalLink": "https://www.sec.gov/Archives/edgar/data/936395/000095012311083442/w82903e10vq.htm"
    },
    {
        "date": "2011-04-30",
        "symbol": "CIEN",
        "reportedCurrency": "USD",
        "cik": "0000936395",
        "fillingDate": "2011-06-09",
        "acceptedDate": "2011-06-09 15:36:58",
        "calendarYear": "2011",
        "period": "Q2",
        "revenue": 417894000,
        "costOfRevenue": 252061000,
        "grossProfit": 165833000,
        "grossProfitRatio": 0.3968302967,
        "researchAndDevelopmentExpenses": 99624000,
        "generalAndAdministrativeExpenses": 32480000,
        "sellingAndMarketingExpenses": 61768000,
        "sellingGeneralAndAdministrativeExpenses": 94248000,
        "otherExpenses": 13674000,
        "operatingExpenses": 207546000,
        "costAndExpenses": 459607000,
        "interestIncome": 0,
        "interestExpense": 9406000,
        "depreciationAndAmortization": 34324000,
        "ebitda": -17065000,
        "ebitdaratio": -0.0408357143,
        "operatingIncome": -55618000,
        "operatingIncomeRatio": -0.1330911667,
        "totalOtherIncomeExpensesNet": -5177000,
        "incomeBeforeTax": -60795000,
        "incomeBeforeTaxRatio": -0.1454794757,
        "incomeTaxExpense": 1891000,
        "netIncome": -62686000,
        "netIncomeRatio": -0.1500045466,
        "eps": -0.66,
        "epsdiluted": -0.66,
        "weightedAverageShsOut": 95360000,
        "weightedAverageShsOutDil": 95360000,
        "link": "https://www.sec.gov/Archives/edgar/data/936395/000095012311057860/0000950123-11-057860-index.htm",
        "finalLink": "https://www.sec.gov/Archives/edgar/data/936395/000095012311057860/w82122e10vq.htm"
    },
    {
        "date": "2011-01-31",
        "symbol": "CIEN",
        "reportedCurrency": "USD",
        "cik": "0000936395",
        "fillingDate": "2011-03-10",
        "acceptedDate": "2011-03-10 16:42:44",
        "calendarYear": "2011",
        "period": "Q1",
        "revenue": 433308000,
        "costOfRevenue": 264802000,
        "grossProfit": 168506000,
        "grossProfitRatio": 0.3888827347,
        "researchAndDevelopmentExpenses": 95790000,
        "generalAndAdministrativeExpenses": 38314000,
        "sellingAndMarketingExpenses": 57092000,
        "sellingGeneralAndAdministrativeExpenses": 95406000,
        "otherExpenses": 25495000,
        "operatingExpenses": 216691000,
        "costAndExpenses": 481493000,
        "interestIncome": 0,
        "interestExpense": 9550000,
        "depreciationAndAmortization": 51680000,
        "ebitda": -15947000,
        "ebitdaratio": -0.0368029208,
        "operatingIncome": -73892000,
        "operatingIncomeRatio": -0.1705299694,
        "totalOtherIncomeExpensesNet": -3285000,
        "incomeBeforeTax": -77177000,
        "incomeBeforeTaxRatio": -0.1781111819,
        "incomeTaxExpense": 1879000,
        "netIncome": -79056000,
        "netIncomeRatio": -0.1824475892,
        "eps": -0.84,
        "epsdiluted": -0.84,
        "weightedAverageShsOut": 94496000,
        "weightedAverageShsOutDil": 94496000,
        "link": "https://www.sec.gov/Archives/edgar/data/936395/000095012311024166/0000950123-11-024166-index.htm",
        "finalLink": "https://www.sec.gov/Archives/edgar/data/936395/000095012311024166/w81472e10vq.htm"
    },
    {
        "date": "2010-10-31",
        "symbol": "CIEN",
        "reportedCurrency": "USD",
        "cik": "0000936395",
        "fillingDate": "2010-12-22",
        "acceptedDate": "2010-12-22 17:00:21",
        "calendarYear": "2010",
        "period": "Q4",
        "revenue": 417614000,
        "costOfRevenue": 249224000,
        "grossProfit": 168390000,
        "grossProfitRatio": 0.4032192407,
        "researchAndDevelopmentExpenses": 105582000,
        "generalAndAdministrativeExpenses": 35777000,
        "sellingAndMarketingExpenses": 61823000,
        "sellingGeneralAndAdministrativeExpenses": 97600000,
        "otherExpenses": 23765000,
        "operatingExpenses": 226947000,
        "costAndExpenses": 476171000,
        "interestIncome": 3917000,
        "interestExpense": 6688000,
        "depreciationAndAmortization": 59185000,
        "ebitda": -13437000,
        "ebitdaratio": -0.0321756455,
        "operatingIncome": -81180000,
        "operatingIncomeRatio": -0.1943900348,
        "totalOtherIncomeExpensesNet": 1870000,
        "incomeBeforeTax": -79310000,
        "incomeBeforeTaxRatio": -0.1899122156,
        "incomeTaxExpense": 1007000,
        "netIncome": -80317000,
        "netIncomeRatio": -0.1923235332,
        "eps": -0.86,
        "epsdiluted": -0.85,
        "weightedAverageShsOut": 93859000,
        "weightedAverageShsOutDil": 94496000,
        "link": "https://www.sec.gov/Archives/edgar/data/936395/000095012310115852/0000950123-10-115852-index.htm",
        "finalLink": "https://www.sec.gov/Archives/edgar/data/936395/000095012310115852/w80261e10vk.htm"
    },
    {
        "date": "2010-07-31",
        "symbol": "CIEN",
        "reportedCurrency": "USD",
        "cik": "0000936395",
        "fillingDate": "2010-09-08",
        "acceptedDate": "2010-09-08 17:10:00",
        "calendarYear": "2010",
        "period": "Q3",
        "revenue": 389675000,
        "costOfRevenue": 245666000,
        "grossProfit": 144009000,
        "grossProfitRatio": 0.3695618143,
        "researchAndDevelopmentExpenses": 100869000,
        "generalAndAdministrativeExpenses": 32649000,
        "sellingAndMarketingExpenses": 52127000,
        "sellingGeneralAndAdministrativeExpenses": 84776000,
        "otherExpenses": 38727000,
        "operatingExpenses": 224372000,
        "costAndExpenses": 470038000,
        "interestIncome": 0,
        "interestExpense": 5990000,
        "depreciationAndAmortization": 63461000,
        "ebitda": -38760000,
        "ebitdaratio": -0.099467505,
        "operatingIncome": -99553000,
        "operatingIncomeRatio": -0.2554770001,
        "totalOtherIncomeExpensesNet": -8658000,
        "incomeBeforeTax": -108211000,
        "incomeBeforeTaxRatio": -0.2776955155,
        "incomeTaxExpense": 1644000,
        "netIncome": -109855000,
        "netIncomeRatio": -0.2819144159,
        "eps": -1.18,
        "epsdiluted": -1.18,
        "weightedAverageShsOut": 92906000,
        "weightedAverageShsOutDil": 92906000,
        "link": "https://www.sec.gov/Archives/edgar/data/936395/000095012310084625/0000950123-10-084625-index.htm",
        "finalLink": "https://www.sec.gov/Archives/edgar/data/936395/000095012310084625/w79247e10vq.htm"
    },
    {
        "date": "2010-04-30",
        "symbol": "CIEN",
        "reportedCurrency": "USD",
        "cik": "0000936395",
        "fillingDate": "2010-06-10",
        "acceptedDate": "2010-06-10 16:39:22",
        "calendarYear": "2010",
        "period": "Q2",
        "revenue": 253471000,
        "costOfRevenue": 148529000,
        "grossProfit": 104942000,
        "grossProfitRatio": 0.4140197498,
        "researchAndDevelopmentExpenses": 71142000,
        "generalAndAdministrativeExpenses": 21503000,
        "sellingAndMarketingExpenses": 45328000,
        "sellingGeneralAndAdministrativeExpenses": 66831000,
        "otherExpenses": 17121000,
        "operatingExpenses": 155094000,
        "costAndExpenses": 303623000,
        "interestIncome": 3748000,
        "interestExpense": 4113000,
        "depreciationAndAmortization": 33659000,
        "ebitda": -53815000,
        "ebitdaratio": -0.2123122566,
        "operatingIncome": -91222000,
        "operatingIncomeRatio": -0.3598912696,
        "totalOtherIncomeExpensesNet": -365000,
        "incomeBeforeTax": -91587000,
        "incomeBeforeTaxRatio": -0.3613312766,
        "incomeTaxExpense": -1578000,
        "netIncome": -90009000,
        "netIncomeRatio": -0.3551057123,
        "eps": -0.97,
        "epsdiluted": -0.97,
        "weightedAverageShsOut": 92614000,
        "weightedAverageShsOutDil": 92614000,
        "link": "https://www.sec.gov/Archives/edgar/data/936395/000095012310057280/0000950123-10-057280-index.htm",
        "finalLink": "https://www.sec.gov/Archives/edgar/data/936395/000095012310057280/w78484e10vq.htm"
    },
    {
        "date": "2010-01-31",
        "symbol": "CIEN",
        "reportedCurrency": "USD",
        "cik": "0000936395",
        "fillingDate": "2010-03-05",
        "acceptedDate": "2010-03-05 16:59:17",
        "calendarYear": "2010",
        "period": "Q1",
        "revenue": 175876000,
        "costOfRevenue": 95716000,
        "grossProfit": 80160000,
        "grossProfitRatio": 0.4557756601,
        "researchAndDevelopmentExpenses": 50033000,
        "generalAndAdministrativeExpenses": 12763000,
        "sellingAndMarketingExpenses": 34237000,
        "sellingGeneralAndAdministrativeExpenses": 47000000,
        "otherExpenses": 5981000,
        "operatingExpenses": 103014000,
        "costAndExpenses": 198730000,
        "interestIncome": 773000,
        "interestExpense": 1828000,
        "depreciationAndAmortization": 13502000,
        "ebitda": -37135000,
        "ebitdaratio": -0.2111430781,
        "operatingIncome": -49864000,
        "operatingIncomeRatio": -0.2835179331,
        "totalOtherIncomeExpensesNet": -2601000,
        "incomeBeforeTax": -52465000,
        "incomeBeforeTaxRatio": -0.2983067616,
        "incomeTaxExpense": 868000,
        "netIncome": -53333000,
        "netIncomeRatio": -0.3032420569,
        "eps": -0.58,
        "epsdiluted": -0.58,
        "weightedAverageShsOut": 92321000,
        "weightedAverageShsOutDil": 92321000,
        "link": "https://www.sec.gov/Archives/edgar/data/936395/000095012310021642/0000950123-10-021642-index.htm",
        "finalLink": "https://www.sec.gov/Archives/edgar/data/936395/000095012310021642/w76782e10vq.htm"
    },
    {
        "date": "2009-10-31",
        "symbol": "CIEN",
        "reportedCurrency": "USD",
        "cik": "0000936395",
        "fillingDate": "2009-12-22",
        "acceptedDate": "2009-12-22 15:00:31",
        "calendarYear": "2009",
        "period": "Q4",
        "revenue": 176270000,
        "costOfRevenue": 98668000,
        "grossProfit": 77602000,
        "grossProfitRatio": 0.4402450786,
        "researchAndDevelopmentExpenses": 49695000,
        "generalAndAdministrativeExpenses": 11785000,
        "sellingAndMarketingExpenses": 35945000,
        "sellingGeneralAndAdministrativeExpenses": 47730000,
        "otherExpenses": 5974000,
        "operatingExpenses": 103399000,
        "costAndExpenses": 202067000,
        "interestIncome": 320000,
        "interestExpense": 1854000,
        "depreciationAndAmortization": 13288000,
        "ebitda": -12980000,
        "ebitdaratio": -0.0736370341,
        "operatingIncome": -26588000,
        "operatingIncomeRatio": -0.1508367845,
        "totalOtherIncomeExpensesNet": -1534000,
        "incomeBeforeTax": -28122000,
        "incomeBeforeTaxRatio": -0.1595393431,
        "incomeTaxExpense": -1463000,
        "netIncome": -26659000,
        "netIncomeRatio": -0.1512395757,
        "eps": -0.29,
        "epsdiluted": -0.29,
        "weightedAverageShsOut": 91758000,
        "weightedAverageShsOutDil": 92321000,
        "link": "https://www.sec.gov/Archives/edgar/data/936395/000095012309072656/0000950123-09-072656-index.htm",
        "finalLink": "https://www.sec.gov/Archives/edgar/data/936395/000095012309072656/w76656e10vk.htm"
    },
    {
        "date": "2009-07-31",
        "symbol": "CIEN",
        "reportedCurrency": "USD",
        "cik": "0000936395",
        "fillingDate": "2009-09-03",
        "acceptedDate": "2009-09-03 16:22:20",
        "calendarYear": "2009",
        "period": "Q3",
        "revenue": 164758000,
        "costOfRevenue": 90093000,
        "grossProfit": 74665000,
        "grossProfitRatio": 0.4531798152,
        "researchAndDevelopmentExpenses": 44442000,
        "generalAndAdministrativeExpenses": 11524000,
        "sellingAndMarketingExpenses": 31468000,
        "sellingGeneralAndAdministrativeExpenses": 42992000,
        "otherExpenses": 6224000,
        "operatingExpenses": 93658000,
        "costAndExpenses": 183751000,
        "interestIncome": 999000,
        "interestExpense": 1856000,
        "depreciationAndAmortization": 13314000,
        "ebitda": -10814000,
        "ebitdaratio": -0.0656356596,
        "operatingIncome": -22934000,
        "operatingIncomeRatio": -0.1391980966,
        "totalOtherIncomeExpensesNet": -3050000,
        "incomeBeforeTax": -25984000,
        "incomeBeforeTaxRatio": -0.157710096,
        "incomeTaxExpense": 470000,
        "netIncome": -26454000,
        "netIncomeRatio": -0.1605627648,
        "eps": -0.29,
        "epsdiluted": -0.29,
        "weightedAverageShsOut": 91364000,
        "weightedAverageShsOutDil": 91364000,
        "link": "https://www.sec.gov/Archives/edgar/data/936395/000095012309040851/0000950123-09-040851-index.htm",
        "finalLink": "https://www.sec.gov/Archives/edgar/data/936395/000095012309040851/w75533e10vq.htm"
    },
    {
        "date": "2009-04-30",
        "symbol": "CIEN",
        "reportedCurrency": "USD",
        "cik": "0000936395",
        "fillingDate": "2009-06-04",
        "acceptedDate": "2009-06-04 16:05:11",
        "calendarYear": "2009",
        "period": "Q2",
        "revenue": 144201000,
        "costOfRevenue": 83481000,
        "grossProfit": 60720000,
        "grossProfitRatio": 0.4210789107,
        "researchAndDevelopmentExpenses": 49482000,
        "generalAndAdministrativeExpenses": 12615000,
        "sellingAndMarketingExpenses": 33295000,
        "sellingGeneralAndAdministrativeExpenses": 45910000,
        "otherExpenses": 6224000,
        "operatingExpenses": 101616000,
        "costAndExpenses": 185097000,
        "interestIncome": 3508000,
        "interestExpense": 1852000,
        "depreciationAndAmortization": 13608000,
        "ebitda": -488422000,
        "ebitdaratio": -3.387091629,
        "operatingIncome": -502968000,
        "operatingIncomeRatio": -3.4879647159,
        "totalOtherIncomeExpensesNet": -914000,
        "incomeBeforeTax": -503882000,
        "incomeBeforeTaxRatio": -3.4943030908,
        "incomeTaxExpense": -672000,
        "netIncome": -503210000,
        "netIncomeRatio": -3.489642929,
        "eps": -5.53,
        "epsdiluted": -5.53,
        "weightedAverageShsOut": 90932000,
        "weightedAverageShsOutDil": 90932000,
        "link": "https://www.sec.gov/Archives/edgar/data/936395/000095012309011397/0000950123-09-011397-index.htm",
        "finalLink": "https://www.sec.gov/Archives/edgar/data/936395/000095012309011397/w74336e10vq.htm"
    },
    {
        "date": "2009-01-31",
        "symbol": "CIEN",
        "reportedCurrency": "USD",
        "cik": "0000936395",
        "fillingDate": "2009-03-05",
        "acceptedDate": "2009-03-05 17:22:43",
        "calendarYear": "2009",
        "period": "Q1",
        "revenue": 167400000,
        "costOfRevenue": 95557000,
        "grossProfit": 71843000,
        "grossProfitRatio": 0.4291696535,
        "researchAndDevelopmentExpenses": 46700000,
        "generalAndAdministrativeExpenses": 11585000,
        "sellingAndMarketingExpenses": 33819000,
        "sellingGeneralAndAdministrativeExpenses": 45404000,
        "otherExpenses": 6404000,
        "operatingExpenses": 98508000,
        "costAndExpenses": 194065000,
        "interestIncome": 0,
        "interestExpense": 1844000,
        "depreciationAndAmortization": 13152000,
        "ebitda": -9494000,
        "ebitdaratio": -0.0567144564,
        "operatingIncome": -26741000,
        "operatingIncomeRatio": -0.1597431302,
        "totalOtherIncomeExpensesNet": 2251000,
        "incomeBeforeTax": -24490000,
        "incomeBeforeTaxRatio": -0.1462962963,
        "incomeTaxExpense": 341000,
        "netIncome": -24831000,
        "netIncomeRatio": -0.1483333333,
        "eps": -0.27,
        "epsdiluted": -0.27,
        "weightedAverageShsOut": 90620000,
        "weightedAverageShsOutDil": 90620000,
        "link": "https://www.sec.gov/Archives/edgar/data/936395/000095013309000599/0000950133-09-000599-index.htm",
        "finalLink": "https://www.sec.gov/Archives/edgar/data/936395/000095013309000599/w73048e10vq.htm"
    },
    {
        "date": "2008-10-31",
        "symbol": "CIEN",
        "reportedCurrency": "USD",
        "cik": "0000936395",
        "fillingDate": "2008-12-23",
        "acceptedDate": "2008-12-23 17:16:21",
        "calendarYear": "2008",
        "period": "Q4",
        "revenue": 179654000,
        "costOfRevenue": 98523000,
        "grossProfit": 81131000,
        "grossProfitRatio": 0.4515958453,
        "researchAndDevelopmentExpenses": 47142000,
        "generalAndAdministrativeExpenses": 31253000,
        "sellingAndMarketingExpenses": 78970000,
        "sellingGeneralAndAdministrativeExpenses": 54982000,
        "otherExpenses": 8363000,
        "operatingExpenses": 110487000,
        "costAndExpenses": 209010000,
        "interestIncome": 0,
        "interestExpense": 0,
        "depreciationAndAmortization": 17095000,
        "ebitda": -12261000,
        "ebitdaratio": -0.0682478542,
        "operatingIncome": -30466000,
        "operatingIncomeRatio": -0.1695815289,
        "totalOtherIncomeExpensesNet": 2943000,
        "incomeBeforeTax": -27523000,
        "incomeBeforeTaxRatio": -0.1532000401,
        "incomeTaxExpense": -2127000,
        "netIncome": -25396000,
        "netIncomeRatio": -0.1413606154,
        "eps": -0.28,
        "epsdiluted": -0.28,
        "weightedAverageShsOut": 89971000,
        "weightedAverageShsOutDil": 90620000,
        "link": "https://www.sec.gov/Archives/edgar/data/936395/000095013308004117/0000950133-08-004117-index.htm",
        "finalLink": "https://www.sec.gov/Archives/edgar/data/936395/000095013308004117/w72027e10vk.htm"
    },
    {
        "date": "2008-07-31",
        "symbol": "CIEN",
        "reportedCurrency": "USD",
        "cik": "0000936395",
        "fillingDate": "2008-09-05",
        "acceptedDate": "2008-09-05 14:32:28",
        "calendarYear": "2008",
        "period": "Q3",
        "revenue": 253179000,
        "costOfRevenue": 127548000,
        "grossProfit": 125631000,
        "grossProfitRatio": 0.496214141,
        "researchAndDevelopmentExpenses": 47809000,
        "generalAndAdministrativeExpenses": 14758000,
        "sellingAndMarketingExpenses": 39440000,
        "sellingGeneralAndAdministrativeExpenses": 54198000,
        "otherExpenses": 8671000,
        "operatingExpenses": 110678000,
        "costAndExpenses": 238226000,
        "interestIncome": 0,
        "interestExpense": 6741000,
        "depreciationAndAmortization": 15360000,
        "ebitda": 30313000,
        "ebitdaratio": 0.1197295194,
        "operatingIncome": 14953000,
        "operatingIncomeRatio": 0.0590609806,
        "totalOtherIncomeExpensesNet": -1627000,
        "incomeBeforeTax": 13326000,
        "incomeBeforeTaxRatio": 0.0526346972,
        "incomeTaxExpense": 1603000,
        "netIncome": 11723000,
        "netIncomeRatio": 0.0463032084,
        "eps": 0.13,
        "epsdiluted": 0.12,
        "weightedAverageShsOut": 90216000,
        "weightedAverageShsOutDil": 111681000,
        "link": "https://www.sec.gov/Archives/edgar/data/936395/000095013308003045/0000950133-08-003045-index.htm",
        "finalLink": "https://www.sec.gov/Archives/edgar/data/936395/000095013308003045/w66972e10vq.htm"
    },
    {
        "date": "2008-04-30",
        "symbol": "CIEN",
        "reportedCurrency": "USD",
        "cik": "0000936395",
        "fillingDate": "2008-06-06",
        "acceptedDate": "2008-06-06 15:28:11",
        "calendarYear": "2008",
        "period": "Q2",
        "revenue": 242199000,
        "costOfRevenue": 114603000,
        "grossProfit": 127596000,
        "grossProfitRatio": 0.5268229844,
        "researchAndDevelopmentExpenses": 44628000,
        "generalAndAdministrativeExpenses": 0,
        "sellingAndMarketingExpenses": 0,
        "sellingGeneralAndAdministrativeExpenses": 55241000,
        "otherExpenses": 8760000,
        "operatingExpenses": 108629000,
        "costAndExpenses": 223232000,
        "interestIncome": 0,
        "interestExpense": 0,
        "depreciationAndAmortization": 14009000,
        "ebitda": 32976000,
        "ebitdaratio": 0.1361525027,
        "operatingIncome": 18967000,
        "operatingIncomeRatio": 0.0783116363,
        "totalOtherIncomeExpensesNet": 6626000,
        "incomeBeforeTax": 25593000,
        "incomeBeforeTaxRatio": 0.105669305,
        "incomeTaxExpense": 1833000,
        "netIncome": 23760000,
        "netIncomeRatio": 0.0981011482,
        "eps": 0.27,
        "epsdiluted": 0.23,
        "weightedAverageShsOut": 89102000,
        "weightedAverageShsOutDil": 110770000,
        "link": "https://www.sec.gov/Archives/edgar/data/936395/000095013308002190/0000950133-08-002190-index.htm",
        "finalLink": "https://www.sec.gov/Archives/edgar/data/936395/000095013308002190/w59757e10vq.htm"
    },
    {
        "date": "2008-01-31",
        "symbol": "CIEN",
        "reportedCurrency": "USD",
        "cik": "0000936395",
        "fillingDate": "2008-03-07",
        "acceptedDate": "2008-03-07 16:06:33",
        "calendarYear": "2008",
        "period": "Q1",
        "revenue": 227416000,
        "costOfRevenue": 110847000,
        "grossProfit": 116569000,
        "grossProfitRatio": 0.5125804693,
        "researchAndDevelopmentExpenses": 35444000,
        "generalAndAdministrativeExpenses": 22628000,
        "sellingAndMarketingExpenses": 33608000,
        "sellingGeneralAndAdministrativeExpenses": 56236000,
        "otherExpenses": 6470000,
        "operatingExpenses": 98150000,
        "costAndExpenses": 208997000,
        "interestIncome": 0,
        "interestExpense": 0,
        "depreciationAndAmortization": 10091000,
        "ebitda": 28510000,
        "ebitdaratio": 0.1253649699,
        "operatingIncome": 18419000,
        "operatingIncomeRatio": 0.0809925423,
        "totalOtherIncomeExpensesNet": 11724000,
        "incomeBeforeTax": 30143000,
        "incomeBeforeTaxRatio": 0.1325456432,
        "incomeTaxExpense": 1336000,
        "netIncome": 28807000,
        "netIncomeRatio": 0.1266709466,
        "eps": 0.33,
        "epsdiluted": 0.28,
        "weightedAverageShsOut": 86910000,
        "weightedAverageShsOutDil": 109009000,
        "link": "https://www.sec.gov/Archives/edgar/data/936395/000095013308000989/0000950133-08-000989-index.htm",
        "finalLink": "https://www.sec.gov/Archives/edgar/data/936395/000095013308000989/w50921e10vq.htm"
    },
    {
        "date": "2007-10-31",
        "symbol": "CIEN",
        "reportedCurrency": "USD",
        "cik": "0000936395",
        "fillingDate": "2007-12-27",
        "acceptedDate": "2007-12-27 17:10:47",
        "calendarYear": "2007",
        "period": "Q4",
        "revenue": 216190000,
        "costOfRevenue": 107044000,
        "grossProfit": 109146000,
        "grossProfitRatio": 0.5048614645,
        "researchAndDevelopmentExpenses": 34130000,
        "generalAndAdministrativeExpenses": 25397000,
        "sellingAndMarketingExpenses": 62837000,
        "sellingGeneralAndAdministrativeExpenses": 46345000,
        "otherExpenses": 1590000,
        "operatingExpenses": 82065000,
        "costAndExpenses": 189109000,
        "interestIncome": 0,
        "interestExpense": 5862000,
        "depreciationAndAmortization": 4760000,
        "ebitda": 33546000,
        "ebitdaratio": 0.1551690642,
        "operatingIncome": 27120000,
        "operatingIncomeRatio": 0.1254452102,
        "totalOtherIncomeExpensesNet": 4495000,
        "incomeBeforeTax": 31615000,
        "incomeBeforeTaxRatio": 0.1462371062,
        "incomeTaxExpense": 1205000,
        "netIncome": 30410000,
        "netIncomeRatio": 0.1406633054,
        "eps": 0.35,
        "epsdiluted": 0.35,
        "weightedAverageShsOut": 86296000,
        "weightedAverageShsOutDil": 86910000,
        "link": "https://www.sec.gov/Archives/edgar/data/936395/000095013307005124/0000950133-07-005124-index.htm",
        "finalLink": "https://www.sec.gov/Archives/edgar/data/936395/000095013307005124/w44618e10vk.htm"
    },
    {
        "date": "2007-07-31",
        "symbol": "CIEN",
        "reportedCurrency": "USD",
        "cik": "0000936395",
        "fillingDate": "2007-08-31",
        "acceptedDate": "2007-08-31 15:57:45",
        "calendarYear": "2007",
        "period": "Q3",
        "revenue": 204951000,
        "costOfRevenue": 107286000,
        "grossProfit": 97665000,
        "grossProfitRatio": 0.4765285361,
        "researchAndDevelopmentExpenses": 31671000,
        "generalAndAdministrativeExpenses": 14564000,
        "sellingAndMarketingExpenses": 30303000,
        "sellingGeneralAndAdministrativeExpenses": 44867000,
        "otherExpenses": 6295000,
        "operatingExpenses": 82833000,
        "costAndExpenses": 190119000,
        "interestIncome": 0,
        "interestExpense": 0,
        "depreciationAndAmortization": 5331000,
        "ebitda": 21127000,
        "ebitdaratio": 0.103083176,
        "operatingIncome": 16028000,
        "operatingIncomeRatio": 0.0782040585,
        "totalOtherIncomeExpensesNet": 13125000,
        "incomeBeforeTax": 29153000,
        "incomeBeforeTaxRatio": 0.1422437558,
        "incomeTaxExpense": 841000,
        "netIncome": 28312000,
        "netIncomeRatio": 0.138140336,
        "eps": 0.33,
        "epsdiluted": 0.29,
        "weightedAverageShsOut": 85651000,
        "weightedAverageShsOutDil": 101568000,
        "link": "https://www.sec.gov/Archives/edgar/data/936395/000095013307003699/0000950133-07-003699-index.htm",
        "finalLink": "https://www.sec.gov/Archives/edgar/data/936395/000095013307003699/w39131e10vq.htm"
    },
    {
        "date": "2007-04-30",
        "symbol": "CIEN",
        "reportedCurrency": "USD",
        "cik": "0000936395",
        "fillingDate": "2007-06-01",
        "acceptedDate": "2007-06-01 15:54:20",
        "calendarYear": "2007",
        "period": "Q2",
        "revenue": 193527000,
        "costOfRevenue": 111697000,
        "grossProfit": 81830000,
        "grossProfitRatio": 0.4228350566,
        "researchAndDevelopmentExpenses": 31642000,
        "generalAndAdministrativeExpenses": 0,
        "sellingAndMarketingExpenses": 0,
        "sellingGeneralAndAdministrativeExpenses": 41889000,
        "otherExpenses": 6295000,
        "operatingExpenses": 79826000,
        "costAndExpenses": 191523000,
        "interestIncome": 0,
        "interestExpense": 0,
        "depreciationAndAmortization": 8607000,
        "ebitda": 10611000,
        "ebitdaratio": 0.0548295587,
        "operatingIncome": 2738000,
        "operatingIncomeRatio": 0.0141478967,
        "totalOtherIncomeExpensesNet": 10749000,
        "incomeBeforeTax": 13487000,
        "incomeBeforeTaxRatio": 0.0696905341,
        "incomeTaxExpense": 477000,
        "netIncome": 13010000,
        "netIncomeRatio": 0.0672257618,
        "eps": 0.15,
        "epsdiluted": 0.14,
        "weightedAverageShsOut": 85198000,
        "weightedAverageShsOutDil": 93737000,
        "link": "https://www.sec.gov/Archives/edgar/data/936395/000095013307002548/0000950133-07-002548-index.htm",
        "finalLink": "https://www.sec.gov/Archives/edgar/data/936395/000095013307002548/w35425e10vq.htm"
    },
    {
        "date": "2007-01-31",
        "symbol": "CIEN",
        "reportedCurrency": "USD",
        "cik": "0000936395",
        "fillingDate": "2007-03-02",
        "acceptedDate": "2007-03-02 14:39:00",
        "calendarYear": "2007",
        "period": "Q1",
        "revenue": 165101000,
        "costOfRevenue": 91473000,
        "grossProfit": 73628000,
        "grossProfitRatio": 0.4459573231,
        "researchAndDevelopmentExpenses": 29853000,
        "generalAndAdministrativeExpenses": 10301000,
        "sellingAndMarketingExpenses": 24875000,
        "sellingGeneralAndAdministrativeExpenses": 35176000,
        "otherExpenses": 6295000,
        "operatingExpenses": 71314000,
        "costAndExpenses": 162787000,
        "interestIncome": 0,
        "interestExpense": 0,
        "depreciationAndAmortization": 9164000,
        "ebitda": 11478000,
        "ebitdaratio": 0.069521081,
        "operatingIncome": 2780000,
        "operatingIncomeRatio": 0.0168381778,
        "totalOtherIncomeExpensesNet": 8697000,
        "incomeBeforeTax": 11477000,
        "incomeBeforeTaxRatio": 0.0695150241,
        "incomeTaxExpense": 421000,
        "netIncome": 11056000,
        "netIncomeRatio": 0.0669650699,
        "eps": 0.13,
        "epsdiluted": 0.12,
        "weightedAverageShsOut": 84953000,
        "weightedAverageShsOutDil": 93259000,
        "link": "https://www.sec.gov/Archives/edgar/data/936395/000095013307000919/0000950133-07-000919-index.htm",
        "finalLink": "https://www.sec.gov/Archives/edgar/data/936395/000095013307000919/w30605e10vq.htm"
    },
    {
        "date": "2006-10-31",
        "symbol": "CIEN",
        "reportedCurrency": "USD",
        "cik": "0000936395",
        "fillingDate": "2007-01-10",
        "acceptedDate": "2007-01-10 16:23:16",
        "calendarYear": "2006",
        "period": "Q4",
        "revenue": 159952000,
        "costOfRevenue": 87196000,
        "grossProfit": 72756000,
        "grossProfitRatio": 0.4548614584,
        "researchAndDevelopmentExpenses": 26561000,
        "generalAndAdministrativeExpenses": 21363000,
        "sellingAndMarketingExpenses": 52959000,
        "sellingGeneralAndAdministrativeExpenses": 36419000,
        "otherExpenses": 6261000,
        "operatingExpenses": 69241000,
        "costAndExpenses": 156437000,
        "interestIncome": 0,
        "interestExpense": 0,
        "depreciationAndAmortization": 7609000,
        "ebitda": 11124000,
        "ebitdaratio": 0.0695458638,
        "operatingIncome": 3881000,
        "operatingIncomeRatio": 0.0242635291,
        "totalOtherIncomeExpensesNet": 9592000,
        "incomeBeforeTax": 13473000,
        "incomeBeforeTaxRatio": 0.0842315195,
        "incomeTaxExpense": 392000,
        "netIncome": 13081000,
        "netIncomeRatio": 0.0817807842,
        "eps": 0.15,
        "epsdiluted": 0.15,
        "weightedAverageShsOut": 84656000,
        "weightedAverageShsOutDil": 84953000,
        "link": "https://www.sec.gov/Archives/edgar/data/936395/000095013307000092/0000950133-07-000092-index.htm",
        "finalLink": "https://www.sec.gov/Archives/edgar/data/936395/000095013307000092/w28680e10vk.htm"
    },
    {
        "date": "2006-07-31",
        "symbol": "CIEN",
        "reportedCurrency": "USD",
        "cik": "0000936395",
        "fillingDate": "2006-08-31",
        "acceptedDate": "2006-08-31 17:06:57",
        "calendarYear": "2006",
        "period": "Q3",
        "revenue": 152499000,
        "costOfRevenue": 80835000,
        "grossProfit": 71664000,
        "grossProfitRatio": 0.4699309504,
        "researchAndDevelopmentExpenses": 26190000,
        "generalAndAdministrativeExpenses": 16217000,
        "sellingAndMarketingExpenses": 24903000,
        "sellingGeneralAndAdministrativeExpenses": 41120000,
        "otherExpenses": 6156000,
        "operatingExpenses": 73466000,
        "costAndExpenses": 154301000,
        "interestIncome": 0,
        "interestExpense": 12084000,
        "depreciationAndAmortization": 10848000,
        "ebitda": 9046000,
        "ebitdaratio": 0.0593184218,
        "operatingIncome": -12810000,
        "operatingIncomeRatio": -0.0840005508,
        "totalOtherIncomeExpensesNet": 8845000,
        "incomeBeforeTax": -3965000,
        "incomeBeforeTaxRatio": -0.0260001705,
        "incomeTaxExpense": 320000,
        "netIncome": -4285000,
        "netIncomeRatio": -0.0280985449,
        "eps": -0.0509,
        "epsdiluted": -0.0509,
        "weightedAverageShsOut": 84197000,
        "weightedAverageShsOutDil": 84197000,
        "link": "https://www.sec.gov/Archives/edgar/data/936395/000095013306004009/0000950133-06-004009-index.htm",
        "finalLink": "https://www.sec.gov/Archives/edgar/data/936395/000095013306004009/w24638e10vq.htm"
    },
    {
        "date": "2006-04-30",
        "symbol": "CIEN",
        "reportedCurrency": "USD",
        "cik": "0000936395",
        "fillingDate": "2006-06-01",
        "acceptedDate": "2006-06-01 16:48:44",
        "calendarYear": "2006",
        "period": "Q2",
        "revenue": 131175000,
        "costOfRevenue": 68269000,
        "grossProfit": 62906000,
        "grossProfitRatio": 0.4795578426,
        "researchAndDevelopmentExpenses": 28856000,
        "generalAndAdministrativeExpenses": 0,
        "sellingAndMarketingExpenses": 0,
        "sellingGeneralAndAdministrativeExpenses": 37903000,
        "otherExpenses": 417000,
        "operatingExpenses": 67176000,
        "costAndExpenses": 135445000,
        "interestIncome": 0,
        "interestExpense": 0,
        "depreciationAndAmortization": 12420000,
        "ebitda": 8150000,
        "ebitdaratio": 0.0621307414,
        "operatingIncome": -7284000,
        "operatingIncomeRatio": -0.0555288736,
        "totalOtherIncomeExpensesNet": 5744000,
        "incomeBeforeTax": -1540000,
        "incomeBeforeTaxRatio": -0.0117400419,
        "incomeTaxExpense": 370000,
        "netIncome": -1910000,
        "netIncomeRatio": -0.0145607014,
        "eps": -0.0229,
        "epsdiluted": -0.0229,
        "weightedAverageShsOut": 83518000,
        "weightedAverageShsOutDil": 83518000,
        "link": "https://www.sec.gov/Archives/edgar/data/936395/000095013306002830/0000950133-06-002830-index.htm",
        "finalLink": "https://www.sec.gov/Archives/edgar/data/936395/000095013306002830/w21834e10vq.htm"
    },
    {
        "date": "2006-01-31",
        "symbol": "CIEN",
        "reportedCurrency": "USD",
        "cik": "0000936395",
        "fillingDate": "2006-03-03",
        "acceptedDate": "2006-03-03 17:02:16",
        "calendarYear": "2006",
        "period": "Q1",
        "revenue": 120430000,
        "costOfRevenue": 69975000,
        "grossProfit": 50455000,
        "grossProfitRatio": 0.4189570705,
        "researchAndDevelopmentExpenses": 29462000,
        "generalAndAdministrativeExpenses": 9896000,
        "sellingAndMarketingExpenses": 26572000,
        "sellingGeneralAndAdministrativeExpenses": 36468000,
        "otherExpenses": -2332000,
        "operatingExpenses": 63598000,
        "costAndExpenses": 133573000,
        "interestIncome": 0,
        "interestExpense": 0,
        "depreciationAndAmortization": 13751000,
        "ebitda": 608000,
        "ebitdaratio": 0.0050485759,
        "operatingIncome": -15158000,
        "operatingIncomeRatio": -0.1258656481,
        "totalOtherIncomeExpensesNet": 9166000,
        "incomeBeforeTax": -5992000,
        "incomeBeforeTaxRatio": -0.0497550444,
        "incomeTaxExpense": 299000,
        "netIncome": -6291000,
        "netIncomeRatio": -0.0522378145,
        "eps": -0.0758,
        "epsdiluted": -0.0758,
        "weightedAverageShsOut": 82992175,
        "weightedAverageShsOutDil": 82992175,
        "link": "https://www.sec.gov/Archives/edgar/data/936395/000095013306001014/0000950133-06-001014-index.htm",
        "finalLink": "https://www.sec.gov/Archives/edgar/data/936395/000095013306001014/w18125e10vq.htm"
    },
    {
        "date": "2005-10-31",
        "symbol": "CIEN",
        "reportedCurrency": "USD",
        "cik": "0000936395",
        "fillingDate": "2006-01-12",
        "acceptedDate": "2006-01-12 15:19:01",
        "calendarYear": "2005",
        "period": "Q4",
        "revenue": 118183000,
        "costOfRevenue": 71019000,
        "grossProfit": 47164000,
        "grossProfitRatio": 0.3990760092,
        "researchAndDevelopmentExpenses": 36209000,
        "generalAndAdministrativeExpenses": 16246000,
        "sellingAndMarketingExpenses": 55379000,
        "sellingGeneralAndAdministrativeExpenses": 31949000,
        "otherExpenses": 167695000,
        "operatingExpenses": 235853000,
        "costAndExpenses": 306872000,
        "interestIncome": 0,
        "interestExpense": 280089000,
        "depreciationAndAmortization": 41627000,
        "ebitda": -147062000,
        "ebitdaratio": -1.2443583256,
        "operatingIncome": -254607000,
        "operatingIncomeRatio": -2.1543453796,
        "totalOtherIncomeExpensesNet": 1942000,
        "incomeBeforeTax": -252665000,
        "incomeBeforeTaxRatio": -2.1379132363,
        "incomeTaxExpense": 205000,
        "netIncome": -252870000,
        "netIncomeRatio": -2.1396478343,
        "eps": -3.06,
        "epsdiluted": -3.05,
        "weightedAverageShsOut": 82632351,
        "weightedAverageShsOutDil": 82992175,
        "link": "https://www.sec.gov/Archives/edgar/data/936395/000095013306000075/0000950133-06-000075-index.htm",
        "finalLink": "https://www.sec.gov/Archives/edgar/data/936395/000095013306000075/w16344e10vk.htm"
    },
    {
        "date": "2005-07-31",
        "symbol": "CIEN",
        "reportedCurrency": "USD",
        "cik": "0000936395",
        "fillingDate": "2005-09-01",
        "acceptedDate": "2005-09-01 15:53:36",
        "calendarYear": "2005",
        "period": "Q3",
        "revenue": 110480000,
        "costOfRevenue": 72851000,
        "grossProfit": 37629000,
        "grossProfitRatio": 0.3405955829,
        "researchAndDevelopmentExpenses": 32619000,
        "generalAndAdministrativeExpenses": 9340000,
        "sellingAndMarketingExpenses": 29275000,
        "sellingGeneralAndAdministrativeExpenses": 41897000,
        "otherExpenses": 12232000,
        "operatingExpenses": 86748000,
        "costAndExpenses": 159599000,
        "interestIncome": 0,
        "interestExpense": 6582000,
        "depreciationAndAmortization": 24210000,
        "ebitda": -24909000,
        "ebitdaratio": -0.225461622,
        "operatingIncome": -53474000,
        "operatingIncomeRatio": -0.4840152064,
        "totalOtherIncomeExpensesNet": 2533000,
        "incomeBeforeTax": -50941000,
        "incomeBeforeTaxRatio": -0.4610879797,
        "incomeTaxExpense": 86000,
        "netIncome": -51027000,
        "netIncomeRatio": -0.4618664012,
        "eps": -0.62,
        "epsdiluted": -0.62,
        "weightedAverageShsOut": 82357699,
        "weightedAverageShsOutDil": 82357699,
        "link": "https://www.sec.gov/Archives/edgar/data/936395/000095013305004018/0000950133-05-004018-index.htm",
        "finalLink": "https://www.sec.gov/Archives/edgar/data/936395/000095013305004018/w12429e10vq.htm"
    },
    {
        "date": "2005-04-30",
        "symbol": "CIEN",
        "reportedCurrency": "USD",
        "cik": "0000936395",
        "fillingDate": "2005-06-02",
        "acceptedDate": "2005-06-02 16:09:48",
        "calendarYear": "2005",
        "period": "Q2",
        "revenue": 103846000,
        "costOfRevenue": 76680000,
        "grossProfit": 27166000,
        "grossProfitRatio": 0.2615989061,
        "researchAndDevelopmentExpenses": 35608000,
        "generalAndAdministrativeExpenses": 0,
        "sellingAndMarketingExpenses": 0,
        "sellingGeneralAndAdministrativeExpenses": 38542000,
        "otherExpenses": 10179000,
        "operatingExpenses": 84329000,
        "costAndExpenses": 161009000,
        "interestIncome": 0,
        "interestExpense": 34232000,
        "depreciationAndAmortization": 23432000,
        "ebitda": -33731000,
        "ebitdaratio": -0.3248175182,
        "operatingIncome": -66928000,
        "operatingIncomeRatio": -0.6444928067,
        "totalOtherIncomeExpensesNet": -7427000,
        "incomeBeforeTax": -74355000,
        "incomeBeforeTaxRatio": -0.7160121719,
        "incomeTaxExpense": 452000,
        "netIncome": -74807000,
        "netIncomeRatio": -0.7203647709,
        "eps": -0.91,
        "epsdiluted": -0.91,
        "weightedAverageShsOut": 81963010,
        "weightedAverageShsOutDil": 81963010,
        "link": "https://www.sec.gov/Archives/edgar/data/936395/000095013305002513/0000950133-05-002513-index.htm",
        "finalLink": "https://www.sec.gov/Archives/edgar/data/936395/000095013305002513/w09610e10vq.htm"
    },
    {
        "date": "2005-01-31",
        "symbol": "CIEN",
        "reportedCurrency": "USD",
        "cik": "0000936395",
        "fillingDate": "2005-03-03",
        "acceptedDate": "2005-03-03 17:25:31",
        "calendarYear": "2005",
        "period": "Q1",
        "revenue": 94748000,
        "costOfRevenue": 70517000,
        "grossProfit": 24231000,
        "grossProfitRatio": 0.255741546,
        "researchAndDevelopmentExpenses": 34662000,
        "generalAndAdministrativeExpenses": 7496000,
        "sellingAndMarketingExpenses": 25964000,
        "sellingGeneralAndAdministrativeExpenses": 34496000,
        "otherExpenses": 10595000,
        "operatingExpenses": 79753000,
        "costAndExpenses": 150270000,
        "interestIncome": 0,
        "interestExpense": 2183000,
        "depreciationAndAmortization": 24674000,
        "ebitda": -30848000,
        "ebitdaratio": -0.3255794318,
        "operatingIncome": -56647000,
        "operatingIncomeRatio": -0.5978701397,
        "totalOtherIncomeExpensesNet": 229000,
        "incomeBeforeTax": -56418000,
        "incomeBeforeTaxRatio": -0.5954532022,
        "incomeTaxExpense": 577000,
        "netIncome": -56995000,
        "netIncomeRatio": -0.6015430405,
        "eps": -0.7,
        "epsdiluted": -0.7,
        "weightedAverageShsOut": 81677781,
        "weightedAverageShsOutDil": 81677781,
        "link": "https://www.sec.gov/Archives/edgar/data/936395/000095013305000870/0000950133-05-000870-index.htm",
        "finalLink": "https://www.sec.gov/Archives/edgar/data/936395/000095013305000870/w06344e10vq.htm"
    },
    {
        "date": "2004-10-31",
        "symbol": "CIEN",
        "reportedCurrency": "USD",
        "cik": "0000936395",
        "fillingDate": "2004-12-09",
        "acceptedDate": "2004-12-09 15:57:35",
        "calendarYear": "2004",
        "period": "Q4",
        "revenue": 82005000,
        "costOfRevenue": 57824000,
        "grossProfit": 24181000,
        "grossProfitRatio": 0.2948722639,
        "researchAndDevelopmentExpenses": 53946000,
        "generalAndAdministrativeExpenses": 13214000,
        "sellingAndMarketingExpenses": 53323000,
        "sellingGeneralAndAdministrativeExpenses": 32140000,
        "otherExpenses": 391802000,
        "operatingExpenses": 477888000,
        "costAndExpenses": 535712000,
        "interestIncome": 0,
        "interestExpense": 457085000,
        "depreciationAndAmortization": 26297000,
        "ebitda": -427410000,
        "ebitdaratio": -5.2119992683,
        "operatingIncome": -488689000,
        "operatingIncomeRatio": -5.9592585818,
        "totalOtherIncomeExpensesNet": -6307000,
        "incomeBeforeTax": -494996000,
        "incomeBeforeTaxRatio": -6.0361685263,
        "incomeTaxExpense": 77000,
        "netIncome": -495073000,
        "netIncomeRatio": -6.0371074934,
        "eps": -6.06,
        "epsdiluted": -6.06,
        "weightedAverageShsOut": 81650202,
        "weightedAverageShsOutDil": 81677781,
        "link": "https://www.sec.gov/Archives/edgar/data/936395/000095013304004551/0000950133-04-004551-index.htm",
        "finalLink": "https://www.sec.gov/Archives/edgar/data/936395/000095013304004551/w69403e10vk.htm"
    },
    {
        "date": "2004-07-31",
        "symbol": "CIEN",
        "reportedCurrency": "USD",
        "cik": "0000936395",
        "fillingDate": "2004-08-19",
        "acceptedDate": "2004-08-19 13:37:07",
        "calendarYear": "2004",
        "period": "Q3",
        "revenue": 75589000,
        "costOfRevenue": 56792000,
        "grossProfit": 18797000,
        "grossProfitRatio": 0.2486737488,
        "researchAndDevelopmentExpenses": 57762000,
        "generalAndAdministrativeExpenses": 6969000,
        "sellingAndMarketingExpenses": 29468000,
        "sellingGeneralAndAdministrativeExpenses": 40390000,
        "otherExpenses": 16427000,
        "operatingExpenses": 114579000,
        "costAndExpenses": 171371000,
        "interestIncome": 0,
        "interestExpense": 93187000,
        "depreciationAndAmortization": 37987000,
        "ebitda": -57795000,
        "ebitdaratio": -0.7645953776,
        "operatingIncome": -139529000,
        "operatingIncomeRatio": -1.845890275,
        "totalOtherIncomeExpensesNet": -1733000,
        "incomeBeforeTax": -141262000,
        "incomeBeforeTaxRatio": -1.8688168913,
        "incomeTaxExpense": 205000,
        "netIncome": -141467000,
        "netIncomeRatio": -1.8715289262,
        "eps": -1.75,
        "epsdiluted": -1.75,
        "weightedAverageShsOut": 80914838,
        "weightedAverageShsOutDil": 80914838,
        "link": "https://www.sec.gov/Archives/edgar/data/936395/000095013304003284/0000950133-04-003284-index.htm",
        "finalLink": "https://www.sec.gov/Archives/edgar/data/936395/000095013304003284/w00777e10vq.htm"
    },
    {
        "date": "2004-04-30",
        "symbol": "CIEN",
        "reportedCurrency": "USD",
        "cik": "0000936395",
        "fillingDate": "2004-05-20",
        "acceptedDate": "2004-05-20 14:58:46",
        "calendarYear": "2004",
        "period": "Q2",
        "revenue": 74699000,
        "costOfRevenue": 66477000,
        "grossProfit": 8222000,
        "grossProfitRatio": 0.1100684079,
        "researchAndDevelopmentExpenses": 47887000,
        "generalAndAdministrativeExpenses": 0,
        "sellingAndMarketingExpenses": 0,
        "sellingGeneralAndAdministrativeExpenses": 31561000,
        "otherExpenses": -1330000,
        "operatingExpenses": 78118000,
        "costAndExpenses": 144595000,
        "interestIncome": 0,
        "interestExpense": 6226000,
        "depreciationAndAmortization": 33921000,
        "ebitda": -35975000,
        "ebitdaratio": -0.4815994859,
        "operatingIncome": -75081000,
        "operatingIncomeRatio": -1.0051138569,
        "totalOtherIncomeExpensesNet": -720000,
        "incomeBeforeTax": -75801000,
        "incomeBeforeTaxRatio": -1.0147525402,
        "incomeTaxExpense": 415000,
        "netIncome": -76216000,
        "netIncomeRatio": -1.0203081701,
        "eps": -1.12,
        "epsdiluted": -1.12,
        "weightedAverageShsOut": 67904508,
        "weightedAverageShsOutDil": 67904508,
        "link": "https://www.sec.gov/Archives/edgar/data/936395/000095013304002129/0000950133-04-002129-index.htm",
        "finalLink": "https://www.sec.gov/Archives/edgar/data/936395/000095013304002129/w97650e10vq.htm"
    },
    {
        "date": "2004-01-31",
        "symbol": "CIEN",
        "reportedCurrency": "USD",
        "cik": "0000936395",
        "fillingDate": "2004-02-19",
        "acceptedDate": "2004-02-19 11:03:43",
        "calendarYear": "2004",
        "period": "Q1",
        "revenue": 66414000,
        "costOfRevenue": 45861000,
        "grossProfit": 20553000,
        "grossProfitRatio": 0.3094678833,
        "researchAndDevelopmentExpenses": 49382000,
        "generalAndAdministrativeExpenses": 7091000,
        "sellingAndMarketingExpenses": 25468000,
        "sellingGeneralAndAdministrativeExpenses": 33198000,
        "otherExpenses": 3396000,
        "operatingExpenses": 85976000,
        "costAndExpenses": 131837000,
        "interestIncome": 0,
        "interestExpense": 22016000,
        "depreciationAndAmortization": 24671000,
        "ebitda": -40752000,
        "ebitdaratio": -0.6136055651,
        "operatingIncome": -68816000,
        "operatingIncomeRatio": -1.0361670732,
        "totalOtherIncomeExpensesNet": -7468000,
        "incomeBeforeTax": -76284000,
        "incomeBeforeTaxRatio": -1.1486132442,
        "incomeTaxExpense": 424000,
        "netIncome": -76708000,
        "netIncomeRatio": -1.1549974403,
        "eps": -1.14,
        "epsdiluted": -1.14,
        "weightedAverageShsOut": 67582411,
        "weightedAverageShsOutDil": 67582411,
        "link": "https://www.sec.gov/Archives/edgar/data/936395/000095013304000507/0000950133-04-000507-index.htm",
        "finalLink": "https://www.sec.gov/Archives/edgar/data/936395/000095013304000507/w94353e10vq.htm"
    },
    {
        "date": "2003-10-31",
        "symbol": "CIEN",
        "reportedCurrency": "USD",
        "cik": "0000936395",
        "fillingDate": "2003-12-11",
        "acceptedDate": "2003-12-11 11:25:14",
        "calendarYear": "2003",
        "period": "Q4",
        "revenue": 70644000,
        "costOfRevenue": 48614000,
        "grossProfit": 22030000,
        "grossProfitRatio": 0.3118453089,
        "researchAndDevelopmentExpenses": 58633000,
        "generalAndAdministrativeExpenses": 18303000,
        "sellingAndMarketingExpenses": 52052000,
        "sellingGeneralAndAdministrativeExpenses": 56884000,
        "otherExpenses": 3917000,
        "operatingExpenses": 119434000,
        "costAndExpenses": 168048000,
        "interestIncome": 0,
        "interestExpense": 28993000,
        "depreciationAndAmortization": 55931000,
        "ebitda": -41473000,
        "ebitdaratio": -0.5870703811,
        "operatingIncome": -111608000,
        "operatingIncomeRatio": -1.5798652398,
        "totalOtherIncomeExpensesNet": -3085000,
        "incomeBeforeTax": -114693000,
        "incomeBeforeTaxRatio": -1.6235349074,
        "incomeTaxExpense": 347000,
        "netIncome": -115040000,
        "netIncomeRatio": -1.6284468603,
        "eps": -1.7,
        "epsdiluted": -1.7,
        "weightedAverageShsOut": 67503817,
        "weightedAverageShsOutDil": 67582411,
        "link": "https://www.sec.gov/Archives/edgar/data/936395/000095013303004259/0000950133-03-004259-index.htm",
        "finalLink": "https://www.sec.gov/Archives/edgar/data/936395/000095013303004259/w92366e10vk.htm"
    },
    {
        "date": "2003-07-31",
        "symbol": "CIEN",
        "reportedCurrency": "USD",
        "cik": "0000936395",
        "fillingDate": "2003-08-21",
        "acceptedDate": "2003-08-21 11:10:06",
        "calendarYear": "2003",
        "period": "Q3",
        "revenue": 68478000,
        "costOfRevenue": 51943000,
        "grossProfit": 16535000,
        "grossProfitRatio": 0.2414644119,
        "researchAndDevelopmentExpenses": 47963000,
        "generalAndAdministrativeExpenses": 7969000,
        "sellingAndMarketingExpenses": 24536000,
        "sellingGeneralAndAdministrativeExpenses": 36436000,
        "otherExpenses": 4479000,
        "operatingExpenses": 88878000,
        "costAndExpenses": 140821000,
        "interestIncome": 0,
        "interestExpense": 33259000,
        "depreciationAndAmortization": 28221000,
        "ebitda": -44122000,
        "ebitdaratio": -0.6443237244,
        "operatingIncome": -89370000,
        "operatingIncomeRatio": -1.3050906861,
        "totalOtherIncomeExpensesNet": 795000,
        "incomeBeforeTax": -88575000,
        "incomeBeforeTaxRatio": -1.293481118,
        "incomeTaxExpense": 299000,
        "netIncome": -88874000,
        "netIncomeRatio": -1.2978474839,
        "eps": -1.38,
        "epsdiluted": -1.38,
        "weightedAverageShsOut": 64449186,
        "weightedAverageShsOutDil": 64449186,
        "link": "https://www.sec.gov/Archives/edgar/data/936395/000095013303002999/0000950133-03-002999-index.htm",
        "finalLink": "https://www.sec.gov/Archives/edgar/data/936395/000095013303002999/w89497e10vq.htm"
    },
    {
        "date": "2003-04-30",
        "symbol": "CIEN",
        "reportedCurrency": "USD",
        "cik": "0000936395",
        "fillingDate": "2003-05-22",
        "acceptedDate": "2003-05-22 12:48:57",
        "calendarYear": "2003",
        "period": "Q2",
        "revenue": 73540000,
        "costOfRevenue": 55325000,
        "grossProfit": 18215000,
        "grossProfitRatio": 0.2476883329,
        "researchAndDevelopmentExpenses": 52193000,
        "generalAndAdministrativeExpenses": 0,
        "sellingAndMarketingExpenses": 0,
        "sellingGeneralAndAdministrativeExpenses": 38157000,
        "otherExpenses": 3421000,
        "operatingExpenses": 93771000,
        "costAndExpenses": 149096000,
        "interestIncome": 0,
        "interestExpense": 2378000,
        "depreciationAndAmortization": 30507000,
        "ebitda": -45049000,
        "ebitdaratio": -0.6125781887,
        "operatingIncome": -78280000,
        "operatingIncomeRatio": -1.0644547185,
        "totalOtherIncomeExpensesNet": 3070000,
        "incomeBeforeTax": -75210000,
        "incomeBeforeTaxRatio": -1.0227087299,
        "incomeTaxExpense": 251000,
        "netIncome": -75461000,
        "netIncomeRatio": -1.0261218385,
        "eps": -1.22,
        "epsdiluted": -1.22,
        "weightedAverageShsOut": 62008882,
        "weightedAverageShsOutDil": 62008882,
        "link": "https://www.sec.gov/Archives/edgar/data/936395/000095013303001977/0000950133-03-001977-index.htm",
        "finalLink": "https://www.sec.gov/Archives/edgar/data/936395/000095013303001977/w86951e10vq.htm"
    },
    {
        "date": "2003-01-31",
        "symbol": "CIEN",
        "reportedCurrency": "USD",
        "cik": "0000936395",
        "fillingDate": "2003-02-20",
        "acceptedDate": "2003-02-20 13:25:50",
        "calendarYear": "2003",
        "period": "Q1",
        "revenue": 70474000,
        "costOfRevenue": 54209000,
        "grossProfit": 16265000,
        "grossProfitRatio": 0.2307943355,
        "researchAndDevelopmentExpenses": 53734000,
        "generalAndAdministrativeExpenses": 12206000,
        "sellingAndMarketingExpenses": 26605000,
        "sellingGeneralAndAdministrativeExpenses": 43742000,
        "otherExpenses": 6054000,
        "operatingExpenses": 103530000,
        "costAndExpenses": 157739000,
        "interestIncome": 0,
        "interestExpense": 42624000,
        "depreciationAndAmortization": 31729000,
        "ebitda": -55536000,
        "ebitdaratio": -0.7880353038,
        "operatingIncome": -87265000,
        "operatingIncomeRatio": -1.238258081,
        "totalOtherIncomeExpensesNet": -19518000,
        "incomeBeforeTax": -106783000,
        "incomeBeforeTaxRatio": -1.5152112836,
        "incomeTaxExpense": 359000,
        "netIncome": -107142000,
        "netIncomeRatio": -1.5203053608,
        "eps": -1.73,
        "epsdiluted": -1.73,
        "weightedAverageShsOut": 61814538,
        "weightedAverageShsOutDil": 61814538,
        "link": "https://www.sec.gov/Archives/edgar/data/936395/000095013303000505/0000950133-03-000505-index.htm",
        "finalLink": "https://www.sec.gov/Archives/edgar/data/936395/000095013303000505/w83717e10vq.htm"
    },
    {
        "date": "2002-10-31",
        "symbol": "CIEN",
        "reportedCurrency": "USD",
        "cik": "0000936395",
        "fillingDate": "2002-12-12",
        "acceptedDate": "2002-12-12 10:22:11",
        "calendarYear": "2002",
        "period": "Q4",
        "revenue": 61918000,
        "costOfRevenue": 53393000,
        "grossProfit": 8525000,
        "grossProfitRatio": 0.1376820957,
        "researchAndDevelopmentExpenses": 61355000,
        "generalAndAdministrativeExpenses": 98515000,
        "sellingAndMarketingExpenses": 61847000,
        "sellingGeneralAndAdministrativeExpenses": 50843000,
        "otherExpenses": 562081000,
        "operatingExpenses": 674279000,
        "costAndExpenses": 727672000,
        "interestIncome": 0,
        "interestExpense": 746653000,
        "depreciationAndAmortization": 592421000,
        "ebitda": -73333000,
        "ebitdaratio": -1.1843567299,
        "operatingIncome": -744445000,
        "operatingIncomeRatio": -12.0230789108,
        "totalOtherIncomeExpensesNet": -11833000,
        "incomeBeforeTax": -756278000,
        "incomeBeforeTaxRatio": -12.2141865047,
        "incomeTaxExpense": -1508000,
        "netIncome": -754770000,
        "netIncomeRatio": -12.1898317129,
        "eps": -12.34,
        "epsdiluted": -12.21,
        "weightedAverageShsOut": 61172917,
        "weightedAverageShsOutDil": 61814538,
        "link": "https://www.sec.gov/Archives/edgar/data/936395/000095013302004070/0000950133-02-004070-index.htm",
        "finalLink": "https://www.sec.gov/Archives/edgar/data/936395/000095013302004070/w66669e10vk.htm"
    },
    {
        "date": "2002-07-31",
        "symbol": "CIEN",
        "reportedCurrency": "USD",
        "cik": "0000936395",
        "fillingDate": "2002-08-22",
        "acceptedDate": "2002-08-22 16:07:24",
        "calendarYear": "2002",
        "period": "Q3",
        "revenue": 50028000,
        "costOfRevenue": 92152000,
        "grossProfit": -42124000,
        "grossProfitRatio": -0.8420084753,
        "researchAndDevelopmentExpenses": 53950000,
        "generalAndAdministrativeExpenses": 45343000,
        "sellingAndMarketingExpenses": 0,
        "sellingGeneralAndAdministrativeExpenses": 45343000,
        "otherExpenses": 2343000,
        "operatingExpenses": 101636000,
        "costAndExpenses": 193788000,
        "interestIncome": 0,
        "interestExpense": 34180000,
        "depreciationAndAmortization": 36250000,
        "ebitda": -107510000,
        "ebitdaratio": -2.1489965619,
        "operatingIncome": -162322000,
        "operatingIncomeRatio": -3.2446230111,
        "totalOtherIncomeExpensesNet": 2944000,
        "incomeBeforeTax": -159378000,
        "incomeBeforeTaxRatio": -3.1857759655,
        "incomeTaxExpense": 607000,
        "netIncome": -159985000,
        "netIncomeRatio": -3.1979091709,
        "eps": -2.97,
        "epsdiluted": -2.97,
        "weightedAverageShsOut": 53808709,
        "weightedAverageShsOutDil": 53808709,
        "link": "https://www.sec.gov/Archives/edgar/data/936395/000095013302003077/0000950133-02-003077-index.htm",
        "finalLink": "https://www.sec.gov/Archives/edgar/data/936395/000095013302003077/w63443e10vq.htm"
    },
    {
        "date": "2002-04-30",
        "symbol": "CIEN",
        "reportedCurrency": "USD",
        "cik": "0000936395",
        "fillingDate": "2002-05-23",
        "acceptedDate": "2002-05-23 15:06:53",
        "calendarYear": "2002",
        "period": "Q2",
        "revenue": 87053000,
        "costOfRevenue": 310802000,
        "grossProfit": -223749000,
        "grossProfitRatio": -2.5702617945,
        "researchAndDevelopmentExpenses": 59558000,
        "generalAndAdministrativeExpenses": 47603000,
        "sellingAndMarketingExpenses": 0,
        "sellingGeneralAndAdministrativeExpenses": 47603000,
        "otherExpenses": 17868000,
        "operatingExpenses": 125029000,
        "costAndExpenses": 435831000,
        "interestIncome": 0,
        "interestExpense": 252777000,
        "depreciationAndAmortization": 42921000,
        "ebitda": -305857000,
        "ebitdaratio": -3.5134573191,
        "operatingIncome": -470126000,
        "operatingIncomeRatio": -5.4004571927,
        "totalOtherIncomeExpensesNet": 5974000,
        "incomeBeforeTax": -464152000,
        "incomeBeforeTaxRatio": -5.331832332,
        "incomeTaxExpense": 148001000,
        "netIncome": -612153000,
        "netIncomeRatio": -7.0319575431,
        "eps": -13.03,
        "epsdiluted": -13.03,
        "weightedAverageShsOut": 46980375,
        "weightedAverageShsOutDil": 46980375,
        "link": "https://www.sec.gov/Archives/edgar/data/936395/000095013302002102/0000950133-02-002102-index.htm",
        "finalLink": "https://www.sec.gov/Archives/edgar/data/936395/000095013302002102/w60635e10-q.htm"
    },
    {
        "date": "2002-01-31",
        "symbol": "CIEN",
        "reportedCurrency": "USD",
        "cik": "0000936395",
        "fillingDate": "2002-05-15",
        "acceptedDate": "2002-05-15 15:21:58",
        "calendarYear": "2002",
        "period": "Q1",
        "revenue": 162156000,
        "costOfRevenue": 139687000,
        "grossProfit": 22469000,
        "grossProfitRatio": 0.1385640988,
        "researchAndDevelopmentExpenses": 64756000,
        "generalAndAdministrativeExpenses": 56389000,
        "sellingAndMarketingExpenses": 0,
        "sellingGeneralAndAdministrativeExpenses": 56389000,
        "otherExpenses": 1813000,
        "operatingExpenses": 122958000,
        "costAndExpenses": 262645000,
        "interestIncome": 0,
        "interestExpense": 13295000,
        "depreciationAndAmortization": 40066000,
        "ebitda": -60423000,
        "ebitdaratio": -0.3726226597,
        "operatingIncome": -107317000,
        "operatingIncomeRatio": -0.6618133156,
        "totalOtherIncomeExpensesNet": 361000,
        "incomeBeforeTax": -106956000,
        "incomeBeforeTaxRatio": -0.6595870643,
        "incomeTaxExpense": -36365000,
        "netIncome": -70591000,
        "netIncomeRatio": -0.4353277091,
        "eps": -1.51,
        "epsdiluted": -1.51,
        "weightedAverageShsOut": 46816898,
        "weightedAverageShsOutDil": 46816898,
        "link": "https://www.sec.gov/Archives/edgar/data/936395/000095013302002007/0000950133-02-002007-index.htm",
        "finalLink": "https://www.sec.gov/Archives/edgar/data/936395/000095013302002007/w60820a1e10-qa.htm"
    },
    {
        "date": "2001-10-31",
        "symbol": "CIEN",
        "reportedCurrency": "USD",
        "cik": "0000936395",
        "fillingDate": "2001-12-13",
        "acceptedDate": "2001-12-13 00:00:00",
        "calendarYear": "2001",
        "period": "Q4",
        "revenue": 367774000,
        "costOfRevenue": 221554000,
        "grossProfit": 146220000,
        "grossProfitRatio": 0.3975811232,
        "researchAndDevelopmentExpenses": 73195000,
        "generalAndAdministrativeExpenses": 70453000,
        "sellingAndMarketingExpenses": 0,
        "sellingGeneralAndAdministrativeExpenses": 70453000,
        "otherExpenses": 1797221000,
        "operatingExpenses": 1940869000,
        "costAndExpenses": 2162423000,
        "interestIncome": 0,
        "interestExpense": 1743646000,
        "depreciationAndAmortization": 1933358000,
        "ebitda": 138709000,
        "ebitdaratio": 0.3771582548,
        "operatingIncome": -1810088000,
        "operatingIncomeRatio": -4.9217399816,
        "totalOtherIncomeExpensesNet": 6658000,
        "incomeBeforeTax": -1803430000,
        "incomeBeforeTaxRatio": -4.9036364724,
        "incomeTaxExpense": -1148000,
        "netIncome": -1802282000,
        "netIncomeRatio": -4.9005149902,
        "eps": -38.5,
        "epsdiluted": -38.5,
        "weightedAverageShsOut": 46816898,
        "weightedAverageShsOutDil": 46816898,
        "link": "https://www.sec.gov/Archives/edgar/data/936395/000095013301503553/0000950133-01-503553-index.htm",
        "finalLink": "https://www.sec.gov/Archives/edgar/data/936395/000095013301503553/w55577e10-k.htm"
    },
    {
        "date": "2001-07-31",
        "symbol": "CIEN",
        "reportedCurrency": "USD",
        "cik": "0000936395",
        "fillingDate": "2001-08-16",
        "acceptedDate": "2001-08-16 00:00:00",
        "calendarYear": "2001",
        "period": "Q3",
        "revenue": 458070000,
        "costOfRevenue": 259649000,
        "grossProfit": 198421000,
        "grossProfitRatio": 0.4331674198,
        "researchAndDevelopmentExpenses": 65788000,
        "generalAndAdministrativeExpenses": 70064000,
        "sellingAndMarketingExpenses": 0,
        "sellingGeneralAndAdministrativeExpenses": 70064000,
        "otherExpenses": 77024000,
        "operatingExpenses": 212876000,
        "costAndExpenses": 472525000,
        "interestIncome": 0,
        "interestExpense": 25935000,
        "depreciationAndAmortization": 131118000,
        "ebitda": 116663000,
        "ebitdaratio": 0.254683782,
        "operatingIncome": -14455000,
        "operatingIncomeRatio": -0.0315563124,
        "totalOtherIncomeExpensesNet": 8542000,
        "incomeBeforeTax": -5913000,
        "incomeBeforeTaxRatio": -0.0129085074,
        "incomeTaxExpense": -11567000,
        "netIncome": 5654000,
        "netIncomeRatio": 0.0123430917,
        "eps": 0.14,
        "epsdiluted": 0.14,
        "weightedAverageShsOut": 46338286,
        "weightedAverageShsOutDil": 48268143,
        "link": "https://www.sec.gov/Archives/edgar/data/936395/000095013301502334/0000950133-01-502334-index.htm",
        "finalLink": "https://www.sec.gov/Archives/edgar/data/936395/000095013301502334/w52257e10-q.htm"
    },
    {
        "date": "2001-04-30",
        "symbol": "CIEN",
        "reportedCurrency": "USD",
        "cik": "0000936395",
        "fillingDate": "2001-05-17",
        "acceptedDate": "2001-05-17 00:00:00",
        "calendarYear": "2001",
        "period": "Q2",
        "revenue": 425396000,
        "costOfRevenue": 231509000,
        "grossProfit": 193887000,
        "grossProfitRatio": 0.4557800261,
        "researchAndDevelopmentExpenses": 54344000,
        "generalAndAdministrativeExpenses": 55569000,
        "sellingAndMarketingExpenses": 0,
        "sellingGeneralAndAdministrativeExpenses": 55569000,
        "otherExpenses": 51168000,
        "operatingExpenses": 161081000,
        "costAndExpenses": 392590000,
        "interestIncome": 0,
        "interestExpense": 58896000,
        "depreciationAndAmortization": 52937000,
        "ebitda": 85743000,
        "ebitdaratio": 0.2015604284,
        "operatingIncome": 8966000,
        "operatingIncomeRatio": 0.0210768319,
        "totalOtherIncomeExpensesNet": 13579000,
        "incomeBeforeTax": 22545000,
        "incomeBeforeTaxRatio": 0.0529976775,
        "incomeTaxExpense": 73225000,
        "netIncome": -50680000,
        "netIncomeRatio": -0.1191360521,
        "eps": -1.16,
        "epsdiluted": -1.16,
        "weightedAverageShsOut": 43774414,
        "weightedAverageShsOutDil": 43774414,
        "link": "https://www.sec.gov/Archives/edgar/data/936395/000095013301501246/0000950133-01-501246-index.htm",
        "finalLink": "https://www.sec.gov/Archives/edgar/data/936395/000095013301501246/w49420e10-q.htm"
    },
    {
        "date": "2001-01-31",
        "symbol": "CIEN",
        "reportedCurrency": "USD",
        "cik": "0000936395",
        "fillingDate": "2001-02-15",
        "acceptedDate": "2001-02-15 00:00:00",
        "calendarYear": "2001",
        "period": "Q1",
        "revenue": 351989000,
        "costOfRevenue": 191837000,
        "grossProfit": 160152000,
        "grossProfitRatio": 0.4549914912,
        "researchAndDevelopmentExpenses": 43511000,
        "generalAndAdministrativeExpenses": 40781000,
        "sellingAndMarketingExpenses": 0,
        "sellingGeneralAndAdministrativeExpenses": 40781000,
        "otherExpenses": 0,
        "operatingExpenses": 84292000,
        "costAndExpenses": 276129000,
        "interestIncome": 0,
        "interestExpense": 0,
        "depreciationAndAmortization": 20780000,
        "ebitda": 96640000,
        "ebitdaratio": 0.2745540344,
        "operatingIncome": 75860000,
        "operatingIncomeRatio": 0.2155180986,
        "totalOtherIncomeExpensesNet": 4209000,
        "incomeBeforeTax": 80069000,
        "incomeBeforeTaxRatio": 0.2274758586,
        "incomeTaxExpense": 26823000,
        "netIncome": 53246000,
        "netIncomeRatio": 0.1512717727,
        "eps": 1.33,
        "epsdiluted": 1.26,
        "weightedAverageShsOut": 41012442,
        "weightedAverageShsOutDil": 43006612,
        "link": "https://www.sec.gov/Archives/edgar/data/936395/000095013301000642/0000950133-01-000642-index.htm",
        "finalLink": "https://www.sec.gov/Archives/edgar/data/936395/000095013301000642/w45580e10-q.txt"
    },
    {
        "date": "2000-10-31",
        "symbol": "CIEN",
        "reportedCurrency": "USD",
        "cik": "0000936395",
        "fillingDate": "2000-12-07",
        "acceptedDate": "2000-12-07 00:00:00",
        "calendarYear": "2000",
        "period": "Q4",
        "revenue": 287590000,
        "costOfRevenue": 138068000,
        "grossProfit": 149522000,
        "grossProfitRatio": 0.5199137661,
        "researchAndDevelopmentExpenses": 36665000,
        "generalAndAdministrativeExpenses": 66718000,
        "sellingAndMarketingExpenses": 0,
        "sellingGeneralAndAdministrativeExpenses": 66718000,
        "otherExpenses": 19945000,
        "operatingExpenses": 123328000,
        "costAndExpenses": 261396000,
        "interestIncome": 0,
        "interestExpense": 0,
        "depreciationAndAmortization": 19945000,
        "ebitda": 46139000,
        "ebitdaratio": 0.1604332557,
        "operatingIncome": 26194000,
        "operatingIncomeRatio": 0.0910810529,
        "totalOtherIncomeExpensesNet": 11974000,
        "incomeBeforeTax": 38168000,
        "incomeBeforeTaxRatio": 0.1327167148,
        "incomeTaxExpense": 12405000,
        "netIncome": 25763000,
        "netIncomeRatio": 0.0895823916,
        "eps": 0.63,
        "epsdiluted": 0.63,
        "weightedAverageShsOut": 41003723,
        "weightedAverageShsOutDil": 41012442,
        "link": "https://www.sec.gov/Archives/edgar/data/936395/000095013300004793/0000950133-00-004793-index.htm",
        "finalLink": "https://www.sec.gov/Archives/edgar/data/936395/000095013300004793/w43335e10-k.txt"
    },
    {
        "date": "2000-07-31",
        "symbol": "CIEN",
        "reportedCurrency": "USD",
        "cik": "0000936395",
        "fillingDate": "2000-08-17",
        "acceptedDate": "2000-08-17 00:00:00",
        "calendarYear": "2000",
        "period": "Q3",
        "revenue": 233268000,
        "costOfRevenue": 111929000,
        "grossProfit": 121339000,
        "grossProfitRatio": 0.5201699333,
        "researchAndDevelopmentExpenses": 32697000,
        "generalAndAdministrativeExpenses": 33714000,
        "sellingAndMarketingExpenses": 0,
        "sellingGeneralAndAdministrativeExpenses": 33714000,
        "otherExpenses": 16243000,
        "operatingExpenses": 82654000,
        "costAndExpenses": 194583000,
        "interestIncome": 0,
        "interestExpense": 0,
        "depreciationAndAmortization": 16243000,
        "ebitda": 54928000,
        "ebitdaratio": 0.2354716463,
        "operatingIncome": 38685000,
        "operatingIncomeRatio": 0.1658392921,
        "totalOtherIncomeExpensesNet": 3026000,
        "incomeBeforeTax": 41711000,
        "incomeBeforeTaxRatio": 0.1788114958,
        "incomeTaxExpense": 13556000,
        "netIncome": 28155000,
        "netIncomeRatio": 0.1206980812,
        "eps": 0.7,
        "epsdiluted": 0.66,
        "weightedAverageShsOut": 40334668,
        "weightedAverageShsOutDil": 42839991,
        "link": "https://www.sec.gov/Archives/edgar/data/936395/000095013300003511/0000950133-00-003511-index.htm",
        "finalLink": "https://www.sec.gov/Archives/edgar/data/936395/000095013300003511/e10-q.txt"
    },
    {
        "date": "2000-04-30",
        "symbol": "CIEN",
        "reportedCurrency": "USD",
        "cik": "0000936395",
        "fillingDate": "2000-05-18",
        "acceptedDate": "2000-05-18 00:00:00",
        "calendarYear": "2000",
        "period": "Q2",
        "revenue": 185679000,
        "costOfRevenue": 89673000,
        "grossProfit": 96006000,
        "grossProfitRatio": 0.5170536248,
        "researchAndDevelopmentExpenses": 29965000,
        "generalAndAdministrativeExpenses": 27507000,
        "sellingAndMarketingExpenses": 0,
        "sellingGeneralAndAdministrativeExpenses": 27507000,
        "otherExpenses": 14532000,
        "operatingExpenses": 72004000,
        "costAndExpenses": 161677000,
        "interestIncome": 0,
        "interestExpense": 0,
        "depreciationAndAmortization": 14532000,
        "ebitda": 38534000,
        "ebitdaratio": 0.2075302,
        "operatingIncome": 24002000,
        "operatingIncomeRatio": 0.129266099,
        "totalOtherIncomeExpensesNet": 3268000,
        "incomeBeforeTax": 27270000,
        "incomeBeforeTaxRatio": 0.1468663661,
        "incomeTaxExpense": 8863000,
        "netIncome": 18407000,
        "netIncomeRatio": 0.0991334507,
        "eps": 0.45,
        "epsdiluted": 0.42,
        "weightedAverageShsOut": 40035149,
        "weightedAverageShsOutDil": 42745105,
        "link": "https://www.sec.gov/Archives/edgar/data/936395/000095013300002180/0000950133-00-002180-index.html",
        "finalLink": "https://www.sec.gov/Archives/edgar/data/936395/000095013300002180/"
    },
    {
        "date": "2000-01-31",
        "symbol": "CIEN",
        "reportedCurrency": "USD",
        "cik": "0000936395",
        "fillingDate": "2000-02-17",
        "acceptedDate": "2000-02-17 00:00:00",
        "calendarYear": "2000",
        "period": "Q1",
        "revenue": 152200000,
        "costOfRevenue": 73100000,
        "grossProfit": 79100000,
        "grossProfitRatio": 0.5197109067,
        "researchAndDevelopmentExpenses": 29700000,
        "generalAndAdministrativeExpenses": 25000000,
        "sellingAndMarketingExpenses": 0,
        "sellingGeneralAndAdministrativeExpenses": 25000000,
        "otherExpenses": 13900000,
        "operatingExpenses": 68600000,
        "costAndExpenses": 141700000,
        "interestIncome": 0,
        "interestExpense": 0,
        "depreciationAndAmortization": 13900000,
        "ebitda": 24400000,
        "ebitdaratio": 0.1603153745,
        "operatingIncome": 10500000,
        "operatingIncomeRatio": 0.0689881735,
        "totalOtherIncomeExpensesNet": 3000000,
        "incomeBeforeTax": 13500000,
        "incomeBeforeTaxRatio": 0.0886990802,
        "incomeTaxExpense": 4400000,
        "netIncome": 9100000,
        "netIncomeRatio": 0.0597897503,
        "eps": 0.24,
        "epsdiluted": 0.21,
        "weightedAverageShsOut": 39466407,
        "weightedAverageShsOutDil": 42270677,
        "link": "https://www.sec.gov/Archives/edgar/data/936395/000095013300000603/0000950133-00-000603-index.html",
        "finalLink": "https://www.sec.gov/Archives/edgar/data/936395/000095013300000603/"
    },
    {
        "date": "1999-10-31",
        "symbol": "CIEN",
        "reportedCurrency": "USD",
        "cik": "0000936395",
        "fillingDate": "1999-12-10",
        "acceptedDate": "1999-12-10 00:00:00",
        "calendarYear": "1999",
        "period": "Q4",
        "revenue": 141400000,
        "costOfRevenue": 68500000,
        "grossProfit": 72900000,
        "grossProfitRatio": 0.5155586987,
        "researchAndDevelopmentExpenses": 29900000,
        "generalAndAdministrativeExpenses": 24700000,
        "sellingAndMarketingExpenses": 0,
        "sellingGeneralAndAdministrativeExpenses": 24700000,
        "otherExpenses": 14900000,
        "operatingExpenses": 69500000,
        "costAndExpenses": 138000000,
        "interestIncome": 0,
        "interestExpense": 7400000,
        "depreciationAndAmortization": 14900000,
        "ebitda": 18300000,
        "ebitdaratio": 0.1294200849,
        "operatingIncome": 3400000,
        "operatingIncomeRatio": 0.0240452617,
        "totalOtherIncomeExpensesNet": 3400000,
        "incomeBeforeTax": 6800000,
        "incomeBeforeTaxRatio": 0.0480905233,
        "incomeTaxExpense": 2300000,
        "netIncome": 4500000,
        "netIncomeRatio": 0.031824611,
        "eps": 0.11,
        "epsdiluted": 0.11,
        "weightedAverageShsOut": 39466407,
        "weightedAverageShsOutDil": 39466407,
        "link": "https://www.sec.gov/Archives/edgar/data/936395/000095013399003877/0000950133-99-003877-index.html",
        "finalLink": "https://www.sec.gov/Archives/edgar/data/936395/000095013399003877/"
    },
    {
        "date": "1999-07-31",
        "symbol": "CIEN",
        "reportedCurrency": "USD",
        "cik": "0000936395",
        "fillingDate": "1999-08-19",
        "acceptedDate": "1999-08-19 00:00:00",
        "calendarYear": "1999",
        "period": "Q3",
        "revenue": 128800000,
        "costOfRevenue": 65700000,
        "grossProfit": 63100000,
        "grossProfitRatio": 0.4899068323,
        "researchAndDevelopmentExpenses": 28400000,
        "generalAndAdministrativeExpenses": 22200000,
        "sellingAndMarketingExpenses": 0,
        "sellingGeneralAndAdministrativeExpenses": 22200000,
        "otherExpenses": 13700000,
        "operatingExpenses": 64300000,
        "costAndExpenses": 130000000,
        "interestIncome": 0,
        "interestExpense": 14400000,
        "depreciationAndAmortization": 13633000,
        "ebitda": 12500000,
        "ebitdaratio": 0.0970496894,
        "operatingIncome": -1200000,
        "operatingIncomeRatio": -0.0093167702,
        "totalOtherIncomeExpensesNet": -7300000,
        "incomeBeforeTax": -8500000,
        "incomeBeforeTaxRatio": -0.0659937888,
        "incomeTaxExpense": -2900000,
        "netIncome": -5600000,
        "netIncomeRatio": -0.0434782609,
        "eps": -0.14,
        "epsdiluted": -0.14,
        "weightedAverageShsOut": 40000000,
        "weightedAverageShsOutDil": 40000000,
        "link": "https://www.sec.gov/Archives/edgar/data/936395/000095013399002887/0000950133-99-002887-index.html",
        "finalLink": "https://www.sec.gov/Archives/edgar/data/936395/000095013399002887/"
    },
    {
        "date": "1999-04-30",
        "symbol": "CIEN",
        "reportedCurrency": "USD",
        "cik": "0000936395",
        "fillingDate": "1999-05-21",
        "acceptedDate": "1999-05-21 00:00:00",
        "calendarYear": "1999",
        "period": "Q2",
        "revenue": 111500000,
        "costOfRevenue": 59171000,
        "grossProfit": 52319000,
        "grossProfitRatio": 0.4692286996,
        "researchAndDevelopmentExpenses": 24094000,
        "generalAndAdministrativeExpenses": 17900000,
        "sellingAndMarketingExpenses": 0,
        "sellingGeneralAndAdministrativeExpenses": 17900000,
        "otherExpenses": 12067000,
        "operatingExpenses": 55102000,
        "costAndExpenses": 114273000,
        "interestIncome": 0,
        "interestExpense": 0,
        "depreciationAndAmortization": 12067000,
        "ebitda": 9284000,
        "ebitdaratio": 0.083264574,
        "operatingIncome": -2783000,
        "operatingIncomeRatio": -0.0249596413,
        "totalOtherIncomeExpensesNet": 1330000,
        "incomeBeforeTax": 2500000,
        "incomeBeforeTaxRatio": 0.0224215247,
        "incomeTaxExpense": 900000,
        "netIncome": 1600000,
        "netIncomeRatio": 0.0143497758,
        "eps": -0.07,
        "epsdiluted": -0.07,
        "weightedAverageShsOut": 37865714,
        "weightedAverageShsOutDil": 37865714,
        "link": "https://www.sec.gov/Archives/edgar/data/936395/000095013399001986/0000950133-99-001986-index.html",
        "finalLink": "https://www.sec.gov/Archives/edgar/data/936395/"
    },
    {
        "date": "1999-01-31",
        "symbol": "CIEN",
        "reportedCurrency": "USD",
        "cik": "0000936395",
        "fillingDate": "1999-02-18",
        "acceptedDate": "1999-02-18 00:00:00",
        "calendarYear": "1999",
        "period": "Q1",
        "revenue": 100400000,
        "costOfRevenue": 54200000,
        "grossProfit": 46200000,
        "grossProfitRatio": 0.4601593625,
        "researchAndDevelopmentExpenses": 22200000,
        "generalAndAdministrativeExpenses": 16900000,
        "sellingAndMarketingExpenses": 0,
        "sellingGeneralAndAdministrativeExpenses": 16900000,
        "otherExpenses": 11600000,
        "operatingExpenses": 52400000,
        "costAndExpenses": 106600000,
        "interestIncome": 0,
        "interestExpense": 0,
        "depreciationAndAmortization": 11600000,
        "ebitda": 5400000,
        "ebitdaratio": 0.0537848606,
        "operatingIncome": -6200000,
        "operatingIncomeRatio": -0.061752988,
        "totalOtherIncomeExpensesNet": 3300000,
        "incomeBeforeTax": 3500000,
        "incomeBeforeTaxRatio": 0.0348605578,
        "incomeTaxExpense": 1200000,
        "netIncome": 2300000,
        "netIncomeRatio": 0.0229083665,
        "eps": -0.07,
        "epsdiluted": -0.07,
        "weightedAverageShsOut": 27142857,
        "weightedAverageShsOutDil": 27142857,
        "link": "https://www.sec.gov/Archives/edgar/data/936395/000095013399000533/0000950133-99-000533-index.html",
        "finalLink": "https://www.sec.gov/Archives/edgar/data/936395/"
    },
    {
        "date": "1998-10-31",
        "symbol": "CIEN",
        "reportedCurrency": "USD",
        "cik": "0000936395",
        "fillingDate": "1999-04-05",
        "acceptedDate": "1999-04-05 00:00:00",
        "calendarYear": "1998",
        "period": "Q4",
        "revenue": 91200000,
        "costOfRevenue": 52100000,
        "grossProfit": 39100000,
        "grossProfitRatio": 0.4287280702,
        "researchAndDevelopmentExpenses": 18800000,
        "generalAndAdministrativeExpenses": 18000000,
        "sellingAndMarketingExpenses": 0,
        "sellingGeneralAndAdministrativeExpenses": 18000000,
        "otherExpenses": 10600000,
        "operatingExpenses": 47400000,
        "costAndExpenses": 99500000,
        "interestIncome": 0,
        "interestExpense": 0,
        "depreciationAndAmortization": 10600000,
        "ebitda": 2300000,
        "ebitdaratio": 0.0252192982,
        "operatingIncome": -8300000,
        "operatingIncomeRatio": -0.0910087719,
        "totalOtherIncomeExpensesNet": 2000000,
        "incomeBeforeTax": -6300000,
        "incomeBeforeTaxRatio": -0.0690789474,
        "incomeTaxExpense": -2400000,
        "netIncome": -3900000,
        "netIncomeRatio": -0.0427631579,
        "eps": -0.12,
        "epsdiluted": -0.12,
        "weightedAverageShsOut": 32857143,
        "weightedAverageShsOutDil": 32857143,
        "link": "https://www.sec.gov/Archives/edgar/data/936395/000095013399001206/0000950133-99-001206-index.html",
        "finalLink": "https://www.sec.gov/Archives/edgar/data/936395/"
    },
    {
        "date": "1998-07-31",
        "symbol": "CIEN",
        "reportedCurrency": "USD",
        "cik": "0000936395",
        "fillingDate": "1998-09-14",
        "acceptedDate": "1998-09-14 00:00:00",
        "calendarYear": "1998",
        "period": "Q3",
        "revenue": 129100000,
        "costOfRevenue": 61300000,
        "grossProfit": 67800000,
        "grossProfitRatio": 0.5251742835,
        "researchAndDevelopmentExpenses": 22000000,
        "generalAndAdministrativeExpenses": 16400000,
        "sellingAndMarketingExpenses": 0,
        "sellingGeneralAndAdministrativeExpenses": 16400000,
        "otherExpenses": 9100000,
        "operatingExpenses": 48200000,
        "costAndExpenses": 109500000,
        "interestIncome": 0,
        "interestExpense": 40100000,
        "depreciationAndAmortization": 9100000,
        "ebitda": 28700000,
        "ebitdaratio": 0.2223082881,
        "operatingIncome": 19600000,
        "operatingIncomeRatio": 0.1518202943,
        "totalOtherIncomeExpensesNet": -16200000,
        "incomeBeforeTax": 3400000,
        "incomeBeforeTaxRatio": 0.0263361735,
        "incomeTaxExpense": 1300000,
        "netIncome": 2100000,
        "netIncomeRatio": 0.0162664601,
        "eps": -0.0102,
        "epsdiluted": -0.0102,
        "weightedAverageShsOut": 29100529,
        "weightedAverageShsOutDil": 30219780,
        "link": "https://www.sec.gov/Archives/edgar/data/936395/000095013398003284/0000950133-98-003284-index.html",
        "finalLink": "https://www.sec.gov/Archives/edgar/data/936395/"
    },
    {
        "date": "1998-04-30",
        "symbol": "CIEN",
        "reportedCurrency": "USD",
        "cik": "0000936395",
        "fillingDate": "1998-05-21",
        "acceptedDate": "1998-05-21 00:00:00",
        "calendarYear": "1998",
        "period": "Q2",
        "revenue": 142700000,
        "costOfRevenue": 55900000,
        "grossProfit": 86800000,
        "grossProfitRatio": 0.608269096,
        "researchAndDevelopmentExpenses": 16700000,
        "generalAndAdministrativeExpenses": 25500000,
        "sellingAndMarketingExpenses": 0,
        "sellingGeneralAndAdministrativeExpenses": 25500000,
        "otherExpenses": 8000000,
        "operatingExpenses": 40300000,
        "costAndExpenses": 96200000,
        "interestIncome": 0,
        "interestExpense": 0,
        "depreciationAndAmortization": 8400000,
        "ebitda": 54900000,
        "ebitdaratio": 0.3847231955,
        "operatingIncome": 46500000,
        "operatingIncomeRatio": 0.3258584443,
        "totalOtherIncomeExpensesNet": 3400000,
        "incomeBeforeTax": 30500000,
        "incomeBeforeTaxRatio": 0.2137351086,
        "incomeTaxExpense": 15200000,
        "netIncome": 15300000,
        "netIncomeRatio": 0.1072179397,
        "eps": 0.49,
        "epsdiluted": 0.49,
        "weightedAverageShsOut": 31020408,
        "weightedAverageShsOutDil": 31020408,
        "link": "https://www.sec.gov/Archives/edgar/data/936395/000095013398002045/0000950133-98-002045-index.html",
        "finalLink": "https://www.sec.gov/Archives/edgar/data/936395/"
    },
    {
        "date": "1998-01-31",
        "symbol": "CIEN",
        "reportedCurrency": "USD",
        "cik": "0000936395",
        "fillingDate": "1998-02-19",
        "acceptedDate": "1998-02-19 00:00:00",
        "calendarYear": "1998",
        "period": "Q1",
        "revenue": 134300000,
        "costOfRevenue": 53300000,
        "grossProfit": 91800000,
        "grossProfitRatio": 0.6835443038,
        "researchAndDevelopmentExpenses": 10200000,
        "generalAndAdministrativeExpenses": 12600000,
        "sellingAndMarketingExpenses": 0,
        "sellingGeneralAndAdministrativeExpenses": 12600000,
        "otherExpenses": 5700000,
        "operatingExpenses": 29700000,
        "costAndExpenses": 83000000,
        "interestIncome": 0,
        "interestExpense": 0,
        "depreciationAndAmortization": 5700000,
        "ebitda": 67800000,
        "ebitdaratio": 0.5048399106,
        "operatingIncome": 62100000,
        "operatingIncomeRatio": 0.4623976173,
        "totalOtherIncomeExpensesNet": 3800000,
        "incomeBeforeTax": 64700000,
        "incomeBeforeTaxRatio": 0.4817572599,
        "incomeTaxExpense": 24900000,
        "netIncome": 39800000,
        "netIncomeRatio": 0.296351452,
        "eps": 1.4,
        "epsdiluted": 1.33,
        "weightedAverageShsOut": 28357143,
        "weightedAverageShsOutDil": 29849624,
        "link": "https://www.sec.gov/Archives/edgar/data/936395/000095013398000565/0000950133-98-000565-index.html",
        "finalLink": "https://www.sec.gov/Archives/edgar/data/936395/"
    },
    {
        "date": "1997-10-31",
        "symbol": "CIEN",
        "reportedCurrency": "USD",
        "cik": "0000936395",
        "fillingDate": "1997-12-10",
        "acceptedDate": "1997-12-10 00:00:00",
        "calendarYear": "1997",
        "period": "Q4",
        "revenue": 121000000,
        "costOfRevenue": 38900000,
        "grossProfit": 82100000,
        "grossProfitRatio": 0.6785123967,
        "researchAndDevelopmentExpenses": 8300000,
        "generalAndAdministrativeExpenses": 13200000,
        "sellingAndMarketingExpenses": 0,
        "sellingGeneralAndAdministrativeExpenses": 13200000,
        "otherExpenses": 4300000,
        "operatingExpenses": 25800000,
        "costAndExpenses": 64700000,
        "interestIncome": 0,
        "interestExpense": 0,
        "depreciationAndAmortization": 4300000,
        "ebitda": 60600000,
        "ebitdaratio": 0.5008264463,
        "operatingIncome": 56300000,
        "operatingIncomeRatio": 0.4652892562,
        "totalOtherIncomeExpensesNet": 3600000,
        "incomeBeforeTax": 59900000,
        "incomeBeforeTaxRatio": 0.4950413223,
        "incomeTaxExpense": 22600000,
        "netIncome": 37300000,
        "netIncomeRatio": 0.3082644628,
        "eps": 1.31,
        "epsdiluted": 1.31,
        "weightedAverageShsOut": 28376411,
        "weightedAverageShsOutDil": 28428571,
        "link": "https://www.sec.gov/Archives/edgar/data/936395/000095013397004148/0000950133-97-004148-index.html",
        "finalLink": "https://www.sec.gov/Archives/edgar/data/936395/"
    },
    {
        "date": "1997-07-31",
        "symbol": "CIEN",
        "reportedCurrency": "USD",
        "cik": "0000936395",
        "fillingDate": "1997-08-21",
        "acceptedDate": "1997-08-21 00:00:00",
        "calendarYear": "1997",
        "period": "Q3",
        "revenue": 112200000,
        "costOfRevenue": 45600000,
        "grossProfit": 76200000,
        "grossProfitRatio": 0.679144385,
        "researchAndDevelopmentExpenses": 7200000,
        "generalAndAdministrativeExpenses": 8900000,
        "sellingAndMarketingExpenses": 0,
        "sellingGeneralAndAdministrativeExpenses": 8900000,
        "otherExpenses": 2000000,
        "operatingExpenses": 19200000,
        "costAndExpenses": 64800000,
        "interestIncome": 0,
        "interestExpense": 0,
        "depreciationAndAmortization": 2700000,
        "ebitda": 59700000,
        "ebitdaratio": 0.5320855615,
        "operatingIncome": 57000000,
        "operatingIncomeRatio": 0.5080213904,
        "totalOtherIncomeExpensesNet": 2600000,
        "incomeBeforeTax": 57200000,
        "incomeBeforeTaxRatio": 0.5098039216,
        "incomeTaxExpense": 22300000,
        "netIncome": 34900000,
        "netIncomeRatio": 0.3110516934,
        "eps": 1.26,
        "epsdiluted": 1.19,
        "weightedAverageShsOut": 28333333,
        "weightedAverageShsOutDil": 30000000,
        "link": "https://www.sec.gov/Archives/edgar/data/936395/000095013397003038/0000950133-97-003038-index.html",
        "finalLink": "https://www.sec.gov/Archives/edgar/data/936395/"
    },
    {
        "date": "1997-04-30",
        "symbol": "CIEN",
        "reportedCurrency": "USD",
        "cik": "0000936395",
        "fillingDate": "1997-05-22",
        "acceptedDate": "1997-05-22 00:00:00",
        "calendarYear": "1997",
        "period": "Q2",
        "revenue": 86700000,
        "costOfRevenue": 29900000,
        "grossProfit": 56800000,
        "grossProfitRatio": 0.6551326413,
        "researchAndDevelopmentExpenses": 4700000,
        "generalAndAdministrativeExpenses": 6600000,
        "sellingAndMarketingExpenses": 0,
        "sellingGeneralAndAdministrativeExpenses": 6600000,
        "otherExpenses": 2100000,
        "operatingExpenses": 13400000,
        "costAndExpenses": 43300000,
        "interestIncome": 0,
        "interestExpense": 0,
        "depreciationAndAmortization": 2100000,
        "ebitda": 45500000,
        "ebitdaratio": 0.5247981546,
        "operatingIncome": 43400000,
        "operatingIncomeRatio": 0.5005767013,
        "totalOtherIncomeExpensesNet": 1800000,
        "incomeBeforeTax": 45200000,
        "incomeBeforeTaxRatio": 0.5213379469,
        "incomeTaxExpense": 17600000,
        "netIncome": 27600000,
        "netIncomeRatio": 0.3183391003,
        "eps": 1.12,
        "epsdiluted": 0.98,
        "weightedAverageShsOut": 24642857,
        "weightedAverageShsOutDil": 28163265,
        "link": "https://www.sec.gov/Archives/edgar/data/936395/000095013397002031/0000950133-97-002031-index.html",
        "finalLink": "https://www.sec.gov/Archives/edgar/data/936395/"
    },
    {
        "date": "1997-01-31",
        "symbol": "CIEN",
        "reportedCurrency": "USD",
        "cik": "0000936395",
        "fillingDate": "1997-03-17",
        "acceptedDate": "1997-03-17 00:00:00",
        "calendarYear": "1997",
        "period": "Q1",
        "revenue": 53900000,
        "costOfRevenue": 19800000,
        "grossProfit": 34100000,
        "grossProfitRatio": 0.6326530612,
        "researchAndDevelopmentExpenses": 3000000,
        "generalAndAdministrativeExpenses": 8900000,
        "sellingAndMarketingExpenses": 0,
        "sellingGeneralAndAdministrativeExpenses": 8900000,
        "otherExpenses": 1100000,
        "operatingExpenses": 13000000,
        "costAndExpenses": 32800000,
        "interestIncome": 0,
        "interestExpense": 0,
        "depreciationAndAmortization": 1100000,
        "ebitda": 22200000,
        "ebitdaratio": 0.4118738404,
        "operatingIncome": 21100000,
        "operatingIncomeRatio": 0.3914656772,
        "totalOtherIncomeExpensesNet": 400000,
        "incomeBeforeTax": 21500000,
        "incomeBeforeTaxRatio": 0.3988868275,
        "incomeTaxExpense": 8400000,
        "netIncome": 13100000,
        "netIncomeRatio": 0.2430426716,
        "eps": 3.43,
        "epsdiluted": 0.49,
        "weightedAverageShsOut": 27497714,
        "weightedAverageShsOutDil": 27497714,
        "link": "https://www.sec.gov/Archives/edgar/data/936395/000095013397000828/0000950133-97-000828-index.html",
        "finalLink": "https://www.sec.gov/Archives/edgar/data/936395/"
    }
]