[
    {
        "date": "2025-09-30",
        "symbol": "CLF",
        "reportedCurrency": "USD",
        "cik": "0000764065",
        "fillingDate": "2025-10-22",
        "acceptedDate": "2025-10-22 16:24:15",
        "calendarYear": "2025",
        "period": "Q3",
        "revenue": 4734000000,
        "costOfRevenue": 4780000000,
        "grossProfit": -46000000,
        "grossProfitRatio": -0.0097169413,
        "researchAndDevelopmentExpenses": 0,
        "generalAndAdministrativeExpenses": 0,
        "sellingAndMarketingExpenses": 0,
        "sellingGeneralAndAdministrativeExpenses": 130000000,
        "otherExpenses": 0,
        "operatingExpenses": 130000000,
        "costAndExpenses": 4910000000,
        "interestIncome": 0,
        "interestExpense": 153000000,
        "depreciationAndAmortization": 288000000,
        "ebitda": 132000000,
        "ebitdaratio": 0.0278833967,
        "operatingIncome": -176000000,
        "operatingIncomeRatio": -0.0371778623,
        "totalOtherIncomeExpensesNet": -133000000,
        "incomeBeforeTax": -309000000,
        "incomeBeforeTaxRatio": -0.0652724968,
        "incomeTaxExpense": -78000000,
        "netIncome": -251000000,
        "netIncomeRatio": -0.0530207013,
        "eps": -0.51,
        "epsdiluted": -0.51,
        "weightedAverageShsOut": 492156862,
        "weightedAverageShsOutDil": 492156862,
        "link": "https://www.sec.gov/Archives/edgar/data/764065/000076406525000149/0000764065-25-000149-index.htm",
        "finalLink": "https://www.sec.gov/Archives/edgar/data/764065/000076406525000149/clf-20250930.htm"
    },
    {
        "date": "2025-06-30",
        "symbol": "CLF",
        "reportedCurrency": "USD",
        "cik": "0000764065",
        "fillingDate": "2025-07-23",
        "acceptedDate": "2025-07-23 16:08:28",
        "calendarYear": "2025",
        "period": "Q2",
        "revenue": 4934000000,
        "costOfRevenue": 5143000000,
        "grossProfit": -209000000,
        "grossProfitRatio": -0.0423591407,
        "researchAndDevelopmentExpenses": 0,
        "generalAndAdministrativeExpenses": 0,
        "sellingAndMarketingExpenses": 0,
        "sellingGeneralAndAdministrativeExpenses": 137000000,
        "otherExpenses": 152000000,
        "operatingExpenses": 289000000,
        "costAndExpenses": 5432000000,
        "interestIncome": 0,
        "interestExpense": 149000000,
        "depreciationAndAmortization": 393000000,
        "ebitda": -76000000,
        "ebitdaratio": -0.0154033239,
        "operatingIncome": -498000000,
        "operatingIncomeRatio": -0.1009323064,
        "totalOtherIncomeExpensesNet": -120000000,
        "incomeBeforeTax": -618000000,
        "incomeBeforeTaxRatio": -0.1252533441,
        "incomeTaxExpense": -148000000,
        "netIncome": -483000000,
        "netIncomeRatio": -0.0978921767,
        "eps": -0.97,
        "epsdiluted": -0.97,
        "weightedAverageShsOut": 497938144,
        "weightedAverageShsOutDil": 497938144,
        "link": "https://www.sec.gov/Archives/edgar/data/764065/000076406525000124/0000764065-25-000124-index.htm",
        "finalLink": "https://www.sec.gov/Archives/edgar/data/764065/000076406525000124/clf-20250630.htm"
    },
    {
        "date": "2025-03-31",
        "symbol": "CLF",
        "reportedCurrency": "USD",
        "cik": "0000764065",
        "fillingDate": "2025-05-08",
        "acceptedDate": "2025-05-08 16:13:24",
        "calendarYear": "2025",
        "period": "Q1",
        "revenue": 4629000000,
        "costOfRevenue": 5020000000,
        "grossProfit": -391000000,
        "grossProfitRatio": -0.0844674876,
        "researchAndDevelopmentExpenses": 0,
        "generalAndAdministrativeExpenses": 0,
        "sellingAndMarketingExpenses": 0,
        "sellingGeneralAndAdministrativeExpenses": 133000000,
        "otherExpenses": 14000000,
        "operatingExpenses": 147000000,
        "costAndExpenses": 5167000000,
        "interestIncome": 0,
        "interestExpense": 140000000,
        "depreciationAndAmortization": 282000000,
        "ebitda": -208000000,
        "ebitdaratio": -0.044934111,
        "operatingIncome": -538000000,
        "operatingIncomeRatio": -0.1162238064,
        "totalOtherIncomeExpensesNet": -92000000,
        "incomeBeforeTax": -630000000,
        "incomeBeforeTaxRatio": -0.1360985094,
        "incomeTaxExpense": -147000000,
        "netIncome": -495000000,
        "netIncomeRatio": -0.1069345431,
        "eps": -1,
        "epsdiluted": -1,
        "weightedAverageShsOut": 495000000,
        "weightedAverageShsOutDil": 495000000,
        "link": "https://www.sec.gov/Archives/edgar/data/764065/000076406525000103/0000764065-25-000103-index.htm",
        "finalLink": "https://www.sec.gov/Archives/edgar/data/764065/000076406525000103/clf-20250331.htm"
    },
    {
        "date": "2024-12-31",
        "symbol": "CLF",
        "reportedCurrency": "USD",
        "cik": "0000764065",
        "fillingDate": "2025-02-25",
        "acceptedDate": "2025-02-25 16:44:23",
        "calendarYear": "2024",
        "period": "Q4",
        "revenue": 4325000000,
        "costOfRevenue": 4598000000,
        "grossProfit": -273000000,
        "grossProfitRatio": -0.0631213873,
        "researchAndDevelopmentExpenses": 0,
        "generalAndAdministrativeExpenses": 0,
        "sellingAndMarketingExpenses": 0,
        "sellingGeneralAndAdministrativeExpenses": 139000000,
        "otherExpenses": 53000000,
        "operatingExpenses": 192000000,
        "costAndExpenses": 4790000000,
        "interestIncome": 0,
        "interestExpense": 135000000,
        "depreciationAndAmortization": 258000000,
        "ebitda": -177000000,
        "ebitdaratio": -0.0409248555,
        "operatingIncome": -465000000,
        "operatingIncomeRatio": -0.1075144509,
        "totalOtherIncomeExpensesNet": -105000000,
        "incomeBeforeTax": -570000000,
        "incomeBeforeTaxRatio": -0.1317919075,
        "incomeTaxExpense": -136000000,
        "netIncome": -447000000,
        "netIncomeRatio": -0.1033526012,
        "eps": -0.92,
        "epsdiluted": -0.92,
        "weightedAverageShsOut": 485869565,
        "weightedAverageShsOutDil": 485869565,
        "link": "https://www.sec.gov/Archives/edgar/data/764065/000076406525000058/0000764065-25-000058-index.htm",
        "finalLink": "https://www.sec.gov/Archives/edgar/data/764065/000076406525000058/clf-20241231.htm"
    },
    {
        "date": "2024-09-30",
        "symbol": "CLF",
        "reportedCurrency": "USD",
        "cik": "0000764065",
        "fillingDate": "2024-11-05",
        "acceptedDate": "2024-11-05 16:09:54",
        "calendarYear": "2024",
        "period": "Q3",
        "revenue": 4569000000,
        "costOfRevenue": 4673000000,
        "grossProfit": -104000000,
        "grossProfitRatio": -0.0227620924,
        "researchAndDevelopmentExpenses": 0,
        "generalAndAdministrativeExpenses": 0,
        "sellingAndMarketingExpenses": 0,
        "sellingGeneralAndAdministrativeExpenses": 112000000,
        "otherExpenses": 43000000,
        "operatingExpenses": 155000000,
        "costAndExpenses": 4828000000,
        "interestIncome": 0,
        "interestExpense": 102000000,
        "depreciationAndAmortization": 235000000,
        "ebitda": 31000000,
        "ebitdaratio": 0.0067848545,
        "operatingIncome": -259000000,
        "operatingIncomeRatio": -0.0566863646,
        "totalOtherIncomeExpensesNet": -47000000,
        "incomeBeforeTax": -306000000,
        "incomeBeforeTaxRatio": -0.0669730794,
        "incomeTaxExpense": -76000000,
        "netIncome": -242000000,
        "netIncomeRatio": -0.052965638,
        "eps": -0.52,
        "epsdiluted": -0.52,
        "weightedAverageShsOut": 468000000,
        "weightedAverageShsOutDil": 468000000,
        "link": "https://www.sec.gov/Archives/edgar/data/764065/000076406524000206/0000764065-24-000206-index.htm",
        "finalLink": "https://www.sec.gov/Archives/edgar/data/764065/000076406524000206/clf-20240930.htm"
    },
    {
        "date": "2024-06-30",
        "symbol": "CLF",
        "reportedCurrency": "USD",
        "cik": "0000764065",
        "fillingDate": "2024-07-24",
        "acceptedDate": "2024-07-24 16:19:46",
        "calendarYear": "2024",
        "period": "Q2",
        "revenue": 5092000000,
        "costOfRevenue": 4930000000,
        "grossProfit": 162000000,
        "grossProfitRatio": 0.0318146112,
        "researchAndDevelopmentExpenses": 0,
        "generalAndAdministrativeExpenses": 0,
        "sellingAndMarketingExpenses": 0,
        "sellingGeneralAndAdministrativeExpenses": 103000000,
        "otherExpenses": 53000000,
        "operatingExpenses": 156000000,
        "costAndExpenses": 5086000000,
        "interestIncome": 0,
        "interestExpense": 69000000,
        "depreciationAndAmortization": 228000000,
        "ebitda": 291000000,
        "ebitdaratio": 0.0571484682,
        "operatingIncome": 6000000,
        "operatingIncomeRatio": 0.0011783189,
        "totalOtherIncomeExpensesNet": -12000000,
        "incomeBeforeTax": -6000000,
        "incomeBeforeTaxRatio": -0.0011783189,
        "incomeTaxExpense": -15000000,
        "netIncome": 2000000,
        "netIncomeRatio": 0.000392773,
        "eps": 0.0042,
        "epsdiluted": 0.0042,
        "weightedAverageShsOut": 473000000,
        "weightedAverageShsOutDil": 474000000,
        "link": "https://www.sec.gov/Archives/edgar/data/764065/000076406524000167/0000764065-24-000167-index.htm",
        "finalLink": "https://www.sec.gov/Archives/edgar/data/764065/000076406524000167/clf-20240630.htm"
    },
    {
        "date": "2024-03-31",
        "symbol": "CLF",
        "reportedCurrency": "USD",
        "cik": "0000764065",
        "fillingDate": "2024-04-25",
        "acceptedDate": "2024-04-25 16:35:39",
        "calendarYear": "2024",
        "period": "Q1",
        "revenue": 5199000000,
        "costOfRevenue": 4914000000,
        "grossProfit": 285000000,
        "grossProfitRatio": 0.0548182343,
        "researchAndDevelopmentExpenses": 0,
        "generalAndAdministrativeExpenses": 0,
        "sellingAndMarketingExpenses": 0,
        "sellingGeneralAndAdministrativeExpenses": 132000000,
        "otherExpenses": 191000000,
        "operatingExpenses": 323000000,
        "costAndExpenses": 5237000000,
        "interestIncome": 0,
        "interestExpense": 64000000,
        "depreciationAndAmortization": 230000000,
        "ebitda": 233000000,
        "ebitdaratio": 0.0448163108,
        "operatingIncome": -38000000,
        "operatingIncomeRatio": -0.0073090979,
        "totalOtherIncomeExpensesNet": -23000000,
        "incomeBeforeTax": -61000000,
        "incomeBeforeTaxRatio": -0.0117330256,
        "incomeTaxExpense": -8000000,
        "netIncome": -67000000,
        "netIncomeRatio": -0.0128870937,
        "eps": -0.14,
        "epsdiluted": -0.14,
        "weightedAverageShsOut": 492000000,
        "weightedAverageShsOutDil": 492000000,
        "link": "https://www.sec.gov/Archives/edgar/data/764065/000076406524000108/0000764065-24-000108-index.htm",
        "finalLink": "https://www.sec.gov/Archives/edgar/data/764065/000076406524000108/clf-20240331.htm"
    },
    {
        "date": "2023-12-31",
        "symbol": "CLF",
        "reportedCurrency": "USD",
        "cik": "0000764065",
        "fillingDate": "2024-02-08",
        "acceptedDate": "2024-02-08 16:09:27",
        "calendarYear": "2023",
        "period": "Q4",
        "revenue": 5112000000,
        "costOfRevenue": 4944000000,
        "grossProfit": 168000000,
        "grossProfitRatio": 0.0328638498,
        "researchAndDevelopmentExpenses": 0,
        "generalAndAdministrativeExpenses": 0,
        "sellingAndMarketingExpenses": 0,
        "sellingGeneralAndAdministrativeExpenses": 157000000,
        "otherExpenses": 111000000,
        "operatingExpenses": 268000000,
        "costAndExpenses": 5212000000,
        "interestIncome": 0,
        "interestExpense": 63000000,
        "depreciationAndAmortization": 235000000,
        "ebitda": 190000000,
        "ebitdaratio": 0.0371674491,
        "operatingIncome": -100000000,
        "operatingIncomeRatio": -0.0195618153,
        "totalOtherIncomeExpensesNet": -8000000,
        "incomeBeforeTax": -108000000,
        "incomeBeforeTaxRatio": -0.0211267606,
        "incomeTaxExpense": 30000000,
        "netIncome": -155000000,
        "netIncomeRatio": -0.0303208138,
        "eps": -0.31,
        "epsdiluted": -0.31,
        "weightedAverageShsOut": 504886773,
        "weightedAverageShsOutDil": 504886773,
        "link": "https://www.sec.gov/Archives/edgar/data/764065/000076406524000038/0000764065-24-000038-index.htm",
        "finalLink": "https://www.sec.gov/Archives/edgar/data/764065/000076406524000038/clf-20231231.htm"
    },
    {
        "date": "2023-09-30",
        "symbol": "CLF",
        "reportedCurrency": "USD",
        "cik": "0000764065",
        "fillingDate": "2023-10-25",
        "acceptedDate": "2023-10-25 16:20:15",
        "calendarYear": "2023",
        "period": "Q3",
        "revenue": 5605000000,
        "costOfRevenue": 5125000000,
        "grossProfit": 480000000,
        "grossProfitRatio": 0.0856378234,
        "researchAndDevelopmentExpenses": 0,
        "generalAndAdministrativeExpenses": 0,
        "sellingAndMarketingExpenses": 0,
        "sellingGeneralAndAdministrativeExpenses": 144000000,
        "otherExpenses": 11000000,
        "operatingExpenses": 155000000,
        "costAndExpenses": 5280000000,
        "interestIncome": 0,
        "interestExpense": 70000000,
        "depreciationAndAmortization": 249000000,
        "ebitda": 622000000,
        "ebitdaratio": 0.1109723461,
        "operatingIncome": 325000000,
        "operatingIncomeRatio": 0.0579839429,
        "totalOtherIncomeExpensesNet": -22000000,
        "incomeBeforeTax": 303000000,
        "incomeBeforeTaxRatio": 0.054058876,
        "incomeTaxExpense": 29000000,
        "netIncome": 264000000,
        "netIncomeRatio": 0.0471008029,
        "eps": 0.52,
        "epsdiluted": 0.52,
        "weightedAverageShsOut": 508000000,
        "weightedAverageShsOutDil": 509000000,
        "link": "https://www.sec.gov/Archives/edgar/data/764065/000076406523000162/0000764065-23-000162-index.htm",
        "finalLink": "https://www.sec.gov/Archives/edgar/data/764065/000076406523000162/clf-20230930.htm"
    },
    {
        "date": "2023-06-30",
        "symbol": "CLF",
        "reportedCurrency": "USD",
        "cik": "0000764065",
        "fillingDate": "2023-07-26",
        "acceptedDate": "2023-07-26 16:18:28",
        "calendarYear": "2023",
        "period": "Q2",
        "revenue": 5984000000,
        "costOfRevenue": 5340000000,
        "grossProfit": 644000000,
        "grossProfitRatio": 0.1076203209,
        "researchAndDevelopmentExpenses": 0,
        "generalAndAdministrativeExpenses": 0,
        "sellingAndMarketingExpenses": 0,
        "sellingGeneralAndAdministrativeExpenses": 149000000,
        "otherExpenses": 12000000,
        "operatingExpenses": 161000000,
        "costAndExpenses": 5501000000,
        "interestIncome": 0,
        "interestExpense": 79000000,
        "depreciationAndAmortization": 247000000,
        "ebitda": 784000000,
        "ebitdaratio": 0.1310160428,
        "operatingIncome": 483000000,
        "operatingIncomeRatio": 0.0807152406,
        "totalOtherIncomeExpensesNet": -25000000,
        "incomeBeforeTax": 458000000,
        "incomeBeforeTaxRatio": 0.0765374332,
        "incomeTaxExpense": 102000000,
        "netIncome": 347000000,
        "netIncomeRatio": 0.0579879679,
        "eps": 0.68,
        "epsdiluted": 0.68,
        "weightedAverageShsOut": 513000000,
        "weightedAverageShsOutDil": 514000000,
        "link": "https://www.sec.gov/Archives/edgar/data/764065/000076406523000129/0000764065-23-000129-index.htm",
        "finalLink": "https://www.sec.gov/Archives/edgar/data/764065/000076406523000129/clf-20230630.htm"
    },
    {
        "date": "2023-03-31",
        "symbol": "CLF",
        "reportedCurrency": "USD",
        "cik": "0000764065",
        "fillingDate": "2023-04-26",
        "acceptedDate": "2023-04-26 16:24:03",
        "calendarYear": "2023",
        "period": "Q1",
        "revenue": 5295000000,
        "costOfRevenue": 5196000000,
        "grossProfit": 99000000,
        "grossProfitRatio": 0.0186968839,
        "researchAndDevelopmentExpenses": 0,
        "generalAndAdministrativeExpenses": 0,
        "sellingAndMarketingExpenses": 0,
        "sellingGeneralAndAdministrativeExpenses": 127000000,
        "otherExpenses": 3000000,
        "operatingExpenses": 130000000,
        "costAndExpenses": 5326000000,
        "interestIncome": 0,
        "interestExpense": 77000000,
        "depreciationAndAmortization": 242000000,
        "ebitda": 261000000,
        "ebitdaratio": 0.0492917847,
        "operatingIncome": -31000000,
        "operatingIncomeRatio": -0.0058545798,
        "totalOtherIncomeExpensesNet": -25000000,
        "incomeBeforeTax": -56000000,
        "incomeBeforeTaxRatio": -0.0105760151,
        "incomeTaxExpense": -13000000,
        "netIncome": -57000000,
        "netIncomeRatio": -0.0107648725,
        "eps": -0.11,
        "epsdiluted": -0.11,
        "weightedAverageShsOut": 506122304,
        "weightedAverageShsOutDil": 515000000,
        "link": "https://www.sec.gov/Archives/edgar/data/764065/000076406523000083/0000764065-23-000083-index.htm",
        "finalLink": "https://www.sec.gov/Archives/edgar/data/764065/000076406523000083/clf-20230331.htm"
    },
    {
        "date": "2022-12-31",
        "symbol": "CLF",
        "reportedCurrency": "USD",
        "cik": "0000764065",
        "fillingDate": "2023-02-14",
        "acceptedDate": "2023-02-14 16:11:04",
        "calendarYear": "2022",
        "period": "Q4",
        "revenue": 5044000000,
        "costOfRevenue": 5104000000,
        "grossProfit": -60000000,
        "grossProfitRatio": -0.0118953212,
        "researchAndDevelopmentExpenses": 0,
        "generalAndAdministrativeExpenses": 0,
        "sellingAndMarketingExpenses": 0,
        "sellingGeneralAndAdministrativeExpenses": 116000000,
        "otherExpenses": 6000000,
        "operatingExpenses": 122000000,
        "costAndExpenses": 5226000000,
        "interestIncome": 0,
        "interestExpense": 71000000,
        "depreciationAndAmortization": 246000000,
        "ebitda": 131000000,
        "ebitdaratio": 0.0259714512,
        "operatingIncome": -182000000,
        "operatingIncomeRatio": -0.0360824742,
        "totalOtherIncomeExpensesNet": -4000000,
        "incomeBeforeTax": -186000000,
        "incomeBeforeTaxRatio": -0.0368754956,
        "incomeTaxExpense": 19000000,
        "netIncome": -214000000,
        "netIncomeRatio": -0.0424266455,
        "eps": -0.4,
        "epsdiluted": -0.4,
        "weightedAverageShsOut": 513340779,
        "weightedAverageShsOutDil": 513340779,
        "link": "https://www.sec.gov/Archives/edgar/data/764065/000076406523000032/0000764065-23-000032-index.htm",
        "finalLink": "https://www.sec.gov/Archives/edgar/data/764065/000076406523000032/clf-20221231.htm"
    },
    {
        "date": "2022-09-30",
        "symbol": "CLF",
        "reportedCurrency": "USD",
        "cik": "0000764065",
        "fillingDate": "2022-10-26",
        "acceptedDate": "2022-10-26 16:05:54",
        "calendarYear": "2022",
        "period": "Q3",
        "revenue": 5653000000,
        "costOfRevenue": 5305000000,
        "grossProfit": 348000000,
        "grossProfitRatio": 0.0615602335,
        "researchAndDevelopmentExpenses": 0,
        "generalAndAdministrativeExpenses": 0,
        "sellingAndMarketingExpenses": 0,
        "sellingGeneralAndAdministrativeExpenses": 124000000,
        "otherExpenses": 37000000,
        "operatingExpenses": 161000000,
        "costAndExpenses": 5466000000,
        "interestIncome": 0,
        "interestExpense": 64000000,
        "depreciationAndAmortization": 237000000,
        "ebitda": 476000000,
        "ebitdaratio": 0.084203078,
        "operatingIncome": 187000000,
        "operatingIncomeRatio": 0.0330797806,
        "totalOtherIncomeExpensesNet": -12000000,
        "incomeBeforeTax": 175000000,
        "incomeBeforeTaxRatio": 0.030957014,
        "incomeTaxExpense": 10000000,
        "netIncome": 152000000,
        "netIncomeRatio": 0.0268883779,
        "eps": 0.29,
        "epsdiluted": 0.29,
        "weightedAverageShsOut": 516000000,
        "weightedAverageShsOutDil": 519000000,
        "link": "https://www.sec.gov/Archives/edgar/data/764065/000076406522000154/0000764065-22-000154-index.htm",
        "finalLink": "https://www.sec.gov/Archives/edgar/data/764065/000076406522000154/clf-20220930.htm"
    },
    {
        "date": "2022-06-30",
        "symbol": "CLF",
        "reportedCurrency": "USD",
        "cik": "0000764065",
        "fillingDate": "2022-07-26",
        "acceptedDate": "2022-07-26 17:17:31",
        "calendarYear": "2022",
        "period": "Q2",
        "revenue": 6337000000,
        "costOfRevenue": 5356000000,
        "grossProfit": 981000000,
        "grossProfitRatio": 0.1548051128,
        "researchAndDevelopmentExpenses": 0,
        "generalAndAdministrativeExpenses": 0,
        "sellingAndMarketingExpenses": 0,
        "sellingGeneralAndAdministrativeExpenses": 107000000,
        "otherExpenses": 34000000,
        "operatingExpenses": 141000000,
        "costAndExpenses": 5497000000,
        "interestIncome": 0,
        "interestExpense": 64000000,
        "depreciationAndAmortization": 250000000,
        "ebitda": 1140000000,
        "ebitdaratio": 0.1798958498,
        "operatingIncome": 840000000,
        "operatingIncomeRatio": 0.1325548367,
        "totalOtherIncomeExpensesNet": -83000000,
        "incomeBeforeTax": 757000000,
        "incomeBeforeTaxRatio": 0.1194571564,
        "incomeTaxExpense": 157000000,
        "netIncome": 596000000,
        "netIncomeRatio": 0.0940508127,
        "eps": 1.14,
        "epsdiluted": 1.13,
        "weightedAverageShsOut": 523000000,
        "weightedAverageShsOutDil": 526000000,
        "link": "https://www.sec.gov/Archives/edgar/data/764065/000076406522000132/0000764065-22-000132-index.htm",
        "finalLink": "https://www.sec.gov/Archives/edgar/data/764065/000076406522000132/clf-20220630.htm"
    },
    {
        "date": "2022-03-31",
        "symbol": "CLF",
        "reportedCurrency": "USD",
        "cik": "0000764065",
        "fillingDate": "2022-04-26",
        "acceptedDate": "2022-04-26 16:49:58",
        "calendarYear": "2022",
        "period": "Q1",
        "revenue": 5955000000,
        "costOfRevenue": 4706000000,
        "grossProfit": 1249000000,
        "grossProfitRatio": 0.2097397145,
        "researchAndDevelopmentExpenses": 0,
        "generalAndAdministrativeExpenses": 0,
        "sellingAndMarketingExpenses": 0,
        "sellingGeneralAndAdministrativeExpenses": 122000000,
        "otherExpenses": 33000000,
        "operatingExpenses": 155000000,
        "costAndExpenses": 4861000000,
        "interestIncome": 0,
        "interestExpense": 77000000,
        "depreciationAndAmortization": 301000000,
        "ebitda": 1473000000,
        "ebitdaratio": 0.2473551637,
        "operatingIncome": 1094000000,
        "operatingIncomeRatio": 0.1837111671,
        "totalOtherIncomeExpensesNet": -44000000,
        "incomeBeforeTax": 1050000000,
        "incomeBeforeTaxRatio": 0.1763224181,
        "incomeTaxExpense": 237000000,
        "netIncome": 801000000,
        "netIncomeRatio": 0.1345088161,
        "eps": 1.54,
        "epsdiluted": 1.51,
        "weightedAverageShsOut": 521000000,
        "weightedAverageShsOutDil": 532000000,
        "link": "https://www.sec.gov/Archives/edgar/data/764065/000076406522000080/0000764065-22-000080-index.htm",
        "finalLink": "https://www.sec.gov/Archives/edgar/data/764065/000076406522000080/clf-20220331.htm"
    },
    {
        "date": "2021-12-31",
        "symbol": "CLF",
        "reportedCurrency": "USD",
        "cik": "0000764065",
        "fillingDate": "2022-02-11",
        "acceptedDate": "2022-02-11 12:57:31",
        "calendarYear": "2021",
        "period": "Q4",
        "revenue": 5346000000,
        "costOfRevenue": 4072000000,
        "grossProfit": 1274000000,
        "grossProfitRatio": 0.2383090161,
        "researchAndDevelopmentExpenses": 0,
        "generalAndAdministrativeExpenses": 0,
        "sellingAndMarketingExpenses": 0,
        "sellingGeneralAndAdministrativeExpenses": 111000000,
        "otherExpenses": 44000000,
        "operatingExpenses": 155000000,
        "costAndExpenses": 4225000000,
        "interestIncome": 0,
        "interestExpense": 79000000,
        "depreciationAndAmortization": 235000000,
        "ebitda": 1426000000,
        "ebitdaratio": 0.266741489,
        "operatingIncome": 1119000000,
        "operatingIncomeRatio": 0.209315376,
        "totalOtherIncomeExpensesNet": -7000000,
        "incomeBeforeTax": 1112000000,
        "incomeBeforeTaxRatio": 0.2080059858,
        "incomeTaxExpense": 214000000,
        "netIncome": 893000000,
        "netIncomeRatio": 0.1670407782,
        "eps": 1.78,
        "epsdiluted": 1.69,
        "weightedAverageShsOut": 501685393,
        "weightedAverageShsOutDil": 528402367,
        "link": "https://www.sec.gov/Archives/edgar/data/764065/000076406522000037/0000764065-22-000037-index.htm",
        "finalLink": "https://www.sec.gov/Archives/edgar/data/764065/000076406522000037/clf-20211231.htm"
    },
    {
        "date": "2021-09-30",
        "symbol": "CLF",
        "reportedCurrency": "USD",
        "cik": "0000764065",
        "fillingDate": "2021-10-26",
        "acceptedDate": "2021-10-26 16:37:40",
        "calendarYear": "2021",
        "period": "Q3",
        "revenue": 6004000000,
        "costOfRevenue": 4229000000,
        "grossProfit": 1775000000,
        "grossProfitRatio": 0.2956362425,
        "researchAndDevelopmentExpenses": 0,
        "generalAndAdministrativeExpenses": 0,
        "sellingAndMarketingExpenses": 0,
        "sellingGeneralAndAdministrativeExpenses": 112000000,
        "otherExpenses": 14000000,
        "operatingExpenses": 126000000,
        "costAndExpenses": 4351000000,
        "interestIncome": 0,
        "interestExpense": 81000000,
        "depreciationAndAmortization": 241000000,
        "ebitda": 1937000000,
        "ebitdaratio": 0.3226182545,
        "operatingIncome": 1649000000,
        "operatingIncomeRatio": 0.2746502332,
        "totalOtherIncomeExpensesNet": -34000000,
        "incomeBeforeTax": 1615000000,
        "incomeBeforeTaxRatio": 0.2689873418,
        "incomeTaxExpense": 334000000,
        "netIncome": 1274000000,
        "netIncomeRatio": 0.2121918721,
        "eps": 2.46,
        "epsdiluted": 2.33,
        "weightedAverageShsOut": 500000000,
        "weightedAverageShsOutDil": 547000000,
        "link": "https://www.sec.gov/Archives/edgar/data/764065/000076406521000206/0000764065-21-000206-index.htm",
        "finalLink": "https://www.sec.gov/Archives/edgar/data/764065/000076406521000206/clf-20210930.htm"
    },
    {
        "date": "2021-06-30",
        "symbol": "CLF",
        "reportedCurrency": "USD",
        "cik": "0000764065",
        "fillingDate": "2021-07-28",
        "acceptedDate": "2021-07-28 08:10:31",
        "calendarYear": "2021",
        "period": "Q2",
        "revenue": 5045000000,
        "costOfRevenue": 3848000000,
        "grossProfit": 1197000000,
        "grossProfitRatio": 0.2372646184,
        "researchAndDevelopmentExpenses": 0,
        "generalAndAdministrativeExpenses": 0,
        "sellingAndMarketingExpenses": 0,
        "sellingGeneralAndAdministrativeExpenses": 104000000,
        "otherExpenses": 26000000,
        "operatingExpenses": 130000000,
        "costAndExpenses": 3977000000,
        "interestIncome": 0,
        "interestExpense": 85000000,
        "depreciationAndAmortization": 212000000,
        "ebitda": 1307000000,
        "ebitdaratio": 0.2590683845,
        "operatingIncome": 1067000000,
        "operatingIncomeRatio": 0.2114965312,
        "totalOtherIncomeExpensesNet": -57000000,
        "incomeBeforeTax": 1010000000,
        "incomeBeforeTaxRatio": 0.2001982161,
        "incomeTaxExpense": 216000000,
        "netIncome": 780000000,
        "netIncomeRatio": 0.1546085233,
        "eps": 1.32,
        "epsdiluted": 1.17,
        "weightedAverageShsOut": 589777789,
        "weightedAverageShsOutDil": 559000000,
        "link": "https://www.sec.gov/Archives/edgar/data/764065/000076406521000185/0000764065-21-000185-index.htm",
        "finalLink": "https://www.sec.gov/Archives/edgar/data/764065/000076406521000185/clf-20210630.htm"
    },
    {
        "date": "2021-03-31",
        "symbol": "CLF",
        "reportedCurrency": "USD",
        "cik": "0000764065",
        "fillingDate": "2021-04-28",
        "acceptedDate": "2021-04-28 08:23:29",
        "calendarYear": "2021",
        "period": "Q1",
        "revenue": 4049000000,
        "costOfRevenue": 3761000000,
        "grossProfit": 288000000,
        "grossProfitRatio": 0.0711286737,
        "researchAndDevelopmentExpenses": 0,
        "generalAndAdministrativeExpenses": 0,
        "sellingAndMarketingExpenses": 0,
        "sellingGeneralAndAdministrativeExpenses": 95000000,
        "otherExpenses": 16000000,
        "operatingExpenses": 111000000,
        "costAndExpenses": 3872000000,
        "interestIncome": 0,
        "interestExpense": 92000000,
        "depreciationAndAmortization": 217000000,
        "ebitda": 375000000,
        "ebitdaratio": 0.0926154606,
        "operatingIncome": 177000000,
        "operatingIncomeRatio": 0.0437144974,
        "totalOtherIncomeExpensesNet": -111000000,
        "incomeBeforeTax": 66000000,
        "incomeBeforeTaxRatio": 0.0163003211,
        "incomeTaxExpense": 9000000,
        "netIncome": 41000000,
        "netIncomeRatio": 0.010125957,
        "eps": 0.0755,
        "epsdiluted": 0.07,
        "weightedAverageShsOut": 585714285,
        "weightedAverageShsOutDil": 571000000,
        "link": "https://www.sec.gov/Archives/edgar/data/764065/000076406521000131/0000764065-21-000131-index.htm",
        "finalLink": "https://www.sec.gov/Archives/edgar/data/764065/000076406521000131/clf-20210331.htm"
    },
    {
        "date": "2020-12-31",
        "symbol": "CLF",
        "reportedCurrency": "USD",
        "cik": "0000764065",
        "fillingDate": "2021-02-26",
        "acceptedDate": "2021-02-26 08:50:20",
        "calendarYear": "2020",
        "period": "Q4",
        "revenue": 2256000000,
        "costOfRevenue": 2013000000,
        "grossProfit": 243000000,
        "grossProfitRatio": 0.107712766,
        "researchAndDevelopmentExpenses": 0,
        "generalAndAdministrativeExpenses": 0,
        "sellingAndMarketingExpenses": 0,
        "sellingGeneralAndAdministrativeExpenses": 95000000,
        "otherExpenses": 40900000,
        "operatingExpenses": 135900000,
        "costAndExpenses": 2149000000,
        "interestIncome": 0,
        "interestExpense": 70000000,
        "depreciationAndAmortization": 124100000,
        "ebitda": 254100000,
        "ebitdaratio": 0.1126329787,
        "operatingIncome": 107000000,
        "operatingIncomeRatio": 0.047429078,
        "totalOtherIncomeExpensesNet": -47200000,
        "incomeBeforeTax": 60000000,
        "incomeBeforeTaxRatio": 0.0265957447,
        "incomeTaxExpense": -13000000,
        "netIncome": 64000000,
        "netIncomeRatio": 0.0283687943,
        "eps": 0.15,
        "epsdiluted": 0.14,
        "weightedAverageShsOut": 418917000,
        "weightedAverageShsOutDil": 444869000,
        "link": "https://www.sec.gov/Archives/edgar/data/764065/000076406521000084/0000764065-21-000084-index.htm",
        "finalLink": "https://www.sec.gov/Archives/edgar/data/764065/000076406521000084/clf-20201231.htm"
    },
    {
        "date": "2020-09-30",
        "symbol": "CLF",
        "reportedCurrency": "USD",
        "cik": "0000764065",
        "fillingDate": "2020-10-23",
        "acceptedDate": "2020-10-23 12:13:17",
        "calendarYear": "2020",
        "period": "Q3",
        "revenue": 1646000000,
        "costOfRevenue": 1525400000,
        "grossProfit": 120600000,
        "grossProfitRatio": 0.0732685298,
        "researchAndDevelopmentExpenses": 0,
        "generalAndAdministrativeExpenses": 0,
        "sellingAndMarketingExpenses": 0,
        "sellingGeneralAndAdministrativeExpenses": 59600000,
        "otherExpenses": 23400000,
        "operatingExpenses": 83000000,
        "costAndExpenses": 1608000000,
        "interestIncome": 0,
        "interestExpense": 68200000,
        "depreciationAndAmortization": 72400000,
        "ebitda": 120400000,
        "ebitdaratio": 0.0731470231,
        "operatingIncome": 38000000,
        "operatingIncomeRatio": 0.0230862697,
        "totalOtherIncomeExpensesNet": -58000000,
        "incomeBeforeTax": -20000000,
        "incomeBeforeTaxRatio": -0.0121506683,
        "incomeTaxExpense": -21900000,
        "netIncome": -10000000,
        "netIncomeRatio": -0.0060753341,
        "eps": -0.0251,
        "epsdiluted": -0.025,
        "weightedAverageShsOut": 399010454,
        "weightedAverageShsOutDil": 399399000,
        "link": "https://www.sec.gov/Archives/edgar/data/764065/000076406520000231/0000764065-20-000231-index.htm",
        "finalLink": "https://www.sec.gov/Archives/edgar/data/764065/000076406520000231/clf-20200930.htm"
    },
    {
        "date": "2020-06-30",
        "symbol": "CLF",
        "reportedCurrency": "USD",
        "cik": "0000764065",
        "fillingDate": "2020-07-30",
        "acceptedDate": "2020-07-30 12:45:33",
        "calendarYear": "2020",
        "period": "Q2",
        "revenue": 1092700000,
        "costOfRevenue": 1207500000,
        "grossProfit": -115000000,
        "grossProfitRatio": -0.1052438913,
        "researchAndDevelopmentExpenses": 0,
        "generalAndAdministrativeExpenses": 0,
        "sellingAndMarketingExpenses": 0,
        "sellingGeneralAndAdministrativeExpenses": 62100000,
        "otherExpenses": 30900000,
        "operatingExpenses": 93000000,
        "costAndExpenses": 1301000000,
        "interestIncome": 0,
        "interestExpense": 68700000,
        "depreciationAndAmortization": 77100000,
        "ebitda": -97000000,
        "ebitdaratio": -0.0887709344,
        "operatingIncome": -208000000,
        "operatingIncomeRatio": -0.1903541686,
        "totalOtherIncomeExpensesNet": 76000000,
        "incomeBeforeTax": -132000000,
        "incomeBeforeTaxRatio": -0.1208016839,
        "incomeTaxExpense": -25000000,
        "netIncome": -123900000,
        "netIncomeRatio": -0.1133888533,
        "eps": -0.31,
        "epsdiluted": -0.31,
        "weightedAverageShsOut": 396774193,
        "weightedAverageShsOutDil": 399000000,
        "link": "https://www.sec.gov/Archives/edgar/data/764065/000076406520000212/0000764065-20-000212-index.htm",
        "finalLink": "https://www.sec.gov/Archives/edgar/data/764065/000076406520000212/clf-202063010xq.htm"
    },
    {
        "date": "2020-03-31",
        "symbol": "CLF",
        "reportedCurrency": "USD",
        "cik": "0000764065",
        "fillingDate": "2020-05-11",
        "acceptedDate": "2020-05-11 11:39:06",
        "calendarYear": "2020",
        "period": "Q1",
        "revenue": 359100000,
        "costOfRevenue": 356000000,
        "grossProfit": 3000000,
        "grossProfitRatio": 0.0083542189,
        "researchAndDevelopmentExpenses": 0,
        "generalAndAdministrativeExpenses": 0,
        "sellingAndMarketingExpenses": 0,
        "sellingGeneralAndAdministrativeExpenses": 26100000,
        "otherExpenses": 55900000,
        "operatingExpenses": 82000000,
        "costAndExpenses": 438000000,
        "interestIncome": 0,
        "interestExpense": 31000000,
        "depreciationAndAmortization": 35000000,
        "ebitda": 4000000,
        "ebitdaratio": 0.0111389585,
        "operatingIncome": -79000000,
        "operatingIncomeRatio": -0.2199944305,
        "totalOtherIncomeExpensesNet": -22000000,
        "incomeBeforeTax": -101000000,
        "incomeBeforeTaxRatio": -0.2812587023,
        "incomeTaxExpense": -50900000,
        "netIncome": -52100000,
        "netIncomeRatio": -0.1450849346,
        "eps": -0.18,
        "epsdiluted": -0.17,
        "weightedAverageShsOut": 294444444,
        "weightedAverageShsOutDil": 298000000,
        "link": "https://www.sec.gov/Archives/edgar/data/764065/000076406520000189/0000764065-20-000189-index.htm",
        "finalLink": "https://www.sec.gov/Archives/edgar/data/764065/000076406520000189/clf-202033110xq.htm"
    },
    {
        "date": "2019-12-31",
        "symbol": "CLF",
        "reportedCurrency": "USD",
        "cik": "0000764065",
        "fillingDate": "2020-02-20",
        "acceptedDate": "2020-02-20 11:26:49",
        "calendarYear": "2019",
        "period": "Q4",
        "revenue": 534100000,
        "costOfRevenue": 407200000,
        "grossProfit": 126900000,
        "grossProfitRatio": 0.2375959558,
        "researchAndDevelopmentExpenses": 0,
        "generalAndAdministrativeExpenses": 0,
        "sellingAndMarketingExpenses": 0,
        "sellingGeneralAndAdministrativeExpenses": 37200000,
        "otherExpenses": 8000000,
        "operatingExpenses": 45200000,
        "costAndExpenses": 452400000,
        "interestIncome": 0,
        "interestExpense": 24700000,
        "depreciationAndAmortization": 22000000,
        "ebitda": 104600000,
        "ebitdaratio": 0.195843475,
        "operatingIncome": 81700000,
        "operatingIncomeRatio": 0.1529676091,
        "totalOtherIncomeExpensesNet": -23800000,
        "incomeBeforeTax": 57900000,
        "incomeBeforeTaxRatio": 0.1084066654,
        "incomeTaxExpense": -5500000,
        "netIncome": 63200000,
        "netIncomeRatio": 0.1183299008,
        "eps": 0.23,
        "epsdiluted": 0.23,
        "weightedAverageShsOut": 271021000,
        "weightedAverageShsOutDil": 273521000,
        "link": "https://www.sec.gov/Archives/edgar/data/764065/000076406520000041/0000764065-20-000041-index.htm",
        "finalLink": "https://www.sec.gov/Archives/edgar/data/764065/000076406520000041/clf-2019123110xk.htm"
    },
    {
        "date": "2019-09-30",
        "symbol": "CLF",
        "reportedCurrency": "USD",
        "cik": "0000764065",
        "fillingDate": "2019-10-23",
        "acceptedDate": "2019-10-23 10:42:00",
        "calendarYear": "2019",
        "period": "Q3",
        "revenue": 555600000,
        "costOfRevenue": 400700000,
        "grossProfit": 154900000,
        "grossProfitRatio": 0.2787976962,
        "researchAndDevelopmentExpenses": 0,
        "generalAndAdministrativeExpenses": 0,
        "sellingAndMarketingExpenses": 0,
        "sellingGeneralAndAdministrativeExpenses": 25500000,
        "otherExpenses": 7800000,
        "operatingExpenses": 33300000,
        "costAndExpenses": 434000000,
        "interestIncome": 0,
        "interestExpense": 25300000,
        "depreciationAndAmortization": 22200000,
        "ebitda": 144100000,
        "ebitdaratio": 0.2593592513,
        "operatingIncome": 121600000,
        "operatingIncomeRatio": 0.218862491,
        "totalOtherIncomeExpensesNet": -25000000,
        "incomeBeforeTax": 96600000,
        "incomeBeforeTaxRatio": 0.1738660907,
        "incomeTaxExpense": 4800000,
        "netIncome": 90900000,
        "netIncomeRatio": 0.1636069114,
        "eps": 0.34,
        "epsdiluted": 0.33,
        "weightedAverageShsOut": 269960000,
        "weightedAverageShsOutDil": 276578000,
        "link": "https://www.sec.gov/Archives/edgar/data/764065/000076406519000175/0000764065-19-000175-index.htm",
        "finalLink": "https://www.sec.gov/Archives/edgar/data/764065/000076406519000175/clf-201993010xq.htm"
    },
    {
        "date": "2019-06-30",
        "symbol": "CLF",
        "reportedCurrency": "USD",
        "cik": "0000764065",
        "fillingDate": "2019-07-19",
        "acceptedDate": "2019-07-19 10:29:30",
        "calendarYear": "2019",
        "period": "Q2",
        "revenue": 743200000,
        "costOfRevenue": 480200000,
        "grossProfit": 263000000,
        "grossProfitRatio": 0.3538751346,
        "researchAndDevelopmentExpenses": 0,
        "generalAndAdministrativeExpenses": 0,
        "sellingAndMarketingExpenses": 0,
        "sellingGeneralAndAdministrativeExpenses": 30600000,
        "otherExpenses": 5600000,
        "operatingExpenses": 36200000,
        "costAndExpenses": 516400000,
        "interestIncome": 0,
        "interestExpense": 26100000,
        "depreciationAndAmortization": 21000000,
        "ebitda": 247700000,
        "ebitdaratio": 0.3332884822,
        "operatingIncome": 226800000,
        "operatingIncomeRatio": 0.3051668461,
        "totalOtherIncomeExpensesNet": -43400000,
        "incomeBeforeTax": 183400000,
        "incomeBeforeTaxRatio": 0.2467707212,
        "incomeTaxExpense": 22000000,
        "netIncome": 160800000,
        "netIncomeRatio": 0.2163616792,
        "eps": 0.59,
        "epsdiluted": 0.57,
        "weightedAverageShsOut": 275769000,
        "weightedAverageShsOutDil": 285479000,
        "link": "https://www.sec.gov/Archives/edgar/data/764065/000076406519000134/0000764065-19-000134-index.htm",
        "finalLink": "https://www.sec.gov/Archives/edgar/data/764065/000076406519000134/clf-201963010xq.htm"
    },
    {
        "date": "2019-03-31",
        "symbol": "CLF",
        "reportedCurrency": "USD",
        "cik": "0000764065",
        "fillingDate": "2019-04-25",
        "acceptedDate": "2019-04-25 10:55:33",
        "calendarYear": "2019",
        "period": "Q1",
        "revenue": 157000000,
        "costOfRevenue": 126100000,
        "grossProfit": 30900000,
        "grossProfitRatio": 0.1968152866,
        "researchAndDevelopmentExpenses": 0,
        "generalAndAdministrativeExpenses": 0,
        "sellingAndMarketingExpenses": 0,
        "sellingGeneralAndAdministrativeExpenses": 28100000,
        "otherExpenses": 3600000,
        "operatingExpenses": 31700000,
        "costAndExpenses": 157800000,
        "interestIncome": 0,
        "interestExpense": 25100000,
        "depreciationAndAmortization": 19900000,
        "ebitda": 19200000,
        "ebitdaratio": 0.1222929936,
        "operatingIncome": -800000,
        "operatingIncomeRatio": -0.0050955414,
        "totalOtherIncomeExpensesNet": -25000000,
        "incomeBeforeTax": -25800000,
        "incomeBeforeTaxRatio": -0.1643312102,
        "incomeTaxExpense": -3700000,
        "netIncome": -22100000,
        "netIncomeRatio": -0.1407643312,
        "eps": -0.08,
        "epsdiluted": -0.0763,
        "weightedAverageShsOut": 276250000,
        "weightedAverageShsOutDil": 289525000,
        "link": "https://www.sec.gov/Archives/edgar/data/764065/000076406519000072/0000764065-19-000072-index.htm",
        "finalLink": "https://www.sec.gov/Archives/edgar/data/764065/000076406519000072/clf-201933110xq.htm"
    },
    {
        "date": "2018-12-31",
        "symbol": "CLF",
        "reportedCurrency": "USD",
        "cik": "0000764065",
        "fillingDate": "2019-02-08",
        "acceptedDate": "2019-02-08 12:17:54",
        "calendarYear": "2018",
        "period": "Q4",
        "revenue": 696300000,
        "costOfRevenue": 494300000,
        "grossProfit": 202000000,
        "grossProfitRatio": 0.2901048399,
        "researchAndDevelopmentExpenses": 0,
        "generalAndAdministrativeExpenses": 0,
        "sellingAndMarketingExpenses": 0,
        "sellingGeneralAndAdministrativeExpenses": 35400000,
        "otherExpenses": 3400000,
        "operatingExpenses": 38800000,
        "costAndExpenses": 533100000,
        "interestIncome": 0,
        "interestExpense": 25800000,
        "depreciationAndAmortization": 20400000,
        "ebitda": 186900000,
        "ebitdaratio": 0.268418785,
        "operatingIncome": 163200000,
        "operatingIncomeRatio": 0.234381732,
        "totalOtherIncomeExpensesNet": -28700000,
        "incomeBeforeTax": 134500000,
        "incomeBeforeTaxRatio": 0.1931638661,
        "incomeTaxExpense": -489600000,
        "netIncome": 609500000,
        "netIncomeRatio": 0.8753410886,
        "eps": 2.06,
        "epsdiluted": 1.98,
        "weightedAverageShsOut": 295942000,
        "weightedAverageShsOutDil": 307313000,
        "link": "https://www.sec.gov/Archives/edgar/data/764065/000076406519000025/0000764065-19-000025-index.htm",
        "finalLink": "https://www.sec.gov/Archives/edgar/data/764065/000076406519000025/clf-2018123110xk.htm"
    },
    {
        "date": "2018-09-30",
        "symbol": "CLF",
        "reportedCurrency": "USD",
        "cik": "0000764065",
        "fillingDate": "2018-10-19",
        "acceptedDate": "2018-10-19 11:32:58",
        "calendarYear": "2018",
        "period": "Q3",
        "revenue": 741800000,
        "costOfRevenue": 480200000,
        "grossProfit": 261600000,
        "grossProfitRatio": 0.3526557023,
        "researchAndDevelopmentExpenses": 0,
        "generalAndAdministrativeExpenses": 0,
        "sellingAndMarketingExpenses": 0,
        "sellingGeneralAndAdministrativeExpenses": 30100000,
        "otherExpenses": 6000000,
        "operatingExpenses": 36100000,
        "costAndExpenses": 515000000,
        "interestIncome": 0,
        "interestExpense": 29500000,
        "depreciationAndAmortization": 19200000,
        "ebitda": 248100000,
        "ebitdaratio": 0.3344567269,
        "operatingIncome": 225500000,
        "operatingIncomeRatio": 0.3039902939,
        "totalOtherIncomeExpensesNet": -25200000,
        "incomeBeforeTax": 200300000,
        "incomeBeforeTaxRatio": 0.270018873,
        "incomeTaxExpense": 500000,
        "netIncome": 437800000,
        "netIncomeRatio": 0.590186034,
        "eps": 1.47,
        "epsdiluted": 1.41,
        "weightedAverageShsOut": 297878000,
        "weightedAverageShsOutDil": 310203000,
        "link": "https://www.sec.gov/Archives/edgar/data/764065/000076406518000139/0000764065-18-000139-index.htm",
        "finalLink": "https://www.sec.gov/Archives/edgar/data/764065/000076406518000139/clf-201893010xq.htm"
    },
    {
        "date": "2018-06-30",
        "symbol": "CLF",
        "reportedCurrency": "USD",
        "cik": "0000764065",
        "fillingDate": "2018-07-24",
        "acceptedDate": "2018-07-24 13:40:12",
        "calendarYear": "2018",
        "period": "Q2",
        "revenue": 714300000,
        "costOfRevenue": 429800000,
        "grossProfit": 284500000,
        "grossProfitRatio": 0.3982920342,
        "researchAndDevelopmentExpenses": 0,
        "generalAndAdministrativeExpenses": 0,
        "sellingAndMarketingExpenses": 0,
        "sellingGeneralAndAdministrativeExpenses": 26200000,
        "otherExpenses": 4100000,
        "operatingExpenses": 30300000,
        "costAndExpenses": 460100000,
        "interestIncome": 0,
        "interestExpense": 31200000,
        "depreciationAndAmortization": 25500000,
        "ebitda": 284300000,
        "ebitdaratio": 0.3980120398,
        "operatingIncome": 254200000,
        "operatingIncomeRatio": 0.3558728825,
        "totalOtherIncomeExpensesNet": -26600000,
        "incomeBeforeTax": 227600000,
        "incomeBeforeTaxRatio": 0.3186336273,
        "incomeTaxExpense": -1800000,
        "netIncome": 165100000,
        "netIncomeRatio": 0.2311353773,
        "eps": 0.55,
        "epsdiluted": 0.55,
        "weightedAverageShsOut": 297618000,
        "weightedAverageShsOutDil": 301275000,
        "link": "https://www.sec.gov/Archives/edgar/data/764065/000076406518000126/0000764065-18-000126-index.htm",
        "finalLink": "https://www.sec.gov/Archives/edgar/data/764065/000076406518000126/clf-201863010xq.htm"
    },
    {
        "date": "2018-03-31",
        "symbol": "CLF",
        "reportedCurrency": "USD",
        "cik": "0000764065",
        "fillingDate": "2018-04-24",
        "acceptedDate": "2018-04-24 09:46:32",
        "calendarYear": "2018",
        "period": "Q1",
        "revenue": 239000000,
        "costOfRevenue": 242600000,
        "grossProfit": -3600000,
        "grossProfitRatio": -0.0150627615,
        "researchAndDevelopmentExpenses": 0,
        "generalAndAdministrativeExpenses": 0,
        "sellingAndMarketingExpenses": 0,
        "sellingGeneralAndAdministrativeExpenses": 27700000,
        "otherExpenses": 3500000,
        "operatingExpenses": 31200000,
        "costAndExpenses": 279000000,
        "interestIncome": 0,
        "interestExpense": 32400000,
        "depreciationAndAmortization": 23900000,
        "ebitda": 57800000,
        "ebitdaratio": 0.2418410042,
        "operatingIncome": -40000000,
        "operatingIncomeRatio": -0.1673640167,
        "totalOtherIncomeExpensesNet": -29100000,
        "incomeBeforeTax": -69100000,
        "incomeBeforeTaxRatio": -0.2891213389,
        "incomeTaxExpense": 15700000,
        "netIncome": -84300000,
        "netIncomeRatio": -0.3527196653,
        "eps": -0.28,
        "epsdiluted": -0.28,
        "weightedAverageShsOut": 297266000,
        "weightedAverageShsOutDil": 297266000,
        "link": "https://www.sec.gov/Archives/edgar/data/764065/000076406518000088/0000764065-18-000088-index.htm",
        "finalLink": "https://www.sec.gov/Archives/edgar/data/764065/000076406518000088/clf-201833110xq.htm"
    },
    {
        "date": "2017-12-31",
        "symbol": "CLF",
        "reportedCurrency": "USD",
        "cik": "0000764065",
        "fillingDate": "2018-02-14",
        "acceptedDate": "2018-02-14 12:07:00",
        "calendarYear": "2017",
        "period": "Q4",
        "revenue": 600900000,
        "costOfRevenue": 492300000,
        "grossProfit": 108600000,
        "grossProfitRatio": 0.1807289066,
        "researchAndDevelopmentExpenses": 0,
        "generalAndAdministrativeExpenses": 0,
        "sellingAndMarketingExpenses": 0,
        "sellingGeneralAndAdministrativeExpenses": 28000000,
        "otherExpenses": -24700000,
        "operatingExpenses": 3300000,
        "costAndExpenses": 495600000,
        "interestIncome": 0,
        "interestExpense": 28900000,
        "depreciationAndAmortization": 21400000,
        "ebitda": 133800000,
        "ebitdaratio": 0.222666001,
        "operatingIncome": 105300000,
        "operatingIncomeRatio": 0.1752371443,
        "totalOtherIncomeExpensesNet": -28000000,
        "incomeBeforeTax": 77300000,
        "incomeBeforeTaxRatio": 0.1286403728,
        "incomeTaxExpense": -245600000,
        "netIncome": 317800000,
        "netIncomeRatio": 0.5288733566,
        "eps": 1.07,
        "epsdiluted": 1.05,
        "weightedAverageShsOut": 296429000,
        "weightedAverageShsOutDil": 300858000,
        "link": "https://www.sec.gov/Archives/edgar/data/764065/000076406518000035/0000764065-18-000035-index.htm",
        "finalLink": "https://www.sec.gov/Archives/edgar/data/764065/000076406518000035/clf-2017123110xk.htm"
    },
    {
        "date": "2017-09-30",
        "symbol": "CLF",
        "reportedCurrency": "USD",
        "cik": "0000764065",
        "fillingDate": "2017-10-23",
        "acceptedDate": "2017-10-23 16:21:51",
        "calendarYear": "2017",
        "period": "Q3",
        "revenue": 698400000,
        "costOfRevenue": 538200000,
        "grossProfit": 160200000,
        "grossProfitRatio": 0.2293814433,
        "researchAndDevelopmentExpenses": 0,
        "generalAndAdministrativeExpenses": 0,
        "sellingAndMarketingExpenses": 0,
        "sellingGeneralAndAdministrativeExpenses": 24600000,
        "otherExpenses": 4500000,
        "operatingExpenses": 29100000,
        "costAndExpenses": 468000000,
        "interestIncome": 0,
        "interestExpense": 27600000,
        "depreciationAndAmortization": 21500000,
        "ebitda": 153100000,
        "ebitdaratio": 0.2192153494,
        "operatingIncome": 129700000,
        "operatingIncomeRatio": 0.1857101947,
        "totalOtherIncomeExpensesNet": -115700000,
        "incomeBeforeTax": 13000000,
        "incomeBeforeTaxRatio": 0.0186139748,
        "incomeTaxExpense": -7600000,
        "netIncome": 53400000,
        "netIncomeRatio": 0.0764604811,
        "eps": 0.18,
        "epsdiluted": 0.18,
        "weightedAverageShsOut": 296079000,
        "weightedAverageShsOutDil": 301075000,
        "link": "https://www.sec.gov/Archives/edgar/data/764065/000076406517000163/0000764065-17-000163-index.htm",
        "finalLink": "https://www.sec.gov/Archives/edgar/data/764065/000076406517000163/clf-201793010xq.htm"
    },
    {
        "date": "2017-06-30",
        "symbol": "CLF",
        "reportedCurrency": "USD",
        "cik": "0000764065",
        "fillingDate": "2017-07-27",
        "acceptedDate": "2017-07-27 12:25:48",
        "calendarYear": "2017",
        "period": "Q2",
        "revenue": 569300000,
        "costOfRevenue": 424200000,
        "grossProfit": 145100000,
        "grossProfitRatio": 0.2548744072,
        "researchAndDevelopmentExpenses": 0,
        "generalAndAdministrativeExpenses": 0,
        "sellingAndMarketingExpenses": 0,
        "sellingGeneralAndAdministrativeExpenses": 27500000,
        "otherExpenses": 2000000,
        "operatingExpenses": 29500000,
        "costAndExpenses": 356100000,
        "interestIncome": 0,
        "interestExpense": 30100000,
        "depreciationAndAmortization": 21600000,
        "ebitda": 138200000,
        "ebitdaratio": 0.2427542596,
        "operatingIncome": 114600000,
        "operatingIncomeRatio": 0.2012998419,
        "totalOtherIncomeExpensesNet": -36100000,
        "incomeBeforeTax": 79100000,
        "incomeBeforeTaxRatio": 0.138942561,
        "incomeTaxExpense": 2600000,
        "netIncome": 31800000,
        "netIncomeRatio": 0.0558580713,
        "eps": 0.1,
        "epsdiluted": 0.1,
        "weightedAverageShsOut": 296070000,
        "weightedAverageShsOutDil": 300711000,
        "link": "https://www.sec.gov/Archives/edgar/data/764065/000076406517000135/0000764065-17-000135-index.htm",
        "finalLink": "https://www.sec.gov/Archives/edgar/data/764065/000076406517000135/clf-201763010xq.htm"
    },
    {
        "date": "2017-03-31",
        "symbol": "CLF",
        "reportedCurrency": "USD",
        "cik": "0000764065",
        "fillingDate": "2017-04-27",
        "acceptedDate": "2017-04-27 13:52:47",
        "calendarYear": "2017",
        "period": "Q1",
        "revenue": 461600000,
        "costOfRevenue": 365900000,
        "grossProfit": 95700000,
        "grossProfitRatio": 0.207322357,
        "researchAndDevelopmentExpenses": 0,
        "generalAndAdministrativeExpenses": 0,
        "sellingAndMarketingExpenses": 0,
        "sellingGeneralAndAdministrativeExpenses": 25700000,
        "otherExpenses": -11900000,
        "operatingExpenses": 13800000,
        "costAndExpenses": 379700000,
        "interestIncome": 0,
        "interestExpense": 42800000,
        "depreciationAndAmortization": 23200000,
        "ebitda": 92200000,
        "ebitdaratio": 0.1997400347,
        "operatingIncome": 81900000,
        "operatingIncomeRatio": 0.1774263432,
        "totalOtherIncomeExpensesNet": -65500000,
        "incomeBeforeTax": -32100000,
        "incomeBeforeTaxRatio": -0.0695407279,
        "incomeTaxExpense": -1800000,
        "netIncome": -28100000,
        "netIncomeRatio": -0.0608752166,
        "eps": -0.11,
        "epsdiluted": -0.11,
        "weightedAverageShsOut": 265164000,
        "weightedAverageShsOutDil": 265164000,
        "link": "https://www.sec.gov/Archives/edgar/data/764065/000076406517000075/0000764065-17-000075-index.htm",
        "finalLink": "https://www.sec.gov/Archives/edgar/data/764065/000076406517000075/clf-201733110xq.htm"
    },
    {
        "date": "2016-12-31",
        "symbol": "CLF",
        "reportedCurrency": "USD",
        "cik": "0000764065",
        "fillingDate": "2017-02-09",
        "acceptedDate": "2017-02-09 13:46:17",
        "calendarYear": "2016",
        "period": "Q4",
        "revenue": 754000000,
        "costOfRevenue": 572500000,
        "grossProfit": 181500000,
        "grossProfitRatio": 0.2407161804,
        "researchAndDevelopmentExpenses": 0,
        "generalAndAdministrativeExpenses": 0,
        "sellingAndMarketingExpenses": 0,
        "sellingGeneralAndAdministrativeExpenses": 36000000,
        "otherExpenses": 13800000,
        "operatingExpenses": 49800000,
        "costAndExpenses": 622300000,
        "interestIncome": 0,
        "interestExpense": 44300000,
        "depreciationAndAmortization": 26500000,
        "ebitda": 163000000,
        "ebitdaratio": 0.2161803714,
        "operatingIncome": 131700000,
        "operatingIncomeRatio": 0.174668435,
        "totalOtherIncomeExpensesNet": -42100000,
        "incomeBeforeTax": 89600000,
        "incomeBeforeTaxRatio": 0.1188328912,
        "incomeTaxExpense": -10500000,
        "netIncome": 79100000,
        "netIncomeRatio": 0.1049071618,
        "eps": 0.35,
        "epsdiluted": 0.34,
        "weightedAverageShsOut": 231273000,
        "weightedAverageShsOutDil": 234640000,
        "link": "https://www.sec.gov/Archives/edgar/data/764065/000076406517000021/0000764065-17-000021-index.htm",
        "finalLink": "https://www.sec.gov/Archives/edgar/data/764065/000076406517000021/clf-2016123110xk.htm"
    },
    {
        "date": "2016-09-30",
        "symbol": "CLF",
        "reportedCurrency": "USD",
        "cik": "0000764065",
        "fillingDate": "2016-10-27",
        "acceptedDate": "2016-10-27 13:39:20",
        "calendarYear": "2016",
        "period": "Q3",
        "revenue": 553300000,
        "costOfRevenue": 467900000,
        "grossProfit": 85400000,
        "grossProfitRatio": 0.1543466474,
        "researchAndDevelopmentExpenses": 0,
        "generalAndAdministrativeExpenses": 0,
        "sellingAndMarketingExpenses": 0,
        "sellingGeneralAndAdministrativeExpenses": 31100000,
        "otherExpenses": 19600000,
        "operatingExpenses": 50700000,
        "costAndExpenses": 518300000,
        "interestIncome": 0,
        "interestExpense": 48700000,
        "depreciationAndAmortization": 26800000,
        "ebitda": 61800000,
        "ebitdaratio": 0.1116934755,
        "operatingIncome": 34700000,
        "operatingIncomeRatio": 0.0627146214,
        "totalOtherIncomeExpensesNet": -66900000,
        "incomeBeforeTax": -32200000,
        "incomeBeforeTaxRatio": -0.0581962769,
        "incomeTaxExpense": -7100000,
        "netIncome": -25800000,
        "netIncomeRatio": -0.046629315,
        "eps": -0.13,
        "epsdiluted": -0.13,
        "weightedAverageShsOut": 206279000,
        "weightedAverageShsOutDil": 206279000,
        "link": "https://www.sec.gov/Archives/edgar/data/764065/000076406516000286/0000764065-16-000286-index.htm",
        "finalLink": "https://www.sec.gov/Archives/edgar/data/764065/000076406516000286/clf-201693010xq.htm"
    },
    {
        "date": "2016-06-30",
        "symbol": "CLF",
        "reportedCurrency": "USD",
        "cik": "0000764065",
        "fillingDate": "2016-07-28",
        "acceptedDate": "2016-07-28 13:20:01",
        "calendarYear": "2016",
        "period": "Q2",
        "revenue": 496200000,
        "costOfRevenue": 404700000,
        "grossProfit": 91500000,
        "grossProfitRatio": 0.184401451,
        "researchAndDevelopmentExpenses": 0,
        "generalAndAdministrativeExpenses": 0,
        "sellingAndMarketingExpenses": 0,
        "sellingGeneralAndAdministrativeExpenses": 22500000,
        "otherExpenses": -5700000,
        "operatingExpenses": 16800000,
        "costAndExpenses": 421700000,
        "interestIncome": 0,
        "interestExpense": 50700000,
        "depreciationAndAmortization": 26900000,
        "ebitda": 101400000,
        "ebitdaratio": 0.2043530834,
        "operatingIncome": 74700000,
        "operatingIncomeRatio": 0.1505441354,
        "totalOtherIncomeExpensesNet": -46900000,
        "incomeBeforeTax": 27800000,
        "incomeBeforeTaxRatio": 0.056025796,
        "incomeTaxExpense": -2100000,
        "netIncome": 12800000,
        "netIncomeRatio": 0.02579605,
        "eps": 0.07,
        "epsdiluted": 0.07,
        "weightedAverageShsOut": 182330000,
        "weightedAverageShsOutDil": 184557000,
        "link": "https://www.sec.gov/Archives/edgar/data/764065/000076406516000264/0000764065-16-000264-index.htm",
        "finalLink": "https://www.sec.gov/Archives/edgar/data/764065/000076406516000264/clf-201663010xq.htm"
    },
    {
        "date": "2016-03-31",
        "symbol": "CLF",
        "reportedCurrency": "USD",
        "cik": "0000764065",
        "fillingDate": "2016-04-28",
        "acceptedDate": "2016-04-28 12:38:08",
        "calendarYear": "2016",
        "period": "Q1",
        "revenue": 305500000,
        "costOfRevenue": 274600000,
        "grossProfit": 30900000,
        "grossProfitRatio": 0.1011456628,
        "researchAndDevelopmentExpenses": 0,
        "generalAndAdministrativeExpenses": 0,
        "sellingAndMarketingExpenses": 0,
        "sellingGeneralAndAdministrativeExpenses": 28200000,
        "otherExpenses": 3000000,
        "operatingExpenses": 31200000,
        "costAndExpenses": 304600000,
        "interestIncome": 0,
        "interestExpense": 56800000,
        "depreciationAndAmortization": 35200000,
        "ebitda": 36100000,
        "ebitdaratio": 0.1181669394,
        "operatingIncome": -300000,
        "operatingIncomeRatio": -0.0009819967,
        "totalOtherIncomeExpensesNet": 122100000,
        "incomeBeforeTax": 121800000,
        "incomeBeforeTaxRatio": 0.398690671,
        "incomeTaxExpense": 7500000,
        "netIncome": 108000000,
        "netIncomeRatio": 0.3535188216,
        "eps": 0.62,
        "epsdiluted": 0.62,
        "weightedAverageShsOut": 171677000,
        "weightedAverageShsOutDil": 171962000,
        "link": "https://www.sec.gov/Archives/edgar/data/764065/000076406516000219/0000764065-16-000219-index.htm",
        "finalLink": "https://www.sec.gov/Archives/edgar/data/764065/000076406516000219/clf-201633110xq.htm"
    },
    {
        "date": "2015-12-31",
        "symbol": "CLF",
        "reportedCurrency": "USD",
        "cik": "0000764065",
        "fillingDate": "2016-02-24",
        "acceptedDate": "2016-02-24 15:03:30",
        "calendarYear": "2015",
        "period": "Q4",
        "revenue": 476000000,
        "costOfRevenue": 432700000,
        "grossProfit": 43300000,
        "grossProfitRatio": 0.0909663866,
        "researchAndDevelopmentExpenses": 0,
        "generalAndAdministrativeExpenses": 0,
        "sellingAndMarketingExpenses": 0,
        "sellingGeneralAndAdministrativeExpenses": 27800000,
        "otherExpenses": -9000000,
        "operatingExpenses": 18800000,
        "costAndExpenses": 451500000,
        "interestIncome": 0,
        "interestExpense": 60300000,
        "depreciationAndAmortization": 34900000,
        "ebitda": 62500000,
        "ebitdaratio": 0.131302521,
        "operatingIncome": 24500000,
        "operatingIncomeRatio": 0.0514705882,
        "totalOtherIncomeExpensesNet": -59900000,
        "incomeBeforeTax": -35400000,
        "incomeBeforeTaxRatio": -0.0743697479,
        "incomeTaxExpense": -600000,
        "netIncome": -60300000,
        "netIncomeRatio": -0.1266806723,
        "eps": -0.39,
        "epsdiluted": -0.39,
        "weightedAverageShsOut": 153278000,
        "weightedAverageShsOutDil": 153278000,
        "link": "https://www.sec.gov/Archives/edgar/data/764065/000076406516000183/0000764065-16-000183-index.htm",
        "finalLink": "https://www.sec.gov/Archives/edgar/data/764065/000076406516000183/clf-2015123110xk.htm"
    },
    {
        "date": "2015-09-30",
        "symbol": "CLF",
        "reportedCurrency": "USD",
        "cik": "0000764065",
        "fillingDate": "2015-10-29",
        "acceptedDate": "2015-10-29 12:10:12",
        "calendarYear": "2015",
        "period": "Q3",
        "revenue": 593200000,
        "costOfRevenue": 538100000,
        "grossProfit": 55100000,
        "grossProfitRatio": 0.0928860418,
        "researchAndDevelopmentExpenses": 0,
        "generalAndAdministrativeExpenses": 0,
        "sellingAndMarketingExpenses": 0,
        "sellingGeneralAndAdministrativeExpenses": 22400000,
        "otherExpenses": 3500000,
        "operatingExpenses": 25900000,
        "costAndExpenses": 566400000,
        "interestIncome": 0,
        "interestExpense": 61700000,
        "depreciationAndAmortization": 35600000,
        "ebitda": 62400000,
        "ebitdaratio": 0.105192178,
        "operatingIncome": 29200000,
        "operatingIncomeRatio": 0.0492245448,
        "totalOtherIncomeExpensesNet": 17400000,
        "incomeBeforeTax": 46600000,
        "incomeBeforeTaxRatio": 0.0785569791,
        "incomeTaxExpense": -3400000,
        "netIncome": 10600000,
        "netIncomeRatio": 0.0178691841,
        "eps": -0.1,
        "epsdiluted": -0.1,
        "weightedAverageShsOut": 153237000,
        "weightedAverageShsOutDil": 153237000,
        "link": "https://www.sec.gov/Archives/edgar/data/764065/000076406515000138/0000764065-15-000138-index.htm",
        "finalLink": "https://www.sec.gov/Archives/edgar/data/764065/000076406515000138/clf-201593010xq.htm"
    },
    {
        "date": "2015-06-30",
        "symbol": "CLF",
        "reportedCurrency": "USD",
        "cik": "0000764065",
        "fillingDate": "2015-07-29",
        "acceptedDate": "2015-07-29 12:14:58",
        "calendarYear": "2015",
        "period": "Q2",
        "revenue": 498100000,
        "costOfRevenue": 440800000,
        "grossProfit": 57300000,
        "grossProfitRatio": 0.1150371411,
        "researchAndDevelopmentExpenses": 0,
        "generalAndAdministrativeExpenses": 0,
        "sellingAndMarketingExpenses": 0,
        "sellingGeneralAndAdministrativeExpenses": 30800000,
        "otherExpenses": 800000,
        "operatingExpenses": 31600000,
        "costAndExpenses": 471600000,
        "interestIncome": 0,
        "interestExpense": 63600000,
        "depreciationAndAmortization": 30500000,
        "ebitda": 57000000,
        "ebitdaratio": 0.1144348524,
        "operatingIncome": 25700000,
        "operatingIncomeRatio": 0.051596065,
        "totalOtherIncomeExpensesNet": -65700000,
        "incomeBeforeTax": -40000000,
        "incomeBeforeTaxRatio": -0.0803051596,
        "incomeTaxExpense": -1800000,
        "netIncome": 60200000,
        "netIncomeRatio": 0.1208592652,
        "eps": 0.39,
        "epsdiluted": 0.39,
        "weightedAverageShsOut": 153232000,
        "weightedAverageShsOutDil": 153232000,
        "link": "https://www.sec.gov/Archives/edgar/data/764065/000076406515000108/0000764065-15-000108-index.htm",
        "finalLink": "https://www.sec.gov/Archives/edgar/data/764065/000076406515000108/clf-201563010xq.htm"
    },
    {
        "date": "2015-03-31",
        "symbol": "CLF",
        "reportedCurrency": "USD",
        "cik": "0000764065",
        "fillingDate": "2015-05-06",
        "acceptedDate": "2015-05-06 15:12:20",
        "calendarYear": "2015",
        "period": "Q1",
        "revenue": 446000000,
        "costOfRevenue": 365200000,
        "grossProfit": 80800000,
        "grossProfitRatio": 0.1811659193,
        "researchAndDevelopmentExpenses": 0,
        "generalAndAdministrativeExpenses": 0,
        "sellingAndMarketingExpenses": 0,
        "sellingGeneralAndAdministrativeExpenses": 29100000,
        "otherExpenses": -20200000,
        "operatingExpenses": 8900000,
        "costAndExpenses": 374100000,
        "interestIncome": 0,
        "interestExpense": 42900000,
        "depreciationAndAmortization": 33000000,
        "ebitda": 104100000,
        "ebitdaratio": 0.2334080717,
        "operatingIncome": 71900000,
        "operatingIncomeRatio": 0.1612107623,
        "totalOtherIncomeExpensesNet": 270000000,
        "incomeBeforeTax": 341900000,
        "incomeBeforeTaxRatio": 0.7665919283,
        "incomeTaxExpense": 175100000,
        "netIncome": -759800000,
        "netIncomeRatio": -1.7035874439,
        "eps": -4.96,
        "epsdiluted": -4.25,
        "weightedAverageShsOut": 153185000,
        "weightedAverageShsOutDil": 178696000,
        "link": "https://www.sec.gov/Archives/edgar/data/764065/000076406515000068/0000764065-15-000068-index.htm",
        "finalLink": "https://www.sec.gov/Archives/edgar/data/764065/000076406515000068/clf-201533110xq.htm"
    },
    {
        "date": "2014-12-31",
        "symbol": "CLF",
        "reportedCurrency": "USD",
        "cik": "0000764065",
        "fillingDate": "2015-02-25",
        "acceptedDate": "2015-02-25 17:10:03",
        "calendarYear": "2014",
        "period": "Q4",
        "revenue": 1284700000,
        "costOfRevenue": 1116000000,
        "grossProfit": 168700000,
        "grossProfitRatio": 0.1313147038,
        "researchAndDevelopmentExpenses": 0,
        "generalAndAdministrativeExpenses": 0,
        "sellingAndMarketingExpenses": 0,
        "sellingGeneralAndAdministrativeExpenses": 42400000,
        "otherExpenses": 91900000,
        "operatingExpenses": 134300000,
        "costAndExpenses": 2908500000,
        "interestIncome": 0,
        "interestExpense": 50300000,
        "depreciationAndAmortization": 73600000,
        "ebitda": -1533900000,
        "ebitdaratio": -1.1939752471,
        "operatingIncome": -1604400000,
        "operatingIncomeRatio": -1.248851872,
        "totalOtherIncomeExpensesNet": -1632800000,
        "incomeBeforeTax": -1638400000,
        "incomeBeforeTaxRatio": -1.2753171947,
        "incomeTaxExpense": -305600000,
        "netIncome": -1249900000,
        "netIncomeRatio": -0.9729119639,
        "eps": -8.16,
        "epsdiluted": -8.16,
        "weightedAverageShsOut": 153136000,
        "weightedAverageShsOutDil": 153136000,
        "link": "https://www.sec.gov/Archives/edgar/data/764065/000076406515000044/0000764065-15-000044-index.htm",
        "finalLink": "https://www.sec.gov/Archives/edgar/data/764065/000076406515000044/clf-2014123110xk.htm"
    },
    {
        "date": "2014-09-30",
        "symbol": "CLF",
        "reportedCurrency": "USD",
        "cik": "0000764065",
        "fillingDate": "2014-11-07",
        "acceptedDate": "2014-11-07 14:50:34",
        "calendarYear": "2014",
        "period": "Q3",
        "revenue": 1298200000,
        "costOfRevenue": 1170700000,
        "grossProfit": 127500000,
        "grossProfitRatio": 0.0982129102,
        "researchAndDevelopmentExpenses": 0,
        "generalAndAdministrativeExpenses": 0,
        "sellingAndMarketingExpenses": 0,
        "sellingGeneralAndAdministrativeExpenses": 62700000,
        "otherExpenses": 336300000,
        "operatingExpenses": 399000000,
        "costAndExpenses": 1122500000,
        "interestIncome": 0,
        "interestExpense": 47400000,
        "depreciationAndAmortization": 144000000,
        "ebitda": 279300000,
        "ebitdaratio": 0.2151440456,
        "operatingIncome": -7759100000,
        "operatingIncomeRatio": -5.9768140502,
        "totalOtherIncomeExpensesNet": -7656600000,
        "incomeBeforeTax": -7799400000,
        "incomeBeforeTaxRatio": -6.0078570328,
        "incomeTaxExpense": -921400000,
        "netIncome": -5879600000,
        "netIncomeRatio": -4.5290402095,
        "eps": -38.4,
        "epsdiluted": -38.4,
        "weightedAverageShsOut": 153108000,
        "weightedAverageShsOutDil": 153108000,
        "link": "https://www.sec.gov/Archives/edgar/data/764065/000076406514000198/0000764065-14-000198-index.htm",
        "finalLink": "https://www.sec.gov/Archives/edgar/data/764065/000076406514000198/clf-201493010xq.htm"
    },
    {
        "date": "2014-06-30",
        "symbol": "CLF",
        "reportedCurrency": "USD",
        "cik": "0000764065",
        "fillingDate": "2014-07-24",
        "acceptedDate": "2014-07-24 12:14:20",
        "calendarYear": "2014",
        "period": "Q2",
        "revenue": 1100800000,
        "costOfRevenue": 1008800000,
        "grossProfit": 92000000,
        "grossProfitRatio": 0.0835755814,
        "researchAndDevelopmentExpenses": 0,
        "generalAndAdministrativeExpenses": 0,
        "sellingAndMarketingExpenses": 0,
        "sellingGeneralAndAdministrativeExpenses": 52500000,
        "otherExpenses": -8300000,
        "operatingExpenses": 44200000,
        "costAndExpenses": 608400000,
        "interestIncome": 0,
        "interestExpense": 44800000,
        "depreciationAndAmortization": 145300000,
        "ebitda": 161400000,
        "ebitdaratio": 0.1466206395,
        "operatingIncome": -11700000,
        "operatingIncomeRatio": -0.0106286337,
        "totalOtherIncomeExpensesNet": -40500000,
        "incomeBeforeTax": -54300000,
        "incomeBeforeTaxRatio": -0.0493277616,
        "incomeTaxExpense": -69100000,
        "netIncome": 10900000,
        "netIncomeRatio": 0.0099018895,
        "eps": -0.01,
        "epsdiluted": -0.02,
        "weightedAverageShsOut": 153087000,
        "weightedAverageShsOutDil": 153881000,
        "link": "https://www.sec.gov/Archives/edgar/data/764065/000076406514000147/0000764065-14-000147-index.htm",
        "finalLink": "https://www.sec.gov/Archives/edgar/data/764065/000076406514000147/clf-201463010xq.htm"
    },
    {
        "date": "2014-03-31",
        "symbol": "CLF",
        "reportedCurrency": "USD",
        "cik": "0000764065",
        "fillingDate": "2014-04-25",
        "acceptedDate": "2014-04-25 12:33:26",
        "calendarYear": "2014",
        "period": "Q1",
        "revenue": 940000000,
        "costOfRevenue": 876800000,
        "grossProfit": 63200000,
        "grossProfitRatio": 0.0672340426,
        "researchAndDevelopmentExpenses": 0,
        "generalAndAdministrativeExpenses": 0,
        "sellingAndMarketingExpenses": 0,
        "sellingGeneralAndAdministrativeExpenses": 51100000,
        "otherExpenses": -300000,
        "operatingExpenses": 50800000,
        "costAndExpenses": 476300000,
        "interestIncome": 0,
        "interestExpense": 42700000,
        "depreciationAndAmortization": 141100000,
        "ebitda": 91600000,
        "ebitdaratio": 0.0974468085,
        "operatingIncome": -50700000,
        "operatingIncomeRatio": -0.0539361702,
        "totalOtherIncomeExpensesNet": -39600000,
        "incomeBeforeTax": -92200000,
        "incomeBeforeTaxRatio": -0.0980851064,
        "incomeTaxExpense": -21800000,
        "netIncome": -70300000,
        "netIncomeRatio": -0.074787234,
        "eps": -0.46,
        "epsdiluted": -0.46,
        "weightedAverageShsOut": 153040000,
        "weightedAverageShsOutDil": 153040000,
        "link": "https://www.sec.gov/Archives/edgar/data/764065/000076406514000049/0000764065-14-000049-index.htm",
        "finalLink": "https://www.sec.gov/Archives/edgar/data/764065/000076406514000049/clf-201433110xq.htm"
    },
    {
        "date": "2013-12-31",
        "symbol": "CLF",
        "reportedCurrency": "USD",
        "cik": "0000764065",
        "fillingDate": "2014-02-14",
        "acceptedDate": "2014-02-14 14:55:53",
        "calendarYear": "2013",
        "period": "Q4",
        "revenue": 1515800000,
        "costOfRevenue": 1221300000,
        "grossProfit": 294500000,
        "grossProfitRatio": 0.1942868452,
        "researchAndDevelopmentExpenses": 0,
        "generalAndAdministrativeExpenses": 0,
        "sellingAndMarketingExpenses": 0,
        "sellingGeneralAndAdministrativeExpenses": 63700000,
        "otherExpenses": 214100000,
        "operatingExpenses": 277800000,
        "costAndExpenses": 1499100000,
        "interestIncome": 0,
        "interestExpense": 44600000,
        "depreciationAndAmortization": 155300000,
        "ebitda": 452400000,
        "ebitdaratio": 0.2984562607,
        "operatingIncome": 16700000,
        "operatingIncomeRatio": 0.0110172846,
        "totalOtherIncomeExpensesNet": -44300000,
        "incomeBeforeTax": -27600000,
        "incomeBeforeTaxRatio": -0.0182082069,
        "incomeTaxExpense": -13900000,
        "netIncome": 43300000,
        "netIncomeRatio": 0.0285657738,
        "eps": 0.2,
        "epsdiluted": 0.2,
        "weightedAverageShsOut": 153038000,
        "weightedAverageShsOutDil": 153700000,
        "link": "https://www.sec.gov/Archives/edgar/data/764065/000076406514000018/0000764065-14-000018-index.htm",
        "finalLink": "https://www.sec.gov/Archives/edgar/data/764065/000076406514000018/clf-2013123110xk.htm"
    },
    {
        "date": "2013-09-30",
        "symbol": "CLF",
        "reportedCurrency": "USD",
        "cik": "0000764065",
        "fillingDate": "2013-10-25",
        "acceptedDate": "2013-10-25 11:56:24",
        "calendarYear": "2013",
        "period": "Q3",
        "revenue": 1546600000,
        "costOfRevenue": 1197900000,
        "grossProfit": 348700000,
        "grossProfitRatio": 0.2254623044,
        "researchAndDevelopmentExpenses": 0,
        "generalAndAdministrativeExpenses": 0,
        "sellingAndMarketingExpenses": 0,
        "sellingGeneralAndAdministrativeExpenses": 70600000,
        "otherExpenses": 54100000,
        "operatingExpenses": 124700000,
        "costAndExpenses": 1322600000,
        "interestIncome": 0,
        "interestExpense": 44700000,
        "depreciationAndAmortization": 153100000,
        "ebitda": 414800000,
        "ebitdaratio": 0.2682012156,
        "operatingIncome": 224000000,
        "operatingIncomeRatio": 0.144833829,
        "totalOtherIncomeExpensesNet": -45900000,
        "incomeBeforeTax": 178100000,
        "incomeBeforeTaxRatio": 0.1151558257,
        "incomeTaxExpense": 65700000,
        "netIncome": 117200000,
        "netIncomeRatio": 0.0757791284,
        "eps": 0.68,
        "epsdiluted": 0.66,
        "weightedAverageShsOut": 153029000,
        "weightedAverageShsOutDil": 178459000,
        "link": "https://www.sec.gov/Archives/edgar/data/764065/000076406513000027/0000764065-13-000027-index.htm",
        "finalLink": "https://www.sec.gov/Archives/edgar/data/764065/000076406513000027/clf-201393010xq.htm"
    },
    {
        "date": "2013-06-30",
        "symbol": "CLF",
        "reportedCurrency": "USD",
        "cik": "0000764065",
        "fillingDate": "2013-07-26",
        "acceptedDate": "2013-07-26 11:30:22",
        "calendarYear": "2013",
        "period": "Q2",
        "revenue": 1488500000,
        "costOfRevenue": 1220300000,
        "grossProfit": 268200000,
        "grossProfitRatio": 0.1801813907,
        "researchAndDevelopmentExpenses": 0,
        "generalAndAdministrativeExpenses": 0,
        "sellingAndMarketingExpenses": 0,
        "sellingGeneralAndAdministrativeExpenses": 48900000,
        "otherExpenses": -42700000,
        "operatingExpenses": 6200000,
        "costAndExpenses": 1226500000,
        "interestIncome": 0,
        "interestExpense": 40700000,
        "depreciationAndAmortization": 144300000,
        "ebitda": 403500000,
        "ebitdaratio": 0.2710782667,
        "operatingIncome": 262000000,
        "operatingIncomeRatio": 0.1760161236,
        "totalOtherIncomeExpensesNet": -43500000,
        "incomeBeforeTax": 218500000,
        "incomeBeforeTaxRatio": 0.1467920726,
        "incomeTaxExpense": 9300000,
        "netIncome": 146000000,
        "netIncomeRatio": 0.0980853208,
        "eps": 0.87,
        "epsdiluted": 0.82,
        "weightedAverageShsOut": 153011000,
        "weightedAverageShsOutDil": 178428000,
        "link": "https://www.sec.gov/Archives/edgar/data/764065/000076406513000021/0000764065-13-000021-index.htm",
        "finalLink": "https://www.sec.gov/Archives/edgar/data/764065/000076406513000021/clf-201363010xq.htm"
    },
    {
        "date": "2013-03-31",
        "symbol": "CLF",
        "reportedCurrency": "USD",
        "cik": "0000764065",
        "fillingDate": "2014-09-10",
        "acceptedDate": "2014-09-10 15:38:06",
        "calendarYear": "2013",
        "period": "Q1",
        "revenue": 1140500000,
        "costOfRevenue": 902600000,
        "grossProfit": 237900000,
        "grossProfitRatio": 0.2085927225,
        "researchAndDevelopmentExpenses": 0,
        "generalAndAdministrativeExpenses": 0,
        "sellingAndMarketingExpenses": 0,
        "sellingGeneralAndAdministrativeExpenses": 48400000,
        "otherExpenses": 21200000,
        "operatingExpenses": 69600000,
        "costAndExpenses": 972200000,
        "interestIncome": 0,
        "interestExpense": 49100000,
        "depreciationAndAmortization": 140600000,
        "ebitda": 310000000,
        "ebitdaratio": 0.2718106094,
        "operatingIncome": 168300000,
        "operatingIncomeRatio": 0.1475668566,
        "totalOtherIncomeExpensesNet": -48000000,
        "incomeBeforeTax": 120300000,
        "incomeBeforeTaxRatio": 0.1054800526,
        "incomeTaxExpense": -6000000,
        "netIncome": 107000000,
        "netIncomeRatio": 0.0938185007,
        "eps": 0.66,
        "epsdiluted": 0.66,
        "weightedAverageShsOut": 147827000,
        "weightedAverageShsOutDil": 148081000,
        "link": "https://www.sec.gov/Archives/edgar/data/764065/000076406514000173/0000764065-14-000173-index.htm",
        "finalLink": "https://www.sec.gov/Archives/edgar/data/764065/000076406514000173/a10-qa3312013.htm"
    },
    {
        "date": "2012-12-31",
        "symbol": "CLF",
        "reportedCurrency": "USD",
        "cik": "0000764065",
        "fillingDate": "2013-02-12",
        "acceptedDate": "2013-02-12 16:16:26",
        "calendarYear": "2012",
        "period": "Q4",
        "revenue": 1535900000,
        "costOfRevenue": 1297400000,
        "grossProfit": 238500000,
        "grossProfitRatio": 0.1552835471,
        "researchAndDevelopmentExpenses": 29100000,
        "generalAndAdministrativeExpenses": 0,
        "sellingAndMarketingExpenses": 0,
        "sellingGeneralAndAdministrativeExpenses": 80000000,
        "otherExpenses": 0,
        "operatingExpenses": 101200000,
        "costAndExpenses": 1456100000,
        "interestIncome": 5400000,
        "interestExpense": 59800000,
        "depreciationAndAmortization": 143500000,
        "ebitda": 81800000,
        "ebitdaratio": 0.0532586757,
        "operatingIncome": -970100000,
        "operatingIncomeRatio": -0.6316166417,
        "totalOtherIncomeExpensesNet": -1490300000,
        "incomeBeforeTax": -1028300000,
        "incomeBeforeTaxRatio": -0.6695097337,
        "incomeTaxExpense": 491100000,
        "netIncome": -1618300000,
        "netIncomeRatio": -1.0536493261,
        "eps": -11.36,
        "epsdiluted": -11.36,
        "weightedAverageShsOut": 142409000,
        "weightedAverageShsOutDil": 142409000,
        "link": "https://www.sec.gov/Archives/edgar/data/764065/000076406513000003/0000764065-13-000003-index.htm",
        "finalLink": "https://www.sec.gov/Archives/edgar/data/764065/000076406513000003/clf-2012123110xk.htm"
    },
    {
        "date": "2012-09-30",
        "symbol": "CLF",
        "reportedCurrency": "USD",
        "cik": "0000764065",
        "fillingDate": "2012-10-25",
        "acceptedDate": "2012-10-25 15:08:22",
        "calendarYear": "2012",
        "period": "Q3",
        "revenue": 1544900000,
        "costOfRevenue": 1346600000,
        "grossProfit": 198300000,
        "grossProfitRatio": 0.1283578225,
        "researchAndDevelopmentExpenses": 0,
        "generalAndAdministrativeExpenses": 0,
        "sellingAndMarketingExpenses": 0,
        "sellingGeneralAndAdministrativeExpenses": 63900000,
        "otherExpenses": 58100000,
        "operatingExpenses": 122000000,
        "costAndExpenses": 1468600000,
        "interestIncome": 0,
        "interestExpense": 47200000,
        "depreciationAndAmortization": 132900000,
        "ebitda": 210600000,
        "ebitdaratio": 0.1363195029,
        "operatingIncome": 76300000,
        "operatingIncomeRatio": 0.0493883099,
        "totalOtherIncomeExpensesNet": -43900000,
        "incomeBeforeTax": 32400000,
        "incomeBeforeTaxRatio": 0.0209722312,
        "incomeTaxExpense": -64000000,
        "netIncome": 85100000,
        "netIncomeRatio": 0.0550844715,
        "eps": 0.6,
        "epsdiluted": 0.59,
        "weightedAverageShsOut": 142396000,
        "weightedAverageShsOutDil": 142895000,
        "link": "https://www.sec.gov/Archives/edgar/data/764065/000076406512000007/0000764065-12-000007-index.htm",
        "finalLink": "https://www.sec.gov/Archives/edgar/data/764065/000076406512000007/clf-2012930x10q.htm"
    },
    {
        "date": "2012-06-30",
        "symbol": "CLF",
        "reportedCurrency": "USD",
        "cik": "0000764065",
        "fillingDate": "2012-07-26",
        "acceptedDate": "2012-07-26 17:25:10",
        "calendarYear": "2012",
        "period": "Q2",
        "revenue": 1626000000,
        "costOfRevenue": 1176700000,
        "grossProfit": 449300000,
        "grossProfitRatio": 0.2763222632,
        "researchAndDevelopmentExpenses": 29100000,
        "generalAndAdministrativeExpenses": 0,
        "sellingAndMarketingExpenses": 0,
        "sellingGeneralAndAdministrativeExpenses": 83500000,
        "otherExpenses": -28600000,
        "operatingExpenses": 84000000,
        "costAndExpenses": 1260700000,
        "interestIncome": 0,
        "interestExpense": 47100000,
        "depreciationAndAmortization": 132100000,
        "ebitda": 491800000,
        "ebitdaratio": 0.3024600246,
        "operatingIncome": 365300000,
        "operatingIncomeRatio": 0.2246617466,
        "totalOtherIncomeExpensesNet": -50900000,
        "incomeBeforeTax": 317700000,
        "incomeBeforeTaxRatio": 0.1953874539,
        "incomeTaxExpense": 42900000,
        "netIncome": 258000000,
        "netIncomeRatio": 0.1586715867,
        "eps": 1.81,
        "epsdiluted": 1.81,
        "weightedAverageShsOut": 142380000,
        "weightedAverageShsOutDil": 142814000,
        "link": "https://www.sec.gov/Archives/edgar/data/764065/000119312512317111/0001193125-12-317111-index.htm",
        "finalLink": "https://www.sec.gov/Archives/edgar/data/764065/000119312512317111/d361098d10q.htm"
    },
    {
        "date": "2012-03-31",
        "symbol": "CLF",
        "reportedCurrency": "USD",
        "cik": "0000764065",
        "fillingDate": "2012-04-26",
        "acceptedDate": "2012-04-26 12:11:52",
        "calendarYear": "2012",
        "period": "Q1",
        "revenue": 1264700000,
        "costOfRevenue": 961200000,
        "grossProfit": 303500000,
        "grossProfitRatio": 0.2399778604,
        "researchAndDevelopmentExpenses": 0,
        "generalAndAdministrativeExpenses": 0,
        "sellingAndMarketingExpenses": 0,
        "sellingGeneralAndAdministrativeExpenses": 63000000,
        "otherExpenses": 18800000,
        "operatingExpenses": 81800000,
        "costAndExpenses": 946200000,
        "interestIncome": 2000000,
        "interestExpense": 47300000,
        "depreciationAndAmortization": 117300000,
        "ebitda": 342000000,
        "ebitdaratio": 0.2704198624,
        "operatingIncome": 221700000,
        "operatingIncomeRatio": 0.1752984898,
        "totalOtherIncomeExpensesNet": -43300000,
        "incomeBeforeTax": 187600000,
        "incomeBeforeTaxRatio": 0.1483355737,
        "incomeTaxExpense": -210800000,
        "netIncome": 375800000,
        "netIncomeRatio": 0.2971455681,
        "eps": 2.64,
        "epsdiluted": 2.63,
        "weightedAverageShsOut": 142226000,
        "weightedAverageShsOutDil": 142709000,
        "link": "https://www.sec.gov/Archives/edgar/data/764065/000119312512184783/0001193125-12-184783-index.htm",
        "finalLink": "https://www.sec.gov/Archives/edgar/data/764065/000119312512184783/d316869d10q.htm"
    },
    {
        "date": "2011-12-31",
        "symbol": "CLF",
        "reportedCurrency": "USD",
        "cik": "0000764065",
        "fillingDate": "2012-02-16",
        "acceptedDate": "2012-02-16 14:36:33",
        "calendarYear": "2011",
        "period": "Q4",
        "revenue": 1662500000,
        "costOfRevenue": 1113400000,
        "grossProfit": 549100000,
        "grossProfitRatio": 0.3302857143,
        "researchAndDevelopmentExpenses": 0,
        "generalAndAdministrativeExpenses": 0,
        "sellingAndMarketingExpenses": 0,
        "sellingGeneralAndAdministrativeExpenses": 81000000,
        "otherExpenses": 140100000,
        "operatingExpenses": 221100000,
        "costAndExpenses": 1334500000,
        "interestIncome": 1900000,
        "interestExpense": 47300000,
        "depreciationAndAmortization": 124000000,
        "ebitda": 493900000,
        "ebitdaratio": 0.2970827068,
        "operatingIncome": 328000000,
        "operatingIncomeRatio": 0.1972932331,
        "totalOtherIncomeExpensesNet": -3500000,
        "incomeBeforeTax": 322600000,
        "incomeBeforeTaxRatio": 0.1940451128,
        "incomeTaxExpense": 107800000,
        "netIncome": 198500000,
        "netIncomeRatio": 0.1193984962,
        "eps": 1.4,
        "epsdiluted": 1.4,
        "weightedAverageShsOut": 142226000,
        "weightedAverageShsOutDil": 142226000,
        "link": "https://www.sec.gov/Archives/edgar/data/764065/000119312512065138/0001193125-12-065138-index.htm",
        "finalLink": "https://www.sec.gov/Archives/edgar/data/764065/000119312512065138/d257049d10k.htm"
    },
    {
        "date": "2011-09-30",
        "symbol": "CLF",
        "reportedCurrency": "USD",
        "cik": "0000764065",
        "fillingDate": "2011-11-01",
        "acceptedDate": "2011-11-01 10:01:28",
        "calendarYear": "2011",
        "period": "Q3",
        "revenue": 2142800000,
        "costOfRevenue": 1306100000,
        "grossProfit": 836700000,
        "grossProfitRatio": 0.3904704125,
        "researchAndDevelopmentExpenses": 0,
        "generalAndAdministrativeExpenses": 0,
        "sellingAndMarketingExpenses": 0,
        "sellingGeneralAndAdministrativeExpenses": 78300000,
        "otherExpenses": -64000000,
        "operatingExpenses": 14300000,
        "costAndExpenses": 1320400000,
        "interestIncome": 2700000,
        "interestExpense": 49600000,
        "depreciationAndAmortization": 117700000,
        "ebitda": 931500000,
        "ebitdaratio": 0.4347115923,
        "operatingIncome": 822400000,
        "operatingIncomeRatio": 0.3837969013,
        "totalOtherIncomeExpensesNet": -53700000,
        "incomeBeforeTax": 765500000,
        "incomeBeforeTaxRatio": 0.3572428598,
        "incomeTaxExpense": 17800000,
        "netIncome": 589500000,
        "netIncomeRatio": 0.2751073362,
        "eps": 4.17,
        "epsdiluted": 4.15,
        "weightedAverageShsOut": 144203000,
        "weightedAverageShsOutDil": 144989000,
        "link": "https://www.sec.gov/Archives/edgar/data/764065/000119312511289957/0001193125-11-289957-index.htm",
        "finalLink": "https://www.sec.gov/Archives/edgar/data/764065/000119312511289957/d229727d10q.htm"
    },
    {
        "date": "2011-06-30",
        "symbol": "CLF",
        "reportedCurrency": "USD",
        "cik": "0000764065",
        "fillingDate": "2011-07-28",
        "acceptedDate": "2011-07-28 16:42:20",
        "calendarYear": "2011",
        "period": "Q2",
        "revenue": 1805800000,
        "costOfRevenue": 1101400000,
        "grossProfit": 704400000,
        "grossProfitRatio": 0.3900764204,
        "researchAndDevelopmentExpenses": 0,
        "generalAndAdministrativeExpenses": 0,
        "sellingAndMarketingExpenses": 0,
        "sellingGeneralAndAdministrativeExpenses": 69500000,
        "otherExpenses": -29500000,
        "operatingExpenses": 58200000,
        "costAndExpenses": 1170900000,
        "interestIncome": 2400000,
        "interestExpense": 81000000,
        "depreciationAndAmortization": 105400000,
        "ebitda": 637300000,
        "ebitdaratio": 0.3529183741,
        "operatingIncome": 616900000,
        "operatingIncomeRatio": 0.341621442,
        "totalOtherIncomeExpensesNet": -46600000,
        "incomeBeforeTax": 589200000,
        "incomeBeforeTaxRatio": 0.3262819803,
        "incomeTaxExpense": 151900000,
        "netIncome": 407700000,
        "netIncomeRatio": 0.2257725108,
        "eps": 2.93,
        "epsdiluted": 2.92,
        "weightedAverageShsOut": 139000000,
        "weightedAverageShsOutDil": 139783000,
        "link": "https://www.sec.gov/Archives/edgar/data/764065/000119312511200949/0001193125-11-200949-index.htm",
        "finalLink": "https://www.sec.gov/Archives/edgar/data/764065/000119312511200949/d10q.htm"
    },
    {
        "date": "2011-03-31",
        "symbol": "CLF",
        "reportedCurrency": "USD",
        "cik": "0000764065",
        "fillingDate": "2011-04-29",
        "acceptedDate": "2011-04-29 16:33:27",
        "calendarYear": "2011",
        "period": "Q1",
        "revenue": 1183200000,
        "costOfRevenue": 584500000,
        "grossProfit": 598700000,
        "grossProfitRatio": 0.5060006761,
        "researchAndDevelopmentExpenses": 0,
        "generalAndAdministrativeExpenses": 0,
        "sellingAndMarketingExpenses": 0,
        "sellingGeneralAndAdministrativeExpenses": 50700000,
        "otherExpenses": 10600000,
        "operatingExpenses": 61300000,
        "costAndExpenses": 645800000,
        "interestIncome": 2500000,
        "interestExpense": 38200000,
        "depreciationAndAmortization": 79800000,
        "ebitda": 619700000,
        "ebitdaratio": 0.5237491548,
        "operatingIncome": 537400000,
        "operatingIncomeRatio": 0.4541920216,
        "totalOtherIncomeExpensesNet": 25600000,
        "incomeBeforeTax": 562300000,
        "incomeBeforeTaxRatio": 0.4752366464,
        "incomeTaxExpense": 142000000,
        "netIncome": 423400000,
        "netIncomeRatio": 0.3578431373,
        "eps": 3.12,
        "epsdiluted": 3.11,
        "weightedAverageShsOut": 135486000,
        "weightedAverageShsOutDil": 136191000,
        "link": "https://www.sec.gov/Archives/edgar/data/764065/000119312511118684/0001193125-11-118684-index.htm",
        "finalLink": "https://www.sec.gov/Archives/edgar/data/764065/000119312511118684/d10q.htm"
    },
    {
        "date": "2010-12-31",
        "symbol": "CLF",
        "reportedCurrency": "USD",
        "cik": "0000764065",
        "fillingDate": "2011-02-17",
        "acceptedDate": "2011-02-17 13:50:59",
        "calendarYear": "2010",
        "period": "Q4",
        "revenue": 1424200000,
        "costOfRevenue": 941900000,
        "grossProfit": 482300000,
        "grossProfitRatio": 0.3386462575,
        "researchAndDevelopmentExpenses": 0,
        "generalAndAdministrativeExpenses": 45300000,
        "sellingAndMarketingExpenses": 25100000,
        "sellingGeneralAndAdministrativeExpenses": 70400000,
        "otherExpenses": 15300000,
        "operatingExpenses": 85700000,
        "costAndExpenses": 1027600000,
        "interestIncome": 1500000,
        "interestExpense": 28900000,
        "depreciationAndAmortization": 82800000,
        "ebitda": 513800000,
        "ebitdaratio": 0.3607639376,
        "operatingIncome": 396600000,
        "operatingIncomeRatio": 0.2784721247,
        "totalOtherIncomeExpensesNet": 5500000,
        "incomeBeforeTax": 402100000,
        "incomeBeforeTaxRatio": 0.2823339419,
        "incomeTaxExpense": 14000000,
        "netIncome": 393300000,
        "netIncomeRatio": 0.2761550344,
        "eps": 2.9,
        "epsdiluted": 2.9,
        "weightedAverageShsOut": 135364000,
        "weightedAverageShsOutDil": 135486000,
        "link": "https://www.sec.gov/Archives/edgar/data/764065/000119312511038883/0001193125-11-038883-index.htm",
        "finalLink": "https://www.sec.gov/Archives/edgar/data/764065/000119312511038883/d10k.htm"
    },
    {
        "date": "2010-09-30",
        "symbol": "CLF",
        "reportedCurrency": "USD",
        "cik": "0000764065",
        "fillingDate": "2010-10-29",
        "acceptedDate": "2010-10-29 12:06:43",
        "calendarYear": "2010",
        "period": "Q3",
        "revenue": 1346000000,
        "costOfRevenue": 869500000,
        "grossProfit": 476500000,
        "grossProfitRatio": 0.3540118871,
        "researchAndDevelopmentExpenses": 0,
        "generalAndAdministrativeExpenses": 0,
        "sellingAndMarketingExpenses": 0,
        "sellingGeneralAndAdministrativeExpenses": 68100000,
        "otherExpenses": 19200000,
        "operatingExpenses": 87300000,
        "costAndExpenses": 956800000,
        "interestIncome": 3300000,
        "interestExpense": 17300000,
        "depreciationAndAmortization": 84400000,
        "ebitda": 394600000,
        "ebitdaratio": 0.2931649331,
        "operatingIncome": 389200000,
        "operatingIncomeRatio": 0.2891530461,
        "totalOtherIncomeExpensesNet": 21400000,
        "incomeBeforeTax": 409500000,
        "incomeBeforeTaxRatio": 0.3042347697,
        "incomeTaxExpense": 115700000,
        "netIncome": 297400000,
        "netIncomeRatio": 0.2209509658,
        "eps": 2.2,
        "epsdiluted": 2.18,
        "weightedAverageShsOut": 135345000,
        "weightedAverageShsOutDil": 136213000,
        "link": "https://www.sec.gov/Archives/edgar/data/764065/000119312510240871/0001193125-10-240871-index.htm",
        "finalLink": "https://www.sec.gov/Archives/edgar/data/764065/000119312510240871/d10q.htm"
    },
    {
        "date": "2010-06-30",
        "symbol": "CLF",
        "reportedCurrency": "USD",
        "cik": "0000764065",
        "fillingDate": "2010-07-29",
        "acceptedDate": "2010-07-29 14:40:42",
        "calendarYear": "2010",
        "period": "Q2",
        "revenue": 1184300000,
        "costOfRevenue": 774500000,
        "grossProfit": 409800000,
        "grossProfitRatio": 0.3460271891,
        "researchAndDevelopmentExpenses": 0,
        "generalAndAdministrativeExpenses": 45300000,
        "sellingAndMarketingExpenses": 0,
        "sellingGeneralAndAdministrativeExpenses": 45300000,
        "otherExpenses": -1300000,
        "operatingExpenses": 44000000,
        "costAndExpenses": 818500000,
        "interestIncome": 2700000,
        "interestExpense": 13300000,
        "depreciationAndAmortization": 88500000,
        "ebitda": 453500000,
        "ebitdaratio": 0.3829266233,
        "operatingIncome": 365800000,
        "operatingIncomeRatio": 0.3088744406,
        "totalOtherIncomeExpensesNet": -14100000,
        "incomeBeforeTax": 351700000,
        "incomeBeforeTaxRatio": 0.2969686735,
        "incomeTaxExpense": 99300000,
        "netIncome": 260700000,
        "netIncomeRatio": 0.2201300346,
        "eps": 1.93,
        "epsdiluted": 1.92,
        "weightedAverageShsOut": 135319000,
        "weightedAverageShsOutDil": 136134000,
        "link": "https://www.sec.gov/Archives/edgar/data/764065/000119312510170474/0001193125-10-170474-index.htm",
        "finalLink": "https://www.sec.gov/Archives/edgar/data/764065/000119312510170474/d10q.htm"
    },
    {
        "date": "2010-03-31",
        "symbol": "CLF",
        "reportedCurrency": "USD",
        "cik": "0000764065",
        "fillingDate": "2010-04-29",
        "acceptedDate": "2010-04-29 12:49:38",
        "calendarYear": "2010",
        "period": "Q1",
        "revenue": 727700000,
        "costOfRevenue": 577700000,
        "grossProfit": 150000000,
        "grossProfitRatio": 0.2061288993,
        "researchAndDevelopmentExpenses": 0,
        "generalAndAdministrativeExpenses": 0,
        "sellingAndMarketingExpenses": 0,
        "sellingGeneralAndAdministrativeExpenses": 46000000,
        "otherExpenses": 0,
        "operatingExpenses": 46000000,
        "costAndExpenses": 614300000,
        "interestIncome": 2400000,
        "interestExpense": 10200000,
        "depreciationAndAmortization": 66600000,
        "ebitda": 173000000,
        "ebitdaratio": 0.2377353305,
        "operatingIncome": 104000000,
        "operatingIncomeRatio": 0.1429160368,
        "totalOtherIncomeExpensesNet": 43200000,
        "incomeBeforeTax": 169200000,
        "incomeBeforeTaxRatio": 0.2325133984,
        "incomeTaxExpense": 72300000,
        "netIncome": 93500000,
        "netIncomeRatio": 0.1284870139,
        "eps": 0.57,
        "epsdiluted": 0.57,
        "weightedAverageShsOut": 135174000,
        "weightedAverageShsOutDil": 135954000,
        "link": "https://www.sec.gov/Archives/edgar/data/764065/000119312510098679/0001193125-10-098679-index.htm",
        "finalLink": "https://www.sec.gov/Archives/edgar/data/764065/000119312510098679/d10q.htm"
    },
    {
        "date": "2009-12-31",
        "symbol": "CLF",
        "reportedCurrency": "USD",
        "cik": "0000764065",
        "fillingDate": "2010-02-18",
        "acceptedDate": "2010-02-18 12:49:18",
        "calendarYear": "2009",
        "period": "Q4",
        "revenue": 820500000,
        "costOfRevenue": 645500000,
        "grossProfit": 175000000,
        "grossProfitRatio": 0.2132845826,
        "researchAndDevelopmentExpenses": 0,
        "generalAndAdministrativeExpenses": 0,
        "sellingAndMarketingExpenses": 0,
        "sellingGeneralAndAdministrativeExpenses": 40600000,
        "otherExpenses": -42000000,
        "operatingExpenses": -1400000,
        "costAndExpenses": 644100000,
        "interestIncome": 3100000,
        "interestExpense": 9700000,
        "depreciationAndAmortization": 63900000,
        "ebitda": 227000000,
        "ebitdaratio": 0.2766605728,
        "operatingIncome": 169800000,
        "operatingIncomeRatio": 0.2069469835,
        "totalOtherIncomeExpensesNet": -23000000,
        "incomeBeforeTax": 153400000,
        "incomeBeforeTaxRatio": 0.1869591712,
        "incomeTaxExpense": 35400000,
        "netIncome": 108200000,
        "netIncomeRatio": 0.1318708105,
        "eps": 0.8,
        "epsdiluted": 0.8,
        "weightedAverageShsOut": 130857000,
        "weightedAverageShsOutDil": 135174000,
        "link": "https://www.sec.gov/Archives/edgar/data/764065/000119312510034034/0001193125-10-034034-index.htm",
        "finalLink": "https://www.sec.gov/Archives/edgar/data/764065/000119312510034034/d10k.htm"
    },
    {
        "date": "2009-09-30",
        "symbol": "CLF",
        "reportedCurrency": "USD",
        "cik": "0000764065",
        "fillingDate": "2009-10-30",
        "acceptedDate": "2009-10-30 12:08:47",
        "calendarYear": "2009",
        "period": "Q3",
        "revenue": 666400000,
        "costOfRevenue": 563200000,
        "grossProfit": 103200000,
        "grossProfitRatio": 0.1548619448,
        "researchAndDevelopmentExpenses": 0,
        "generalAndAdministrativeExpenses": 0,
        "sellingAndMarketingExpenses": 0,
        "sellingGeneralAndAdministrativeExpenses": 28600000,
        "otherExpenses": 0,
        "operatingExpenses": 28600000,
        "costAndExpenses": 591800000,
        "interestIncome": 1900000,
        "interestExpense": 10000000,
        "depreciationAndAmortization": 58000000,
        "ebitda": 149400000,
        "ebitdaratio": 0.2241896759,
        "operatingIncome": 74600000,
        "operatingIncomeRatio": 0.1119447779,
        "totalOtherIncomeExpensesNet": 6800000,
        "incomeBeforeTax": 81400000,
        "incomeBeforeTaxRatio": 0.1221488595,
        "incomeTaxExpense": 1900000,
        "netIncome": 58800000,
        "netIncomeRatio": 0.0882352941,
        "eps": 0.45,
        "epsdiluted": 0.45,
        "weightedAverageShsOut": 130840000,
        "weightedAverageShsOutDil": 131736000,
        "link": "https://www.sec.gov/Archives/edgar/data/764065/000119312509218498/0001193125-09-218498-index.htm",
        "finalLink": "https://www.sec.gov/Archives/edgar/data/764065/000119312509218498/d10q.htm"
    },
    {
        "date": "2009-06-30",
        "symbol": "CLF",
        "reportedCurrency": "USD",
        "cik": "0000764065",
        "fillingDate": "2009-07-30",
        "acceptedDate": "2009-07-30 14:50:09",
        "calendarYear": "2009",
        "period": "Q2",
        "revenue": 390300000,
        "costOfRevenue": 402000000,
        "grossProfit": -11700000,
        "grossProfitRatio": -0.0299769408,
        "researchAndDevelopmentExpenses": 0,
        "generalAndAdministrativeExpenses": 0,
        "sellingAndMarketingExpenses": 0,
        "sellingGeneralAndAdministrativeExpenses": 23400000,
        "otherExpenses": -160300000,
        "operatingExpenses": -136900000,
        "costAndExpenses": 408400000,
        "interestIncome": 2400000,
        "interestExpense": 10000000,
        "depreciationAndAmortization": 59200000,
        "ebitda": -15700000,
        "ebitdaratio": -0.0402254676,
        "operatingIncome": -17300000,
        "operatingIncomeRatio": -0.0443248783,
        "totalOtherIncomeExpensesNet": 70400000,
        "incomeBeforeTax": 53100000,
        "incomeBeforeTaxRatio": 0.1360491929,
        "incomeTaxExpense": -17600000,
        "netIncome": 45200000,
        "netIncomeRatio": 0.1158083525,
        "eps": 0.36,
        "epsdiluted": 0.36,
        "weightedAverageShsOut": 125100000,
        "weightedAverageShsOutDil": 125800000,
        "link": "https://www.sec.gov/Archives/edgar/data/764065/000119312509159399/0001193125-09-159399-index.htm",
        "finalLink": "https://www.sec.gov/Archives/edgar/data/764065/000119312509159399/d10q.htm"
    },
    {
        "date": "2009-03-31",
        "symbol": "CLF",
        "reportedCurrency": "USD",
        "cik": "0000764065",
        "fillingDate": "2009-05-01",
        "acceptedDate": "2009-05-01 14:24:14",
        "calendarYear": "2009",
        "period": "Q1",
        "revenue": 464800000,
        "costOfRevenue": 422400000,
        "grossProfit": 42400000,
        "grossProfitRatio": 0.091222031,
        "researchAndDevelopmentExpenses": 0,
        "generalAndAdministrativeExpenses": 0,
        "sellingAndMarketingExpenses": 0,
        "sellingGeneralAndAdministrativeExpenses": 31800000,
        "otherExpenses": -800000,
        "operatingExpenses": 31000000,
        "costAndExpenses": 453400000,
        "interestIncome": 3400000,
        "interestExpense": 9300000,
        "depreciationAndAmortization": 55500000,
        "ebitda": 67500000,
        "ebitdaratio": 0.1452237522,
        "operatingIncome": 11400000,
        "operatingIncomeRatio": 0.0245266781,
        "totalOtherIncomeExpensesNet": -7900000,
        "incomeBeforeTax": 2700000,
        "incomeBeforeTaxRatio": 0.0058089501,
        "incomeTaxExpense": 1100000,
        "netIncome": -7400000,
        "netIncomeRatio": -0.0159208262,
        "eps": -0.0653,
        "epsdiluted": -0.0653,
        "weightedAverageShsOut": 113240000,
        "weightedAverageShsOutDil": 113240000,
        "link": "https://www.sec.gov/Archives/edgar/data/764065/000119312509096016/0001193125-09-096016-index.htm",
        "finalLink": "https://www.sec.gov/Archives/edgar/data/764065/000119312509096016/d10q.htm"
    },
    {
        "date": "2008-12-31",
        "symbol": "CLF",
        "reportedCurrency": "USD",
        "cik": "0000764065",
        "fillingDate": "2009-02-26",
        "acceptedDate": "2009-02-26 17:01:33",
        "calendarYear": "2008",
        "period": "Q4",
        "revenue": 916300000,
        "costOfRevenue": 630400000,
        "grossProfit": 285900000,
        "grossProfitRatio": 0.3120157154,
        "researchAndDevelopmentExpenses": 0,
        "generalAndAdministrativeExpenses": 0,
        "sellingAndMarketingExpenses": 0,
        "sellingGeneralAndAdministrativeExpenses": 50200000,
        "otherExpenses": -1700000,
        "operatingExpenses": 48500000,
        "costAndExpenses": 678900000,
        "interestIncome": 0,
        "interestExpense": 0,
        "depreciationAndAmortization": 71900000,
        "ebitda": 276200000,
        "ebitdaratio": 0.3014296628,
        "operatingIncome": 237400000,
        "operatingIncomeRatio": 0.2590854524,
        "totalOtherIncomeExpensesNet": -211900000,
        "incomeBeforeTax": 25500000,
        "incomeBeforeTaxRatio": 0.0278293135,
        "incomeTaxExpense": -29400000,
        "netIncome": 53900000,
        "netIncomeRatio": 0.0588235294,
        "eps": 0.48,
        "epsdiluted": 0.48,
        "weightedAverageShsOut": 113069000,
        "weightedAverageShsOutDil": 113240000,
        "link": "https://www.sec.gov/Archives/edgar/data/764065/000119312509039184/0001193125-09-039184-index.htm",
        "finalLink": "https://www.sec.gov/Archives/edgar/data/764065/000119312509039184/d10k.htm"
    },
    {
        "date": "2008-09-30",
        "symbol": "CLF",
        "reportedCurrency": "USD",
        "cik": "0000764065",
        "fillingDate": "2008-10-31",
        "acceptedDate": "2008-10-31 16:07:46",
        "calendarYear": "2008",
        "period": "Q3",
        "revenue": 1189700000,
        "costOfRevenue": 824700000,
        "grossProfit": 365000000,
        "grossProfitRatio": 0.3068000336,
        "researchAndDevelopmentExpenses": 0,
        "generalAndAdministrativeExpenses": 0,
        "sellingAndMarketingExpenses": 0,
        "sellingGeneralAndAdministrativeExpenses": 41800000,
        "otherExpenses": -15700000,
        "operatingExpenses": 26100000,
        "costAndExpenses": 861400000,
        "interestIncome": 5900000,
        "interestExpense": 10700000,
        "depreciationAndAmortization": 51100000,
        "ebitda": 464300000,
        "ebitdaratio": 0.3902664537,
        "operatingIncome": 338900000,
        "operatingIncomeRatio": 0.2848617298,
        "totalOtherIncomeExpensesNet": -84700000,
        "incomeBeforeTax": 243600000,
        "incomeBeforeTaxRatio": 0.2047575019,
        "incomeTaxExpense": 52000000,
        "netIncome": 174900000,
        "netIncomeRatio": 0.1470118517,
        "eps": 1.67,
        "epsdiluted": 1.61,
        "weightedAverageShsOut": 104753000,
        "weightedAverageShsOutDil": 108719000,
        "link": "https://www.sec.gov/Archives/edgar/data/764065/000119312508221585/0001193125-08-221585-index.htm",
        "finalLink": "https://www.sec.gov/Archives/edgar/data/764065/000119312508221585/d10q.htm"
    },
    {
        "date": "2008-06-30",
        "symbol": "CLF",
        "reportedCurrency": "USD",
        "cik": "0000764065",
        "fillingDate": "2008-07-31",
        "acceptedDate": "2008-07-31 15:54:25",
        "calendarYear": "2008",
        "period": "Q2",
        "revenue": 1008600000,
        "costOfRevenue": 582300000,
        "grossProfit": 426300000,
        "grossProfitRatio": 0.4226650803,
        "researchAndDevelopmentExpenses": 0,
        "generalAndAdministrativeExpenses": 0,
        "sellingAndMarketingExpenses": 0,
        "sellingGeneralAndAdministrativeExpenses": 52100000,
        "otherExpenses": -25200000,
        "operatingExpenses": 26900000,
        "costAndExpenses": 599200000,
        "interestIncome": 6300000,
        "interestExpense": 9800000,
        "depreciationAndAmortization": 40000000,
        "ebitda": 456000000,
        "ebitdaratio": 0.4521118382,
        "operatingIncome": 399400000,
        "operatingIncomeRatio": 0.3959944477,
        "totalOtherIncomeExpensesNet": -3200000,
        "incomeBeforeTax": 406200000,
        "incomeBeforeTaxRatio": 0.4027364664,
        "incomeTaxExpense": 107400000,
        "netIncome": 270200000,
        "netIncomeRatio": 0.2678960936,
        "eps": 2.75,
        "epsdiluted": 2.57,
        "weightedAverageShsOut": 98127000,
        "weightedAverageShsOutDil": 105227000,
        "link": "https://www.sec.gov/Archives/edgar/data/764065/000119312508162543/0001193125-08-162543-index.htm",
        "finalLink": "https://www.sec.gov/Archives/edgar/data/764065/000119312508162543/d10q.htm"
    },
    {
        "date": "2008-03-31",
        "symbol": "CLF",
        "reportedCurrency": "USD",
        "cik": "0000764065",
        "fillingDate": "2008-05-06",
        "acceptedDate": "2008-05-06 17:06:20",
        "calendarYear": "2008",
        "period": "Q1",
        "revenue": 494400000,
        "costOfRevenue": 412000000,
        "grossProfit": 82400000,
        "grossProfitRatio": 0.1666666667,
        "researchAndDevelopmentExpenses": 0,
        "generalAndAdministrativeExpenses": 0,
        "sellingAndMarketingExpenses": 0,
        "sellingGeneralAndAdministrativeExpenses": 44600000,
        "otherExpenses": -4800000,
        "operatingExpenses": 39800000,
        "costAndExpenses": 451800000,
        "interestIncome": 5600000,
        "interestExpense": 7200000,
        "depreciationAndAmortization": 38100000,
        "ebitda": 86300000,
        "ebitdaratio": 0.1745550162,
        "operatingIncome": 42600000,
        "operatingIncomeRatio": 0.0861650485,
        "totalOtherIncomeExpensesNet": -1600000,
        "incomeBeforeTax": 41000000,
        "incomeBeforeTaxRatio": 0.0829288026,
        "incomeTaxExpense": 14300000,
        "netIncome": 16700000,
        "netIncomeRatio": 0.0337783172,
        "eps": 0.18,
        "epsdiluted": 0.16,
        "weightedAverageShsOut": 89936000,
        "weightedAverageShsOutDil": 104916000,
        "link": "https://www.sec.gov/Archives/edgar/data/764065/000119312508104245/0001193125-08-104245-index.htm",
        "finalLink": "https://www.sec.gov/Archives/edgar/data/764065/000119312508104245/d10q.htm"
    },
    {
        "date": "2007-12-31",
        "symbol": "CLF",
        "reportedCurrency": "USD",
        "cik": "0000764065",
        "fillingDate": "2008-02-29",
        "acceptedDate": "2008-02-29 13:34:47",
        "calendarYear": "2007",
        "period": "Q4",
        "revenue": 782500000,
        "costOfRevenue": 619200000,
        "grossProfit": 163300000,
        "grossProfitRatio": 0.2086900958,
        "researchAndDevelopmentExpenses": 0,
        "generalAndAdministrativeExpenses": 0,
        "sellingAndMarketingExpenses": 0,
        "sellingGeneralAndAdministrativeExpenses": 59700000,
        "otherExpenses": -35300000,
        "operatingExpenses": 24400000,
        "costAndExpenses": 643600000,
        "interestIncome": 0,
        "interestExpense": 0,
        "depreciationAndAmortization": 36100000,
        "ebitda": 175000000,
        "ebitdaratio": 0.2236421725,
        "operatingIncome": 138900000,
        "operatingIncomeRatio": 0.1775079872,
        "totalOtherIncomeExpensesNet": -7100000,
        "incomeBeforeTax": 131800000,
        "incomeBeforeTaxRatio": 0.1684345048,
        "incomeTaxExpense": 27300000,
        "netIncome": 93700000,
        "netIncomeRatio": 0.1197444089,
        "eps": 1.04,
        "epsdiluted": 1.04,
        "weightedAverageShsOut": 86606000,
        "weightedAverageShsOutDil": 89936000,
        "link": "https://www.sec.gov/Archives/edgar/data/764065/000119312508043301/0001193125-08-043301-index.htm",
        "finalLink": "https://www.sec.gov/Archives/edgar/data/764065/000119312508043301/d10k.htm"
    },
    {
        "date": "2007-09-30",
        "symbol": "CLF",
        "reportedCurrency": "USD",
        "cik": "0000764065",
        "fillingDate": "2007-11-06",
        "acceptedDate": "2007-11-06 16:05:18",
        "calendarYear": "2007",
        "period": "Q3",
        "revenue": 619600000,
        "costOfRevenue": 512300000,
        "grossProfit": 107300000,
        "grossProfitRatio": 0.1731762427,
        "researchAndDevelopmentExpenses": 0,
        "generalAndAdministrativeExpenses": 0,
        "sellingAndMarketingExpenses": 0,
        "sellingGeneralAndAdministrativeExpenses": 21600000,
        "otherExpenses": 3800000,
        "operatingExpenses": 25400000,
        "costAndExpenses": 537700000,
        "interestIncome": 0,
        "interestExpense": 0,
        "depreciationAndAmortization": 28700000,
        "ebitda": 81900000,
        "ebitdaratio": 0.1321820529,
        "operatingIncome": 81900000,
        "operatingIncomeRatio": 0.1321820529,
        "totalOtherIncomeExpensesNet": -2200000,
        "incomeBeforeTax": 79700000,
        "incomeBeforeTaxRatio": 0.1286313751,
        "incomeTaxExpense": 17500000,
        "netIncome": 56900000,
        "netIncomeRatio": 0.0918334409,
        "eps": 0.67,
        "epsdiluted": 0.54,
        "weightedAverageShsOut": 82586000,
        "weightedAverageShsOutDil": 105000000,
        "link": "https://www.sec.gov/Archives/edgar/data/764065/000119312507236687/0001193125-07-236687-index.htm",
        "finalLink": "https://www.sec.gov/Archives/edgar/data/764065/000119312507236687/d10q.htm"
    },
    {
        "date": "2007-06-30",
        "symbol": "CLF",
        "reportedCurrency": "USD",
        "cik": "0000764065",
        "fillingDate": "2007-08-03",
        "acceptedDate": "2007-08-03 11:23:37",
        "calendarYear": "2007",
        "period": "Q2",
        "revenue": 547600000,
        "costOfRevenue": 418000000,
        "grossProfit": 129600000,
        "grossProfitRatio": 0.2366691015,
        "researchAndDevelopmentExpenses": 0,
        "generalAndAdministrativeExpenses": 0,
        "sellingAndMarketingExpenses": 0,
        "sellingGeneralAndAdministrativeExpenses": 20900000,
        "otherExpenses": -4000000,
        "operatingExpenses": 16900000,
        "costAndExpenses": 434900000,
        "interestIncome": 0,
        "interestExpense": 0,
        "depreciationAndAmortization": 21700000,
        "ebitda": 134400000,
        "ebitdaratio": 0.2454346238,
        "operatingIncome": 112700000,
        "operatingIncomeRatio": 0.2058071585,
        "totalOtherIncomeExpensesNet": 1300000,
        "incomeBeforeTax": 117200000,
        "incomeBeforeTaxRatio": 0.2140248356,
        "incomeTaxExpense": 25800000,
        "netIncome": 86900000,
        "netIncomeRatio": 0.1586924763,
        "eps": 1.05,
        "epsdiluted": 0.83,
        "weightedAverageShsOut": 81544000,
        "weightedAverageShsOutDil": 104664000,
        "link": "https://www.sec.gov/Archives/edgar/data/764065/000119312507170307/0001193125-07-170307-index.htm",
        "finalLink": "https://www.sec.gov/Archives/edgar/data/764065/000119312507170307/d10q.htm"
    },
    {
        "date": "2007-03-31",
        "symbol": "CLF",
        "reportedCurrency": "USD",
        "cik": "0000764065",
        "fillingDate": "2007-06-08",
        "acceptedDate": "2007-06-08 13:42:45",
        "calendarYear": "2007",
        "period": "Q1",
        "revenue": 325500000,
        "costOfRevenue": 263700000,
        "grossProfit": 61800000,
        "grossProfitRatio": 0.1898617512,
        "researchAndDevelopmentExpenses": 0,
        "generalAndAdministrativeExpenses": 0,
        "sellingAndMarketingExpenses": 0,
        "sellingGeneralAndAdministrativeExpenses": 14200000,
        "otherExpenses": 2700000,
        "operatingExpenses": 16900000,
        "costAndExpenses": 280600000,
        "interestIncome": 0,
        "interestExpense": 0,
        "depreciationAndAmortization": 20700000,
        "ebitda": 44900000,
        "ebitdaratio": 0.1379416283,
        "operatingIncome": 44900000,
        "operatingIncomeRatio": 0.1379416283,
        "totalOtherIncomeExpensesNet": 5600000,
        "incomeBeforeTax": 50500000,
        "incomeBeforeTaxRatio": 0.1551459293,
        "incomeTaxExpense": 13500000,
        "netIncome": 32500000,
        "netIncomeRatio": 0.0998463902,
        "eps": 0.39,
        "epsdiluted": 0.31,
        "weightedAverageShsOut": 81216000,
        "weightedAverageShsOutDil": 104354000,
        "link": "https://www.sec.gov/Archives/edgar/data/764065/000119312507132428/0001193125-07-132428-index.htm",
        "finalLink": "https://www.sec.gov/Archives/edgar/data/764065/000119312507132428/d10q.htm"
    },
    {
        "date": "2006-12-31",
        "symbol": "CLF",
        "reportedCurrency": "USD",
        "cik": "0000764065",
        "fillingDate": "2007-05-25",
        "acceptedDate": "2007-05-25 15:18:57",
        "calendarYear": "2006",
        "period": "Q4",
        "revenue": 549000000,
        "costOfRevenue": 451600000,
        "grossProfit": 97400000,
        "grossProfitRatio": 0.1774134791,
        "researchAndDevelopmentExpenses": 0,
        "generalAndAdministrativeExpenses": 0,
        "sellingAndMarketingExpenses": 0,
        "sellingGeneralAndAdministrativeExpenses": 26700000,
        "otherExpenses": -13000000,
        "operatingExpenses": 13700000,
        "costAndExpenses": 465300000,
        "interestIncome": 0,
        "interestExpense": 0,
        "depreciationAndAmortization": 28900000,
        "ebitda": 112600000,
        "ebitdaratio": 0.2051001821,
        "operatingIncome": 83700000,
        "operatingIncomeRatio": 0.1524590164,
        "totalOtherIncomeExpensesNet": 11600000,
        "incomeBeforeTax": 95300000,
        "incomeBeforeTaxRatio": 0.1735883424,
        "incomeTaxExpense": 20100000,
        "netIncome": 70000000,
        "netIncomeRatio": 0.1275045537,
        "eps": 0.86,
        "epsdiluted": 0.86,
        "weightedAverageShsOut": 81216000,
        "weightedAverageShsOutDil": 81216000,
        "link": "https://www.sec.gov/Archives/edgar/data/764065/000119312507123585/0001193125-07-123585-index.htm",
        "finalLink": "https://www.sec.gov/Archives/edgar/data/764065/000119312507123585/d10k.htm"
    },
    {
        "date": "2006-09-30",
        "symbol": "CLF",
        "reportedCurrency": "USD",
        "cik": "0000764065",
        "fillingDate": "2006-10-26",
        "acceptedDate": "2006-10-26 15:32:00",
        "calendarYear": "2006",
        "period": "Q3",
        "revenue": 580100000,
        "costOfRevenue": 447600000,
        "grossProfit": 132500000,
        "grossProfitRatio": 0.228408895,
        "researchAndDevelopmentExpenses": 0,
        "generalAndAdministrativeExpenses": 0,
        "sellingAndMarketingExpenses": 0,
        "sellingGeneralAndAdministrativeExpenses": 14200000,
        "otherExpenses": 2700000,
        "operatingExpenses": 16900000,
        "costAndExpenses": 461700000,
        "interestIncome": 0,
        "interestExpense": 0,
        "depreciationAndAmortization": 20900000,
        "ebitda": 130300000,
        "ebitdaratio": 0.2246164454,
        "operatingIncome": 115600000,
        "operatingIncomeRatio": 0.1992759869,
        "totalOtherIncomeExpensesNet": 5200000,
        "incomeBeforeTax": 124700000,
        "incomeBeforeTaxRatio": 0.2149629374,
        "incomeTaxExpense": 31300000,
        "netIncome": 89100000,
        "netIncomeRatio": 0.1535942079,
        "eps": 1.07,
        "epsdiluted": 0.84,
        "weightedAverageShsOut": 82264000,
        "weightedAverageShsOutDil": 105784000,
        "link": "https://www.sec.gov/Archives/edgar/data/764065/000119312506215817/0001193125-06-215817-index.htm",
        "finalLink": "https://www.sec.gov/Archives/edgar/data/764065/000119312506215817/d10q.htm"
    },
    {
        "date": "2006-06-30",
        "symbol": "CLF",
        "reportedCurrency": "USD",
        "cik": "0000764065",
        "fillingDate": "2006-07-27",
        "acceptedDate": "2006-07-27 16:33:47",
        "calendarYear": "2006",
        "period": "Q2",
        "revenue": 489200000,
        "costOfRevenue": 357500000,
        "grossProfit": 131700000,
        "grossProfitRatio": 0.269215045,
        "researchAndDevelopmentExpenses": 0,
        "generalAndAdministrativeExpenses": 0,
        "sellingAndMarketingExpenses": 0,
        "sellingGeneralAndAdministrativeExpenses": 15300000,
        "otherExpenses": 0,
        "operatingExpenses": 15300000,
        "costAndExpenses": 372800000,
        "interestIncome": 0,
        "interestExpense": 0,
        "depreciationAndAmortization": 19200000,
        "ebitda": 133600000,
        "ebitdaratio": 0.273098937,
        "operatingIncome": 116400000,
        "operatingIncomeRatio": 0.237939493,
        "totalOtherIncomeExpensesNet": 4400000,
        "incomeBeforeTax": 117800000,
        "incomeBeforeTaxRatio": 0.2408013083,
        "incomeTaxExpense": 29600000,
        "netIncome": 83100000,
        "netIncomeRatio": 0.1698691742,
        "eps": 0.96,
        "epsdiluted": 0.77,
        "weightedAverageShsOut": 85440000,
        "weightedAverageShsOutDil": 108890000,
        "link": "https://www.sec.gov/Archives/edgar/data/764065/000095015206006187/0000950152-06-006187-index.htm",
        "finalLink": "https://www.sec.gov/Archives/edgar/data/764065/000095015206006187/l21336ae10vq.htm"
    },
    {
        "date": "2006-03-31",
        "symbol": "CLF",
        "reportedCurrency": "USD",
        "cik": "0000764065",
        "fillingDate": "2006-04-27",
        "acceptedDate": "2006-04-27 16:10:26",
        "calendarYear": "2006",
        "period": "Q1",
        "revenue": 306400000,
        "costOfRevenue": 251000000,
        "grossProfit": 55400000,
        "grossProfitRatio": 0.1808093995,
        "researchAndDevelopmentExpenses": 0,
        "generalAndAdministrativeExpenses": 0,
        "sellingAndMarketingExpenses": 0,
        "sellingGeneralAndAdministrativeExpenses": 9800000,
        "otherExpenses": -600000,
        "operatingExpenses": 9200000,
        "costAndExpenses": 260200000,
        "interestIncome": 0,
        "interestExpense": 0,
        "depreciationAndAmortization": 14300000,
        "ebitda": 46200000,
        "ebitdaratio": 0.1507832898,
        "operatingIncome": 46200000,
        "operatingIncomeRatio": 0.1507832898,
        "totalOtherIncomeExpensesNet": 3800000,
        "incomeBeforeTax": 50000000,
        "incomeBeforeTaxRatio": 0.1631853786,
        "incomeTaxExpense": 9900000,
        "netIncome": 37900000,
        "netIncomeRatio": 0.123694517,
        "eps": 0.42,
        "epsdiluted": 0.35,
        "weightedAverageShsOut": 87396000,
        "weightedAverageShsOutDil": 110724000,
        "link": "https://www.sec.gov/Archives/edgar/data/764065/000095015206003612/0000950152-06-003612-index.htm",
        "finalLink": "https://www.sec.gov/Archives/edgar/data/764065/000095015206003612/l19736ae10vq.htm"
    },
    {
        "date": "2005-12-31",
        "symbol": "CLF",
        "reportedCurrency": "USD",
        "cik": "0000764065",
        "fillingDate": "2006-02-21",
        "acceptedDate": "2006-02-21 10:30:27",
        "calendarYear": "2005",
        "period": "Q4",
        "revenue": 468500000,
        "costOfRevenue": 388000000,
        "grossProfit": 80500000,
        "grossProfitRatio": 0.1718249733,
        "researchAndDevelopmentExpenses": 0,
        "generalAndAdministrativeExpenses": 0,
        "sellingAndMarketingExpenses": 0,
        "sellingGeneralAndAdministrativeExpenses": 14600000,
        "otherExpenses": 16600000,
        "operatingExpenses": 31200000,
        "costAndExpenses": 419200000,
        "interestIncome": 0,
        "interestExpense": 0,
        "depreciationAndAmortization": 15000000,
        "ebitda": 64300000,
        "ebitdaratio": 0.1372465315,
        "operatingIncome": 49300000,
        "operatingIncomeRatio": 0.1052294557,
        "totalOtherIncomeExpensesNet": 27900000,
        "incomeBeforeTax": 77200000,
        "incomeBeforeTaxRatio": 0.1647812166,
        "incomeTaxExpense": 7100000,
        "netIncome": 67100000,
        "netIncomeRatio": 0.1432230523,
        "eps": 0.77,
        "epsdiluted": 0.77,
        "weightedAverageShsOut": 87248000,
        "weightedAverageShsOutDil": 87396000,
        "link": "https://www.sec.gov/Archives/edgar/data/764065/000095015206001335/0000950152-06-001335-index.htm",
        "finalLink": "https://www.sec.gov/Archives/edgar/data/764065/000095015206001335/l17428ae10vk.htm"
    },
    {
        "date": "2005-09-30",
        "symbol": "CLF",
        "reportedCurrency": "USD",
        "cik": "0000764065",
        "fillingDate": "2005-10-27",
        "acceptedDate": "2005-10-27 14:12:27",
        "calendarYear": "2005",
        "period": "Q3",
        "revenue": 514100000,
        "costOfRevenue": 384800000,
        "grossProfit": 129300000,
        "grossProfitRatio": 0.2515074888,
        "researchAndDevelopmentExpenses": 0,
        "generalAndAdministrativeExpenses": 0,
        "sellingAndMarketingExpenses": 0,
        "sellingGeneralAndAdministrativeExpenses": 11700000,
        "otherExpenses": -3700000,
        "operatingExpenses": 8000000,
        "costAndExpenses": 392800000,
        "interestIncome": 0,
        "interestExpense": 0,
        "depreciationAndAmortization": 13700000,
        "ebitda": 136200000,
        "ebitdaratio": 0.2649290021,
        "operatingIncome": 121300000,
        "operatingIncomeRatio": 0.2359463139,
        "totalOtherIncomeExpensesNet": 2200000,
        "incomeBeforeTax": 123500000,
        "incomeBeforeTaxRatio": 0.240225637,
        "incomeTaxExpense": 34200000,
        "netIncome": 85600000,
        "netIncomeRatio": 0.1665045711,
        "eps": 0.97,
        "epsdiluted": 0.77,
        "weightedAverageShsOut": 87140000,
        "weightedAverageShsOutDil": 111514000,
        "link": "https://www.sec.gov/Archives/edgar/data/764065/000095015205008469/0000950152-05-008469-index.htm",
        "finalLink": "https://www.sec.gov/Archives/edgar/data/764065/000095015205008469/l16616ae10vq.htm"
    },
    {
        "date": "2005-06-30",
        "symbol": "CLF",
        "reportedCurrency": "USD",
        "cik": "0000764065",
        "fillingDate": "2005-07-28",
        "acceptedDate": "2005-07-28 16:37:30",
        "calendarYear": "2005",
        "period": "Q2",
        "revenue": 485300000,
        "costOfRevenue": 349100000,
        "grossProfit": 136200000,
        "grossProfitRatio": 0.2806511436,
        "researchAndDevelopmentExpenses": 0,
        "generalAndAdministrativeExpenses": 0,
        "sellingAndMarketingExpenses": 0,
        "sellingGeneralAndAdministrativeExpenses": 10300000,
        "otherExpenses": -12300000,
        "operatingExpenses": -2000000,
        "costAndExpenses": 347100000,
        "interestIncome": 0,
        "interestExpense": 0,
        "depreciationAndAmortization": 16800000,
        "ebitda": 155700000,
        "ebitdaratio": 0.3208324748,
        "operatingIncome": 138200000,
        "operatingIncomeRatio": 0.2847723058,
        "totalOtherIncomeExpensesNet": 1100000,
        "incomeBeforeTax": 140000000,
        "incomeBeforeTaxRatio": 0.2884813517,
        "incomeTaxExpense": 36500000,
        "netIncome": 99700000,
        "netIncomeRatio": 0.2054399341,
        "eps": 1.13,
        "epsdiluted": 0.9,
        "weightedAverageShsOut": 86868000,
        "weightedAverageShsOutDil": 111208000,
        "link": "https://www.sec.gov/Archives/edgar/data/764065/000095015205006301/0000950152-05-006301-index.htm",
        "finalLink": "https://www.sec.gov/Archives/edgar/data/764065/000095015205006301/l14967ae10vq.htm"
    },
    {
        "date": "2005-03-31",
        "symbol": "CLF",
        "reportedCurrency": "USD",
        "cik": "0000764065",
        "fillingDate": "2005-04-29",
        "acceptedDate": "2005-04-29 14:27:33",
        "calendarYear": "2005",
        "period": "Q1",
        "revenue": 271600000,
        "costOfRevenue": 228600000,
        "grossProfit": 43000000,
        "grossProfitRatio": 0.1583210604,
        "researchAndDevelopmentExpenses": 0,
        "generalAndAdministrativeExpenses": 0,
        "sellingAndMarketingExpenses": 0,
        "sellingGeneralAndAdministrativeExpenses": 11300000,
        "otherExpenses": -1700000,
        "operatingExpenses": 9600000,
        "costAndExpenses": 238200000,
        "interestIncome": 0,
        "interestExpense": 0,
        "depreciationAndAmortization": 7300000,
        "ebitda": 33400000,
        "ebitdaratio": 0.1229749632,
        "operatingIncome": 33400000,
        "operatingIncomeRatio": 0.1229749632,
        "totalOtherIncomeExpensesNet": -6000000,
        "incomeBeforeTax": 27400000,
        "incomeBeforeTaxRatio": 0.1008836524,
        "incomeTaxExpense": 7000000,
        "netIncome": 25200000,
        "netIncomeRatio": 0.0927835052,
        "eps": 0.28,
        "epsdiluted": 0.23,
        "weightedAverageShsOut": 86396000,
        "weightedAverageShsOutDil": 110620000,
        "link": "https://www.sec.gov/Archives/edgar/data/764065/000095015205003716/0000950152-05-003716-index.htm",
        "finalLink": "https://www.sec.gov/Archives/edgar/data/764065/000095015205003716/l13285ae10vq.htm"
    },
    {
        "date": "2004-12-31",
        "symbol": "CLF",
        "reportedCurrency": "USD",
        "cik": "0000764065",
        "fillingDate": "2005-02-22",
        "acceptedDate": "2005-02-22 17:24:24",
        "calendarYear": "2004",
        "period": "Q4",
        "revenue": 250600000,
        "costOfRevenue": 277600000,
        "grossProfit": -27000000,
        "grossProfitRatio": -0.1077414206,
        "researchAndDevelopmentExpenses": 0,
        "generalAndAdministrativeExpenses": 0,
        "sellingAndMarketingExpenses": 0,
        "sellingGeneralAndAdministrativeExpenses": 11400000,
        "otherExpenses": 141400000,
        "operatingExpenses": 152800000,
        "costAndExpenses": 430400000,
        "interestIncome": 0,
        "interestExpense": 0,
        "depreciationAndAmortization": 6700000,
        "ebitda": -173100000,
        "ebitdaratio": -0.6907422187,
        "operatingIncome": -179800000,
        "operatingIncomeRatio": -0.7174780527,
        "totalOtherIncomeExpensesNet": 318900000,
        "incomeBeforeTax": 139100000,
        "incomeBeforeTaxRatio": 0.5550678372,
        "incomeTaxExpense": -66000000,
        "netIncome": 203300000,
        "netIncomeRatio": 0.8112529928,
        "eps": 2.35,
        "epsdiluted": 2.35,
        "weightedAverageShsOut": 85880000,
        "weightedAverageShsOutDil": 86396000,
        "link": "https://www.sec.gov/Archives/edgar/data/764065/000095015205001410/0000950152-05-001410-index.htm",
        "finalLink": "https://www.sec.gov/Archives/edgar/data/764065/000095015205001410/l11082ae10vk.htm"
    },
    {
        "date": "2004-09-30",
        "symbol": "CLF",
        "reportedCurrency": "USD",
        "cik": "0000764065",
        "fillingDate": "2004-10-28",
        "acceptedDate": "2004-10-28 17:26:12",
        "calendarYear": "2004",
        "period": "Q3",
        "revenue": 409700000,
        "costOfRevenue": 288400000,
        "grossProfit": 121300000,
        "grossProfitRatio": 0.2960702953,
        "researchAndDevelopmentExpenses": 0,
        "generalAndAdministrativeExpenses": 0,
        "sellingAndMarketingExpenses": 0,
        "sellingGeneralAndAdministrativeExpenses": 11600000,
        "otherExpenses": 0,
        "operatingExpenses": 11600000,
        "costAndExpenses": 300000000,
        "interestIncome": 2700000,
        "interestExpense": 200000,
        "depreciationAndAmortization": 7100000,
        "ebitda": -2200000,
        "ebitdaratio": -0.0053697828,
        "operatingIncome": 109700000,
        "operatingIncomeRatio": 0.2677568953,
        "totalOtherIncomeExpensesNet": -1900000,
        "incomeBeforeTax": 107800000,
        "incomeBeforeTaxRatio": 0.2631193556,
        "incomeTaxExpense": 25200000,
        "netIncome": 87500000,
        "netIncomeRatio": 0.2135709055,
        "eps": 1.01,
        "epsdiluted": 0.8,
        "weightedAverageShsOut": 85564000,
        "weightedAverageShsOutDil": 110192000,
        "link": "https://www.sec.gov/Archives/edgar/data/764065/000095015204007716/0000950152-04-007716-index.htm",
        "finalLink": "https://www.sec.gov/Archives/edgar/data/764065/000095015204007716/l09927ae10vq.htm"
    },
    {
        "date": "2004-06-30",
        "symbol": "CLF",
        "reportedCurrency": "USD",
        "cik": "0000764065",
        "fillingDate": "2004-07-29",
        "acceptedDate": "2004-07-29 17:09:14",
        "calendarYear": "2004",
        "period": "Q2",
        "revenue": 305600000,
        "costOfRevenue": 262000000,
        "grossProfit": 43600000,
        "grossProfitRatio": 0.1426701571,
        "researchAndDevelopmentExpenses": 0,
        "generalAndAdministrativeExpenses": 0,
        "sellingAndMarketingExpenses": 0,
        "sellingGeneralAndAdministrativeExpenses": 4000000,
        "otherExpenses": 0,
        "operatingExpenses": 4000000,
        "costAndExpenses": 266000000,
        "interestIncome": 2600000,
        "interestExpense": 200000,
        "depreciationAndAmortization": 8200000,
        "ebitda": 40700000,
        "ebitdaratio": 0.1331806283,
        "operatingIncome": 39600000,
        "operatingIncomeRatio": 0.1295811518,
        "totalOtherIncomeExpensesNet": 300500000,
        "incomeBeforeTax": 38700000,
        "incomeBeforeTaxRatio": 0.1266361257,
        "incomeTaxExpense": 5900000,
        "netIncome": 32800000,
        "netIncomeRatio": 0.1073298429,
        "eps": 0.37,
        "epsdiluted": 0.3,
        "weightedAverageShsOut": 85052000,
        "weightedAverageShsOutDil": 108968000,
        "link": "https://www.sec.gov/Archives/edgar/data/764065/000095015204005736/0000950152-04-005736-index.htm",
        "finalLink": "https://www.sec.gov/Archives/edgar/data/764065/000095015204005736/l08601ae10vq.htm"
    },
    {
        "date": "2004-03-31",
        "symbol": "CLF",
        "reportedCurrency": "USD",
        "cik": "0000764065",
        "fillingDate": "2004-04-29",
        "acceptedDate": "2004-04-29 17:06:26",
        "calendarYear": "2004",
        "period": "Q1",
        "revenue": 240800000,
        "costOfRevenue": 229500000,
        "grossProfit": 11300000,
        "grossProfitRatio": 0.0469269103,
        "researchAndDevelopmentExpenses": 0,
        "generalAndAdministrativeExpenses": 0,
        "sellingAndMarketingExpenses": 0,
        "sellingGeneralAndAdministrativeExpenses": 9000000,
        "otherExpenses": 0,
        "operatingExpenses": 9000000,
        "costAndExpenses": 238500000,
        "interestIncome": 2600000,
        "interestExpense": 300000,
        "depreciationAndAmortization": 7300000,
        "ebitda": 5600000,
        "ebitdaratio": 0.023255814,
        "operatingIncome": 2300000,
        "operatingIncomeRatio": 0.009551495,
        "totalOtherIncomeExpensesNet": 1000000,
        "incomeBeforeTax": -700000,
        "incomeBeforeTaxRatio": -0.0029069767,
        "incomeTaxExpense": -100000,
        "netIncome": -600000,
        "netIncomeRatio": -0.0024916944,
        "eps": -0.0071,
        "epsdiluted": -0.0055,
        "weightedAverageShsOut": 84440000,
        "weightedAverageShsOutDil": 108292000,
        "link": "https://www.sec.gov/Archives/edgar/data/764065/000095015204003374/0000950152-04-003374-index.htm",
        "finalLink": "https://www.sec.gov/Archives/edgar/data/764065/000095015204003374/l06852ae10vq.htm"
    },
    {
        "date": "2003-12-31",
        "symbol": "CLF",
        "reportedCurrency": "USD",
        "cik": "0000764065",
        "fillingDate": "2004-02-13",
        "acceptedDate": "2004-02-13 14:41:43",
        "calendarYear": "2003",
        "period": "Q4",
        "revenue": 248300000,
        "costOfRevenue": 240300000,
        "grossProfit": 8000000,
        "grossProfitRatio": 0.0322190898,
        "researchAndDevelopmentExpenses": 0,
        "generalAndAdministrativeExpenses": 0,
        "sellingAndMarketingExpenses": 0,
        "sellingGeneralAndAdministrativeExpenses": 9600000,
        "otherExpenses": 0,
        "operatingExpenses": 9600000,
        "costAndExpenses": 249900000,
        "interestIncome": 0,
        "interestExpense": 6600000,
        "depreciationAndAmortization": 7800000,
        "ebitda": 6200000,
        "ebitdaratio": 0.0249697946,
        "operatingIncome": -1600000,
        "operatingIncomeRatio": -0.006443818,
        "totalOtherIncomeExpensesNet": -10300000,
        "incomeBeforeTax": -11900000,
        "incomeBeforeTaxRatio": -0.0479258961,
        "incomeTaxExpense": -800000,
        "netIncome": -8900000,
        "netIncomeRatio": -0.0358437374,
        "eps": -0.11,
        "epsdiluted": -0.11,
        "weightedAverageShsOut": 82600000,
        "weightedAverageShsOutDil": 84440000,
        "link": "https://www.sec.gov/Archives/edgar/data/764065/000095015204001088/0000950152-04-001088-index.htm",
        "finalLink": "https://www.sec.gov/Archives/edgar/data/764065/000095015204001088/l04393ae10vk.htm"
    },
    {
        "date": "2003-09-30",
        "symbol": "CLF",
        "reportedCurrency": "USD",
        "cik": "0000764065",
        "fillingDate": "2003-10-30",
        "acceptedDate": "2003-10-30 15:20:30",
        "calendarYear": "2003",
        "period": "Q3",
        "revenue": 234200000,
        "costOfRevenue": 218900000,
        "grossProfit": 15300000,
        "grossProfitRatio": 0.0653287788,
        "researchAndDevelopmentExpenses": 0,
        "generalAndAdministrativeExpenses": 0,
        "sellingAndMarketingExpenses": 0,
        "sellingGeneralAndAdministrativeExpenses": 6100000,
        "otherExpenses": 0,
        "operatingExpenses": 6100000,
        "costAndExpenses": 225000000,
        "interestIncome": 0,
        "interestExpense": 0,
        "depreciationAndAmortization": 5200000,
        "ebitda": 14400000,
        "ebitdaratio": 0.0614859095,
        "operatingIncome": 9200000,
        "operatingIncomeRatio": 0.0392826644,
        "totalOtherIncomeExpensesNet": -13700000,
        "incomeBeforeTax": -4500000,
        "incomeBeforeTaxRatio": -0.0192143467,
        "incomeTaxExpense": 300000,
        "netIncome": -4800000,
        "netIncomeRatio": -0.0204953032,
        "eps": -0.0585,
        "epsdiluted": -0.0585,
        "weightedAverageShsOut": 81984000,
        "weightedAverageShsOutDil": 81984000,
        "link": "https://www.sec.gov/Archives/edgar/data/764065/000095015203009202/0000950152-03-009202-index.htm",
        "finalLink": "https://www.sec.gov/Archives/edgar/data/764065/000095015203009202/l03366ae10vq.htm"
    },
    {
        "date": "2003-06-30",
        "symbol": "CLF",
        "reportedCurrency": "USD",
        "cik": "0000764065",
        "fillingDate": "2003-07-31",
        "acceptedDate": "2003-07-31 16:53:31",
        "calendarYear": "2003",
        "period": "Q2",
        "revenue": 213700000,
        "costOfRevenue": 224800000,
        "grossProfit": -11100000,
        "grossProfitRatio": -0.0519419747,
        "researchAndDevelopmentExpenses": 0,
        "generalAndAdministrativeExpenses": 0,
        "sellingAndMarketingExpenses": 0,
        "sellingGeneralAndAdministrativeExpenses": 4500000,
        "otherExpenses": 0,
        "operatingExpenses": 4500000,
        "costAndExpenses": 229300000,
        "interestIncome": 2500000,
        "interestExpense": 1300000,
        "depreciationAndAmortization": 8300000,
        "ebitda": -7300000,
        "ebitdaratio": -0.0341600374,
        "operatingIncome": -15600000,
        "operatingIncomeRatio": -0.0729995321,
        "totalOtherIncomeExpensesNet": -6500000,
        "incomeBeforeTax": -22100000,
        "incomeBeforeTaxRatio": -0.1034160037,
        "incomeTaxExpense": -900000,
        "netIncome": -21200000,
        "netIncomeRatio": -0.0992044923,
        "eps": -0.26,
        "epsdiluted": -0.26,
        "weightedAverageShsOut": 81984000,
        "weightedAverageShsOutDil": 81984000,
        "link": "https://www.sec.gov/Archives/edgar/data/764065/000095015203007229/0000950152-03-007229-index.htm",
        "finalLink": "https://www.sec.gov/Archives/edgar/data/764065/000095015203007229/l01809ae10vq.htm"
    },
    {
        "date": "2003-03-31",
        "symbol": "CLF",
        "reportedCurrency": "USD",
        "cik": "0000764065",
        "fillingDate": "2003-04-24",
        "acceptedDate": "2003-04-24 11:47:13",
        "calendarYear": "2003",
        "period": "Q1",
        "revenue": 151100000,
        "costOfRevenue": 151000000,
        "grossProfit": 100000,
        "grossProfitRatio": 0.0006618134,
        "researchAndDevelopmentExpenses": 0,
        "generalAndAdministrativeExpenses": 0,
        "sellingAndMarketingExpenses": 0,
        "sellingGeneralAndAdministrativeExpenses": 4900000,
        "otherExpenses": 0,
        "operatingExpenses": 4900000,
        "costAndExpenses": 155900000,
        "interestIncome": 0,
        "interestExpense": 0,
        "depreciationAndAmortization": 7700000,
        "ebitda": 13300000,
        "ebitdaratio": 0.088021178,
        "operatingIncome": -4800000,
        "operatingIncomeRatio": -0.0317670417,
        "totalOtherIncomeExpensesNet": 8100000,
        "incomeBeforeTax": 3300000,
        "incomeBeforeTaxRatio": 0.0218398412,
        "incomeTaxExpense": 1100000,
        "netIncome": 2200000,
        "netIncomeRatio": 0.0145598941,
        "eps": 0.0263,
        "epsdiluted": 0.0263,
        "weightedAverageShsOut": 81616000,
        "weightedAverageShsOutDil": 82680000,
        "link": "https://www.sec.gov/Archives/edgar/data/764065/000095015203004539/0000950152-03-004539-index.htm",
        "finalLink": "https://www.sec.gov/Archives/edgar/data/764065/000095015203004539/l99901ae10vq.htm"
    },
    {
        "date": "2002-12-31",
        "symbol": "CLF",
        "reportedCurrency": "USD",
        "cik": "0000764065",
        "fillingDate": "2003-02-05",
        "acceptedDate": "2003-02-05 16:48:54",
        "calendarYear": "2002",
        "period": "Q4",
        "revenue": 170800000,
        "costOfRevenue": 168700000,
        "grossProfit": 2100000,
        "grossProfitRatio": 0.012295082,
        "researchAndDevelopmentExpenses": 0,
        "generalAndAdministrativeExpenses": 0,
        "sellingAndMarketingExpenses": 0,
        "sellingGeneralAndAdministrativeExpenses": 7800000,
        "otherExpenses": 0,
        "operatingExpenses": 7800000,
        "costAndExpenses": 176500000,
        "interestIncome": 0,
        "interestExpense": 6600000,
        "depreciationAndAmortization": 8600000,
        "ebitda": 2900000,
        "ebitdaratio": 0.0169789227,
        "operatingIncome": -5700000,
        "operatingIncomeRatio": -0.0333723653,
        "totalOtherIncomeExpensesNet": 63800000,
        "incomeBeforeTax": 58100000,
        "incomeBeforeTaxRatio": 0.3401639344,
        "incomeTaxExpense": 20100000,
        "netIncome": -83900000,
        "netIncomeRatio": -0.4912177986,
        "eps": -1.03,
        "epsdiluted": -1.03,
        "weightedAverageShsOut": 81172989,
        "weightedAverageShsOutDil": 81616000,
        "link": "https://www.sec.gov/Archives/edgar/data/764065/000095015203001089/0000950152-03-001089-index.htm",
        "finalLink": "https://www.sec.gov/Archives/edgar/data/764065/000095015203001089/l97542ae10vk.htm"
    },
    {
        "date": "2002-09-30",
        "symbol": "CLF",
        "reportedCurrency": "USD",
        "cik": "0000764065",
        "fillingDate": "2002-10-24",
        "acceptedDate": "2002-10-24 13:28:34",
        "calendarYear": "2002",
        "period": "Q3",
        "revenue": 207700000,
        "costOfRevenue": 191100000,
        "grossProfit": 16600000,
        "grossProfitRatio": 0.0799229658,
        "researchAndDevelopmentExpenses": 0,
        "generalAndAdministrativeExpenses": 0,
        "sellingAndMarketingExpenses": 0,
        "sellingGeneralAndAdministrativeExpenses": 5200000,
        "otherExpenses": 0,
        "operatingExpenses": 5200000,
        "costAndExpenses": 196300000,
        "interestIncome": 1400000,
        "interestExpense": 2000000,
        "depreciationAndAmortization": 8900000,
        "ebitda": 21400000,
        "ebitdaratio": 0.103033221,
        "operatingIncome": 11400000,
        "operatingIncomeRatio": 0.054886856,
        "totalOtherIncomeExpensesNet": -101700000,
        "incomeBeforeTax": -90300000,
        "incomeBeforeTaxRatio": -0.4347616755,
        "incomeTaxExpense": 1900000,
        "netIncome": -92200000,
        "netIncomeRatio": -0.4439094848,
        "eps": -1.14,
        "epsdiluted": -1.14,
        "weightedAverageShsOut": 80968000,
        "weightedAverageShsOutDil": 80968000,
        "link": "https://www.sec.gov/Archives/edgar/data/764065/000095015202007761/0000950152-02-007761-index.htm",
        "finalLink": "https://www.sec.gov/Archives/edgar/data/764065/000095015202007761/l96645ae10vq.htm"
    },
    {
        "date": "2002-06-30",
        "symbol": "CLF",
        "reportedCurrency": "USD",
        "cik": "0000764065",
        "fillingDate": "2002-07-25",
        "acceptedDate": "2002-07-25 13:30:32",
        "calendarYear": "2002",
        "period": "Q2",
        "revenue": 135900000,
        "costOfRevenue": 152500000,
        "grossProfit": -16600000,
        "grossProfitRatio": -0.1221486387,
        "researchAndDevelopmentExpenses": 0,
        "generalAndAdministrativeExpenses": 0,
        "sellingAndMarketingExpenses": 0,
        "sellingGeneralAndAdministrativeExpenses": 6800000,
        "otherExpenses": 0,
        "operatingExpenses": 6800000,
        "costAndExpenses": 159300000,
        "interestIncome": 0,
        "interestExpense": 0,
        "depreciationAndAmortization": 10800000,
        "ebitda": 7700000,
        "ebitdaratio": 0.0566593083,
        "operatingIncome": -23400000,
        "operatingIncomeRatio": -0.1721854305,
        "totalOtherIncomeExpensesNet": -3800000,
        "incomeBeforeTax": -6200000,
        "incomeBeforeTaxRatio": -0.0456217807,
        "incomeTaxExpense": -6200000,
        "netIncome": 600000,
        "netIncomeRatio": 0.004415011,
        "eps": 0.0013,
        "epsdiluted": 0.0013,
        "weightedAverageShsOut": 81456000,
        "weightedAverageShsOutDil": 81456000,
        "link": "https://www.sec.gov/Archives/edgar/data/764065/000095015202005679/0000950152-02-005679-index.htm",
        "finalLink": "https://www.sec.gov/Archives/edgar/data/764065/000095015202005679/l95280ae10vq.htm"
    },
    {
        "date": "2002-03-31",
        "symbol": "CLF",
        "reportedCurrency": "USD",
        "cik": "0000764065",
        "fillingDate": "2002-04-25",
        "acceptedDate": "2002-04-25 00:00:00",
        "calendarYear": "2002",
        "period": "Q1",
        "revenue": 55000000,
        "costOfRevenue": 71700000,
        "grossProfit": -16700000,
        "grossProfitRatio": -0.3036363636,
        "researchAndDevelopmentExpenses": 0,
        "generalAndAdministrativeExpenses": 0,
        "sellingAndMarketingExpenses": 0,
        "sellingGeneralAndAdministrativeExpenses": 4000000,
        "otherExpenses": 0,
        "operatingExpenses": 4000000,
        "costAndExpenses": 130700000,
        "interestIncome": 1100000,
        "interestExpense": 1900000,
        "depreciationAndAmortization": 5600000,
        "ebitda": -13100000,
        "ebitdaratio": -0.2381818182,
        "operatingIncome": -20700000,
        "operatingIncomeRatio": -0.3763636364,
        "totalOtherIncomeExpensesNet": 5300000,
        "incomeBeforeTax": -20200000,
        "incomeBeforeTaxRatio": -0.3672727273,
        "incomeTaxExpense": -6700000,
        "netIncome": -12800000,
        "netIncomeRatio": -0.2327272727,
        "eps": -0.16,
        "epsdiluted": -0.16,
        "weightedAverageShsOut": 81320000,
        "weightedAverageShsOutDil": 81320000,
        "link": "https://www.sec.gov/Archives/edgar/data/764065/000095015202003333/0000950152-02-003333-index.htm",
        "finalLink": "https://www.sec.gov/Archives/edgar/data/764065/000095015202003333/l94042ae10-q.htm"
    },
    {
        "date": "2001-12-31",
        "symbol": "CLF",
        "reportedCurrency": "USD",
        "cik": "0000764065",
        "fillingDate": "2002-02-05",
        "acceptedDate": "2002-02-05 00:00:00",
        "calendarYear": "2001",
        "period": "Q4",
        "revenue": 66400000,
        "costOfRevenue": 123800000,
        "grossProfit": -57400000,
        "grossProfitRatio": -0.8644578313,
        "researchAndDevelopmentExpenses": 0,
        "generalAndAdministrativeExpenses": 0,
        "sellingAndMarketingExpenses": 0,
        "sellingGeneralAndAdministrativeExpenses": 9000000,
        "otherExpenses": 0,
        "operatingExpenses": 9000000,
        "costAndExpenses": 132800000,
        "interestIncome": 0,
        "interestExpense": 0,
        "depreciationAndAmortization": 6200000,
        "ebitda": -60200000,
        "ebitdaratio": -0.906626506,
        "operatingIncome": -66400000,
        "operatingIncomeRatio": -1,
        "totalOtherIncomeExpensesNet": -31200000,
        "incomeBeforeTax": -97600000,
        "incomeBeforeTaxRatio": -1.4698795181,
        "incomeTaxExpense": -3300000,
        "netIncome": -5900000,
        "netIncomeRatio": -0.0888554217,
        "eps": -0.0751,
        "epsdiluted": -0.0726,
        "weightedAverageShsOut": 78523509,
        "weightedAverageShsOutDil": 81320000,
        "link": "https://www.sec.gov/Archives/edgar/data/764065/000095015202000749/0000950152-02-000749-index.htm",
        "finalLink": "https://www.sec.gov/Archives/edgar/data/764065/000095015202000749/l91859ae10-k405.htm"
    },
    {
        "date": "2001-09-30",
        "symbol": "CLF",
        "reportedCurrency": "USD",
        "cik": "0000764065",
        "fillingDate": "2001-10-25",
        "acceptedDate": "2001-10-25 00:00:00",
        "calendarYear": "2001",
        "period": "Q3",
        "revenue": 131000000,
        "costOfRevenue": 127000000,
        "grossProfit": 4000000,
        "grossProfitRatio": 0.0305343511,
        "researchAndDevelopmentExpenses": 0,
        "generalAndAdministrativeExpenses": 0,
        "sellingAndMarketingExpenses": 0,
        "sellingGeneralAndAdministrativeExpenses": 4000000,
        "otherExpenses": 0,
        "operatingExpenses": 4000000,
        "costAndExpenses": 126600000,
        "interestIncome": 0,
        "interestExpense": 0,
        "depreciationAndAmortization": 6700000,
        "ebitda": 6100000,
        "ebitdaratio": 0.0465648855,
        "operatingIncome": -3000000,
        "operatingIncomeRatio": -0.0229007634,
        "totalOtherIncomeExpensesNet": -2500000,
        "incomeBeforeTax": 4000000,
        "incomeBeforeTaxRatio": 0.0305343511,
        "incomeTaxExpense": -1000000,
        "netIncome": -3000000,
        "netIncomeRatio": -0.0229007634,
        "eps": -0.037,
        "epsdiluted": -0.037,
        "weightedAverageShsOut": 81112000,
        "weightedAverageShsOutDil": 81112000,
        "link": "https://www.sec.gov/Archives/edgar/data/764065/000095015201505223/0000950152-01-505223-index.htm",
        "finalLink": "https://www.sec.gov/Archives/edgar/data/764065/000095015201505223/l90559ae10-q.htm"
    },
    {
        "date": "2001-06-30",
        "symbol": "CLF",
        "reportedCurrency": "USD",
        "cik": "0000764065",
        "fillingDate": "2001-07-27",
        "acceptedDate": "2001-07-27 00:00:00",
        "calendarYear": "2001",
        "period": "Q2",
        "revenue": 96900000,
        "costOfRevenue": 108100000,
        "grossProfit": -11200000,
        "grossProfitRatio": -0.1155830753,
        "researchAndDevelopmentExpenses": 0,
        "generalAndAdministrativeExpenses": 0,
        "sellingAndMarketingExpenses": 0,
        "sellingGeneralAndAdministrativeExpenses": 5200000,
        "otherExpenses": 6400000,
        "operatingExpenses": 11600000,
        "costAndExpenses": 119700000,
        "interestIncome": 0,
        "interestExpense": 0,
        "depreciationAndAmortization": 6400000,
        "ebitda": -16400000,
        "ebitdaratio": -0.169246646,
        "operatingIncome": -22800000,
        "operatingIncomeRatio": -0.2352941176,
        "totalOtherIncomeExpensesNet": -800000,
        "incomeBeforeTax": -23600000,
        "incomeBeforeTaxRatio": -0.2435500516,
        "incomeTaxExpense": -7100000,
        "netIncome": -15100000,
        "netIncomeRatio": -0.1558307534,
        "eps": -0.19,
        "epsdiluted": -0.19,
        "weightedAverageShsOut": 80944000,
        "weightedAverageShsOutDil": 80944000,
        "link": "https://www.sec.gov/Archives/edgar/data/764065/000095015201503407/0000950152-01-503407-index.htm",
        "finalLink": "https://www.sec.gov/Archives/edgar/data/764065/000095015201503407/l85596ae10-q.htm"
    },
    {
        "date": "2001-03-31",
        "symbol": "CLF",
        "reportedCurrency": "USD",
        "cik": "0000764065",
        "fillingDate": "2001-04-26",
        "acceptedDate": "2001-04-26 00:00:00",
        "calendarYear": "2001",
        "period": "Q1",
        "revenue": 29700000,
        "costOfRevenue": 29100000,
        "grossProfit": 600000,
        "grossProfitRatio": 0.0202020202,
        "researchAndDevelopmentExpenses": 0,
        "generalAndAdministrativeExpenses": 0,
        "sellingAndMarketingExpenses": 0,
        "sellingGeneralAndAdministrativeExpenses": 2800000,
        "otherExpenses": 6900000,
        "operatingExpenses": 9700000,
        "costAndExpenses": 40400000,
        "interestIncome": 0,
        "interestExpense": 0,
        "depreciationAndAmortization": 6900000,
        "ebitda": -12600000,
        "ebitdaratio": -0.4242424242,
        "operatingIncome": -9100000,
        "operatingIncomeRatio": -0.3063973064,
        "totalOtherIncomeExpensesNet": 4700000,
        "incomeBeforeTax": -14800000,
        "incomeBeforeTaxRatio": -0.4983164983,
        "incomeTaxExpense": -5200000,
        "netIncome": -9600000,
        "netIncomeRatio": -0.3232323232,
        "eps": -0.12,
        "epsdiluted": -0.12,
        "weightedAverageShsOut": 80832000,
        "weightedAverageShsOutDil": 80832000,
        "link": "https://www.sec.gov/Archives/edgar/data/764065/000095015201501102/0000950152-01-501102-index.htm",
        "finalLink": "https://www.sec.gov/Archives/edgar/data/764065/000095015201501102/l87899ae10-q.htm"
    },
    {
        "date": "2000-12-31",
        "symbol": "CLF",
        "reportedCurrency": "USD",
        "cik": "0000764065",
        "fillingDate": "2001-02-02",
        "acceptedDate": "2001-02-02 00:00:00",
        "calendarYear": "2000",
        "period": "Q4",
        "revenue": 120900000,
        "costOfRevenue": 104000000,
        "grossProfit": 16900000,
        "grossProfitRatio": 0.1397849462,
        "researchAndDevelopmentExpenses": 0,
        "generalAndAdministrativeExpenses": 0,
        "sellingAndMarketingExpenses": 0,
        "sellingGeneralAndAdministrativeExpenses": 4500000,
        "otherExpenses": 6600000,
        "operatingExpenses": 11100000,
        "costAndExpenses": 115100000,
        "interestIncome": 0,
        "interestExpense": 0,
        "depreciationAndAmortization": 6600000,
        "ebitda": 12400000,
        "ebitdaratio": 0.1025641026,
        "operatingIncome": 5800000,
        "operatingIncomeRatio": 0.0479735318,
        "totalOtherIncomeExpensesNet": -7300000,
        "incomeBeforeTax": -1500000,
        "incomeBeforeTaxRatio": -0.0124069479,
        "incomeTaxExpense": -5800000,
        "netIncome": 4300000,
        "netIncomeRatio": 0.035566584,
        "eps": 0.0532,
        "epsdiluted": 0.0532,
        "weightedAverageShsOut": 80832000,
        "weightedAverageShsOutDil": 80832000,
        "link": "https://www.sec.gov/Archives/edgar/data/764065/000095015201000576/0000950152-01-000576-index.htm",
        "finalLink": "https://www.sec.gov/Archives/edgar/data/764065/000095015201000576/l84351ae10-k405.htm"
    },
    {
        "date": "2000-09-30",
        "symbol": "CLF",
        "reportedCurrency": "USD",
        "cik": "0000764065",
        "fillingDate": "2000-10-26",
        "acceptedDate": "2000-10-26 00:00:00",
        "calendarYear": "2000",
        "period": "Q3",
        "revenue": 144200000,
        "costOfRevenue": 120900000,
        "grossProfit": 23300000,
        "grossProfitRatio": 0.1615811373,
        "researchAndDevelopmentExpenses": 0,
        "generalAndAdministrativeExpenses": 0,
        "sellingAndMarketingExpenses": 0,
        "sellingGeneralAndAdministrativeExpenses": 5900000,
        "otherExpenses": 6500000,
        "operatingExpenses": 12400000,
        "costAndExpenses": 133300000,
        "interestIncome": 0,
        "interestExpense": 0,
        "depreciationAndAmortization": 6500000,
        "ebitda": 17400000,
        "ebitdaratio": 0.120665742,
        "operatingIncome": 10900000,
        "operatingIncomeRatio": 0.0755894591,
        "totalOtherIncomeExpensesNet": -4100000,
        "incomeBeforeTax": 6800000,
        "incomeBeforeTaxRatio": 0.0471567268,
        "incomeTaxExpense": 500000,
        "netIncome": 6300000,
        "netIncomeRatio": 0.0436893204,
        "eps": 0.075,
        "epsdiluted": 0.075,
        "weightedAverageShsOut": 82816000,
        "weightedAverageShsOutDil": 83128000,
        "link": "https://www.sec.gov/Archives/edgar/data/764065/000095015200007452/0000950152-00-007452-index.htm",
        "finalLink": "https://www.sec.gov/Archives/edgar/data/764065/000095015200007452/l84584ae10-q.htm"
    },
    {
        "date": "2000-06-30",
        "symbol": "CLF",
        "reportedCurrency": "USD",
        "cik": "0000764065",
        "fillingDate": "2000-07-27",
        "acceptedDate": "2000-07-27 00:00:00",
        "calendarYear": "2000",
        "period": "Q2",
        "revenue": 132000000,
        "costOfRevenue": 106200000,
        "grossProfit": 25800000,
        "grossProfitRatio": 0.1954545455,
        "researchAndDevelopmentExpenses": 0,
        "generalAndAdministrativeExpenses": 0,
        "sellingAndMarketingExpenses": 0,
        "sellingGeneralAndAdministrativeExpenses": 4900000,
        "otherExpenses": 6200000,
        "operatingExpenses": 11100000,
        "costAndExpenses": 117300000,
        "interestIncome": 0,
        "interestExpense": 0,
        "depreciationAndAmortization": 6200000,
        "ebitda": 20900000,
        "ebitdaratio": 0.1583333333,
        "operatingIncome": 14700000,
        "operatingIncomeRatio": 0.1113636364,
        "totalOtherIncomeExpensesNet": 1300000,
        "incomeBeforeTax": 16000000,
        "incomeBeforeTaxRatio": 0.1212121212,
        "incomeTaxExpense": 5000000,
        "netIncome": 11000000,
        "netIncomeRatio": 0.0833333333,
        "eps": 0.13,
        "epsdiluted": 0.13,
        "weightedAverageShsOut": 84360000,
        "weightedAverageShsOutDil": 84744000,
        "link": "https://www.sec.gov/Archives/edgar/data/764065/000095015200005519/0000950152-00-005519-index.htm",
        "finalLink": "https://www.sec.gov/Archives/edgar/data/764065/000095015200005519/e10-q.txt"
    },
    {
        "date": "2000-03-31",
        "symbol": "CLF",
        "reportedCurrency": "USD",
        "cik": "0000764065",
        "fillingDate": "2000-04-20",
        "acceptedDate": "2000-04-20 00:00:00",
        "calendarYear": "2000",
        "period": "Q1",
        "revenue": 33000000,
        "costOfRevenue": 23500000,
        "grossProfit": 9500000,
        "grossProfitRatio": 0.2878787879,
        "researchAndDevelopmentExpenses": 0,
        "generalAndAdministrativeExpenses": 0,
        "sellingAndMarketingExpenses": 0,
        "sellingGeneralAndAdministrativeExpenses": 3400000,
        "otherExpenses": 6300000,
        "operatingExpenses": 9700000,
        "costAndExpenses": 33200000,
        "interestIncome": 0,
        "interestExpense": 0,
        "depreciationAndAmortization": 6300000,
        "ebitda": 6100000,
        "ebitdaratio": 0.1848484848,
        "operatingIncome": -200000,
        "operatingIncomeRatio": -0.0060606061,
        "totalOtherIncomeExpensesNet": -4500000,
        "incomeBeforeTax": -4700000,
        "incomeBeforeTaxRatio": -0.1424242424,
        "incomeTaxExpense": -1200000,
        "netIncome": -3500000,
        "netIncomeRatio": -0.1060606061,
        "eps": -0.041,
        "epsdiluted": -0.041,
        "weightedAverageShsOut": 85304000,
        "weightedAverageShsOutDil": 85304000,
        "link": "https://www.sec.gov/Archives/edgar/data/764065/000095015200002992/0000950152-00-002992-index.html",
        "finalLink": "https://www.sec.gov/Archives/edgar/data/764065/000095015200002992/0000950152-00-002992-d1.html"
    },
    {
        "date": "1999-12-31",
        "symbol": "CLF",
        "reportedCurrency": "USD",
        "cik": "0000764065",
        "fillingDate": "2000-03-23",
        "acceptedDate": "2000-03-23 00:00:00",
        "calendarYear": "1999",
        "period": "Q4",
        "revenue": 151700000,
        "costOfRevenue": 121800000,
        "grossProfit": 29900000,
        "grossProfitRatio": 0.1970995386,
        "researchAndDevelopmentExpenses": 0,
        "generalAndAdministrativeExpenses": 0,
        "sellingAndMarketingExpenses": 0,
        "sellingGeneralAndAdministrativeExpenses": 4900000,
        "otherExpenses": 6200000,
        "operatingExpenses": 11100000,
        "costAndExpenses": 132900000,
        "interestIncome": 0,
        "interestExpense": 0,
        "depreciationAndAmortization": 6200000,
        "ebitda": 25000000,
        "ebitdaratio": 0.1647989453,
        "operatingIncome": 18800000,
        "operatingIncomeRatio": 0.1239288069,
        "totalOtherIncomeExpensesNet": -11900000,
        "incomeBeforeTax": 6900000,
        "incomeBeforeTaxRatio": 0.0454845089,
        "incomeTaxExpense": 1900000,
        "netIncome": 5000000,
        "netIncomeRatio": 0.0329597891,
        "eps": 0.0586,
        "epsdiluted": 0.0586,
        "weightedAverageShsOut": 85304000,
        "weightedAverageShsOutDil": 85304000,
        "link": "https://www.sec.gov/Archives/edgar/data/764065/000095015200002039/0000950152-00-002039-index.html",
        "finalLink": "https://www.sec.gov/Archives/edgar/data/764065/000095015200002039/0000950152-00-002039-d1.html"
    },
    {
        "date": "1999-09-30",
        "symbol": "CLF",
        "reportedCurrency": "USD",
        "cik": "0000764065",
        "fillingDate": "1999-10-27",
        "acceptedDate": "1999-10-27 00:00:00",
        "calendarYear": "1999",
        "period": "Q3",
        "revenue": 90500000,
        "costOfRevenue": 94900000,
        "grossProfit": -4400000,
        "grossProfitRatio": -0.0486187845,
        "researchAndDevelopmentExpenses": 0,
        "generalAndAdministrativeExpenses": 0,
        "sellingAndMarketingExpenses": 0,
        "sellingGeneralAndAdministrativeExpenses": 3300000,
        "otherExpenses": 5400000,
        "operatingExpenses": 8700000,
        "costAndExpenses": 103600000,
        "interestIncome": 0,
        "interestExpense": 0,
        "depreciationAndAmortization": 5400000,
        "ebitda": -7700000,
        "ebitdaratio": -0.0850828729,
        "operatingIncome": -13100000,
        "operatingIncomeRatio": -0.1447513812,
        "totalOtherIncomeExpensesNet": -3400000,
        "incomeBeforeTax": -16500000,
        "incomeBeforeTaxRatio": -0.182320442,
        "incomeTaxExpense": -5800000,
        "netIncome": -10700000,
        "netIncomeRatio": -0.1182320442,
        "eps": -0.12,
        "epsdiluted": -0.12,
        "weightedAverageShsOut": 89166667,
        "weightedAverageShsOutDil": 89166667,
        "link": "https://www.sec.gov/Archives/edgar/data/764065/000095015299008478/0000950152-99-008478-index.html",
        "finalLink": "https://www.sec.gov/Archives/edgar/data/764065/000095015299008478/"
    },
    {
        "date": "1999-06-30",
        "symbol": "CLF",
        "reportedCurrency": "USD",
        "cik": "0000764065",
        "fillingDate": "1999-07-30",
        "acceptedDate": "1999-07-30 00:00:00",
        "calendarYear": "1999",
        "period": "Q2",
        "revenue": 96400000,
        "costOfRevenue": 72200000,
        "grossProfit": 24200000,
        "grossProfitRatio": 0.2510373444,
        "researchAndDevelopmentExpenses": 0,
        "generalAndAdministrativeExpenses": 0,
        "sellingAndMarketingExpenses": 0,
        "sellingGeneralAndAdministrativeExpenses": 4200000,
        "otherExpenses": 5500000,
        "operatingExpenses": 9700000,
        "costAndExpenses": 81900000,
        "interestIncome": 0,
        "interestExpense": 0,
        "depreciationAndAmortization": 5500000,
        "ebitda": 20000000,
        "ebitdaratio": 0.2074688797,
        "operatingIncome": 14500000,
        "operatingIncomeRatio": 0.1504149378,
        "totalOtherIncomeExpensesNet": -3900000,
        "incomeBeforeTax": 10600000,
        "incomeBeforeTaxRatio": 0.1099585062,
        "incomeTaxExpense": 2800000,
        "netIncome": 7800000,
        "netIncomeRatio": 0.0809128631,
        "eps": 0.0875,
        "epsdiluted": 0.0875,
        "weightedAverageShsOut": 89142857,
        "weightedAverageShsOutDil": 89142857,
        "link": "https://www.sec.gov/Archives/edgar/data/764065/000095015299006360/0000950152-99-006360-index.html",
        "finalLink": "https://www.sec.gov/Archives/edgar/data/764065/000095015299006360/"
    },
    {
        "date": "1999-03-31",
        "symbol": "CLF",
        "reportedCurrency": "USD",
        "cik": "0000764065",
        "fillingDate": "1999-05-05",
        "acceptedDate": "1999-05-05 00:00:00",
        "calendarYear": "1999",
        "period": "Q1",
        "revenue": 13600000,
        "costOfRevenue": 7600000,
        "grossProfit": 6000000,
        "grossProfitRatio": 0.4411764706,
        "researchAndDevelopmentExpenses": 0,
        "generalAndAdministrativeExpenses": 0,
        "sellingAndMarketingExpenses": 0,
        "sellingGeneralAndAdministrativeExpenses": 3700000,
        "otherExpenses": 5400000,
        "operatingExpenses": 9100000,
        "costAndExpenses": 16700000,
        "interestIncome": 0,
        "interestExpense": 0,
        "depreciationAndAmortization": 5400000,
        "ebitda": 11500000,
        "ebitdaratio": 0.8455882353,
        "operatingIncome": -3100000,
        "operatingIncomeRatio": -0.2279411765,
        "totalOtherIncomeExpensesNet": 6800000,
        "incomeBeforeTax": 3700000,
        "incomeBeforeTaxRatio": 0.2720588235,
        "incomeTaxExpense": 1000000,
        "netIncome": 2700000,
        "netIncomeRatio": 0.1985294118,
        "eps": 0.03,
        "epsdiluted": 0.03,
        "weightedAverageShsOut": 90000000,
        "weightedAverageShsOutDil": 90000000,
        "link": "https://www.sec.gov/Archives/edgar/data/764065/000095015299004041/0000950152-99-004041-index.html",
        "finalLink": "https://www.sec.gov/Archives/edgar/data/764065/"
    },
    {
        "date": "1998-12-31",
        "symbol": "CLF",
        "reportedCurrency": "USD",
        "cik": "0000764065",
        "fillingDate": "1999-03-25",
        "acceptedDate": "1999-03-25 00:00:00",
        "calendarYear": "1998",
        "period": "Q4",
        "revenue": 128500000,
        "costOfRevenue": 95600000,
        "grossProfit": 32900000,
        "grossProfitRatio": 0.2560311284,
        "researchAndDevelopmentExpenses": 0,
        "generalAndAdministrativeExpenses": 0,
        "sellingAndMarketingExpenses": 0,
        "sellingGeneralAndAdministrativeExpenses": 5700000,
        "otherExpenses": 4500000,
        "operatingExpenses": 10200000,
        "costAndExpenses": 105800000,
        "interestIncome": 0,
        "interestExpense": 0,
        "depreciationAndAmortization": 4500000,
        "ebitda": 27200000,
        "ebitdaratio": 0.2116731518,
        "operatingIncome": 22700000,
        "operatingIncomeRatio": 0.1766536965,
        "totalOtherIncomeExpensesNet": -1600000,
        "incomeBeforeTax": 21100000,
        "incomeBeforeTaxRatio": 0.1642023346,
        "incomeTaxExpense": 1200000,
        "netIncome": 19900000,
        "netIncomeRatio": 0.1548638132,
        "eps": 0.22,
        "epsdiluted": 0.22,
        "weightedAverageShsOut": 88129730,
        "weightedAverageShsOutDil": 90000000,
        "link": "https://www.sec.gov/Archives/edgar/data/764065/000095015299002386/0000950152-99-002386-index.html",
        "finalLink": "https://www.sec.gov/Archives/edgar/data/764065/"
    },
    {
        "date": "1998-09-30",
        "symbol": "CLF",
        "reportedCurrency": "USD",
        "cik": "0000764065",
        "fillingDate": "1998-11-05",
        "acceptedDate": "1998-11-05 00:00:00",
        "calendarYear": "1998",
        "period": "Q3",
        "revenue": 173600000,
        "costOfRevenue": 135400000,
        "grossProfit": 38200000,
        "grossProfitRatio": 0.2200460829,
        "researchAndDevelopmentExpenses": 0,
        "generalAndAdministrativeExpenses": 0,
        "sellingAndMarketingExpenses": 0,
        "sellingGeneralAndAdministrativeExpenses": 3400000,
        "otherExpenses": 5200000,
        "operatingExpenses": 8600000,
        "costAndExpenses": 144000000,
        "interestIncome": 0,
        "interestExpense": 0,
        "depreciationAndAmortization": 5200000,
        "ebitda": 34300000,
        "ebitdaratio": 0.1975806452,
        "operatingIncome": 29600000,
        "operatingIncomeRatio": 0.1705069124,
        "totalOtherIncomeExpensesNet": -1900000,
        "incomeBeforeTax": 27200000,
        "incomeBeforeTaxRatio": 0.1566820276,
        "incomeTaxExpense": 7100000,
        "netIncome": 20100000,
        "netIncomeRatio": 0.1157834101,
        "eps": 0.23,
        "epsdiluted": 0.22,
        "weightedAverageShsOut": 89333333,
        "weightedAverageShsOutDil": 90337079,
        "link": "https://www.sec.gov/Archives/edgar/data/764065/000095015298008549/0000950152-98-008549-index.html",
        "finalLink": "https://www.sec.gov/Archives/edgar/data/764065/"
    },
    {
        "date": "1998-06-30",
        "symbol": "CLF",
        "reportedCurrency": "USD",
        "cik": "0000764065",
        "fillingDate": "1998-08-12",
        "acceptedDate": "1998-08-12 00:00:00",
        "calendarYear": "1998",
        "period": "Q2",
        "revenue": 156100000,
        "costOfRevenue": 121800000,
        "grossProfit": 34300000,
        "grossProfitRatio": 0.2197309417,
        "researchAndDevelopmentExpenses": 0,
        "generalAndAdministrativeExpenses": 0,
        "sellingAndMarketingExpenses": 0,
        "sellingGeneralAndAdministrativeExpenses": 4900000,
        "otherExpenses": 5400000,
        "operatingExpenses": 10300000,
        "costAndExpenses": 132100000,
        "interestIncome": 0,
        "interestExpense": 0,
        "depreciationAndAmortization": 5400000,
        "ebitda": 29400000,
        "ebitdaratio": 0.1883408072,
        "operatingIncome": 24000000,
        "operatingIncomeRatio": 0.1537475977,
        "totalOtherIncomeExpensesNet": -1200000,
        "incomeBeforeTax": 22800000,
        "incomeBeforeTaxRatio": 0.1460602178,
        "incomeTaxExpense": 5900000,
        "netIncome": 16900000,
        "netIncomeRatio": 0.1082639334,
        "eps": 0.19,
        "epsdiluted": 0.19,
        "weightedAverageShsOut": 90738255,
        "weightedAverageShsOutDil": 91351351,
        "link": "https://www.sec.gov/Archives/edgar/data/764065/000095015298006603/0000950152-98-006603-index.html",
        "finalLink": "https://www.sec.gov/Archives/edgar/data/764065/"
    },
    {
        "date": "1998-03-31",
        "symbol": "CLF",
        "reportedCurrency": "USD",
        "cik": "0000764065",
        "fillingDate": "1998-05-01",
        "acceptedDate": "1998-05-01 00:00:00",
        "calendarYear": "1998",
        "period": "Q1",
        "revenue": 27200000,
        "costOfRevenue": 24900000,
        "grossProfit": 2300000,
        "grossProfitRatio": 0.0845588235,
        "researchAndDevelopmentExpenses": 0,
        "generalAndAdministrativeExpenses": 0,
        "sellingAndMarketingExpenses": 0,
        "sellingGeneralAndAdministrativeExpenses": 4700000,
        "otherExpenses": 5200000,
        "operatingExpenses": 9900000,
        "costAndExpenses": 34800000,
        "interestIncome": 0,
        "interestExpense": 0,
        "depreciationAndAmortization": 5200000,
        "ebitda": -2400000,
        "ebitdaratio": -0.0882352941,
        "operatingIncome": -7600000,
        "operatingIncomeRatio": -0.2794117647,
        "totalOtherIncomeExpensesNet": 8300000,
        "incomeBeforeTax": 700000,
        "incomeBeforeTaxRatio": 0.0257352941,
        "incomeTaxExpense": 200000,
        "netIncome": 500000,
        "netIncomeRatio": 0.0183823529,
        "eps": 0.005,
        "epsdiluted": 0.005,
        "weightedAverageShsOut": 100000000,
        "weightedAverageShsOutDil": 100000000,
        "link": "https://www.sec.gov/Archives/edgar/data/764065/0000950152-98-003899-index.html",
        "finalLink": "https://www.sec.gov/Archives/edgar/data/764065/0000950152-98-003899.txt"
    },
    {
        "date": "1997-12-31",
        "symbol": "CLF",
        "reportedCurrency": "USD",
        "cik": "0000764065",
        "fillingDate": "1998-03-25",
        "acceptedDate": "1998-03-25 00:00:00",
        "calendarYear": "1997",
        "period": "Q4",
        "revenue": 148200000,
        "costOfRevenue": 114500000,
        "grossProfit": 33700000,
        "grossProfitRatio": 0.2273954116,
        "researchAndDevelopmentExpenses": 0,
        "generalAndAdministrativeExpenses": 0,
        "sellingAndMarketingExpenses": 0,
        "sellingGeneralAndAdministrativeExpenses": -600000,
        "otherExpenses": 4600000,
        "operatingExpenses": 4000000,
        "costAndExpenses": 118500000,
        "interestIncome": 0,
        "interestExpense": 0,
        "depreciationAndAmortization": 4600000,
        "ebitda": 34300000,
        "ebitdaratio": 0.2314439946,
        "operatingIncome": 29700000,
        "operatingIncomeRatio": 0.2004048583,
        "totalOtherIncomeExpensesNet": -4100000,
        "incomeBeforeTax": 25600000,
        "incomeBeforeTaxRatio": 0.1727395412,
        "incomeTaxExpense": 7700000,
        "netIncome": 17900000,
        "netIncomeRatio": 0.120782726,
        "eps": 0.18,
        "epsdiluted": 0.18,
        "weightedAverageShsOut": 100000000,
        "weightedAverageShsOutDil": 100000000,
        "link": "https://www.sec.gov/Archives/edgar/data/764065/000095015298002350/0000950152-98-002350-index.html",
        "finalLink": "https://www.sec.gov/Archives/edgar/data/764065/"
    },
    {
        "date": "1997-09-30",
        "symbol": "CLF",
        "reportedCurrency": "USD",
        "cik": "0000764065",
        "fillingDate": "1997-11-12",
        "acceptedDate": "1997-11-12 00:00:00",
        "calendarYear": "1997",
        "period": "Q3",
        "revenue": 146800000,
        "costOfRevenue": 113600000,
        "grossProfit": 33200000,
        "grossProfitRatio": 0.2261580381,
        "researchAndDevelopmentExpenses": 0,
        "generalAndAdministrativeExpenses": 0,
        "sellingAndMarketingExpenses": 0,
        "sellingGeneralAndAdministrativeExpenses": 7000000,
        "otherExpenses": 4700000,
        "operatingExpenses": 11700000,
        "costAndExpenses": 125300000,
        "interestIncome": 0,
        "interestExpense": 0,
        "depreciationAndAmortization": 4800000,
        "ebitda": 26300000,
        "ebitdaratio": 0.1791553134,
        "operatingIncome": 21500000,
        "operatingIncomeRatio": 0.1464577657,
        "totalOtherIncomeExpensesNet": 1600000,
        "incomeBeforeTax": 23100000,
        "incomeBeforeTaxRatio": 0.1573569482,
        "incomeTaxExpense": 2000000,
        "netIncome": 21100000,
        "netIncomeRatio": 0.14373297,
        "eps": 0.23,
        "epsdiluted": 0.23,
        "weightedAverageShsOut": 90752688,
        "weightedAverageShsOutDil": 91243243,
        "link": "https://www.sec.gov/Archives/edgar/data/764065/000095015297007877/0000950152-97-007877-index.html",
        "finalLink": "https://www.sec.gov/Archives/edgar/data/764065/"
    },
    {
        "date": "1997-06-30",
        "symbol": "CLF",
        "reportedCurrency": "USD",
        "cik": "0000764065",
        "fillingDate": "1997-08-13",
        "acceptedDate": "1997-08-13 00:00:00",
        "calendarYear": "1997",
        "period": "Q2",
        "revenue": 115100000,
        "costOfRevenue": 91100000,
        "grossProfit": 24000000,
        "grossProfitRatio": 0.2085143354,
        "researchAndDevelopmentExpenses": 0,
        "generalAndAdministrativeExpenses": 0,
        "sellingAndMarketingExpenses": 0,
        "sellingGeneralAndAdministrativeExpenses": 3500000,
        "otherExpenses": 5000000,
        "operatingExpenses": 8500000,
        "costAndExpenses": 99600000,
        "interestIncome": 0,
        "interestExpense": 0,
        "depreciationAndAmortization": 5000000,
        "ebitda": 20500000,
        "ebitdaratio": 0.1781059948,
        "operatingIncome": 15500000,
        "operatingIncomeRatio": 0.1346655083,
        "totalOtherIncomeExpensesNet": 4000000,
        "incomeBeforeTax": 19500000,
        "incomeBeforeTaxRatio": 0.1694178975,
        "incomeTaxExpense": 6600000,
        "netIncome": 12900000,
        "netIncomeRatio": 0.1120764553,
        "eps": 0.14,
        "epsdiluted": 0.14,
        "weightedAverageShsOut": 90526316,
        "weightedAverageShsOutDil": 91327434,
        "link": "https://www.sec.gov/Archives/edgar/data/764065/000095015297005936/0000950152-97-005936-index.html",
        "finalLink": "https://www.sec.gov/Archives/edgar/data/764065/"
    },
    {
        "date": "1997-03-31",
        "symbol": "CLF",
        "reportedCurrency": "USD",
        "cik": "0000764065",
        "fillingDate": "1997-05-09",
        "acceptedDate": "1997-05-09 00:00:00",
        "calendarYear": "1997",
        "period": "Q1",
        "revenue": 28800000,
        "costOfRevenue": 16500000,
        "grossProfit": 12300000,
        "grossProfitRatio": 0.4270833333,
        "researchAndDevelopmentExpenses": 0,
        "generalAndAdministrativeExpenses": 0,
        "sellingAndMarketingExpenses": 0,
        "sellingGeneralAndAdministrativeExpenses": 3700000,
        "otherExpenses": 4500000,
        "operatingExpenses": 8200000,
        "costAndExpenses": 24700000,
        "interestIncome": 0,
        "interestExpense": 0,
        "depreciationAndAmortization": 4500000,
        "ebitda": 8600000,
        "ebitdaratio": 0.2986111111,
        "operatingIncome": 4100000,
        "operatingIncomeRatio": 0.1423611111,
        "totalOtherIncomeExpensesNet": 300000,
        "incomeBeforeTax": 4400000,
        "incomeBeforeTaxRatio": 0.1527777778,
        "incomeTaxExpense": 1400000,
        "netIncome": 3000000,
        "netIncomeRatio": 0.1041666667,
        "eps": 0.0325,
        "epsdiluted": 0.0325,
        "weightedAverageShsOut": 92307692,
        "weightedAverageShsOutDil": 92307692,
        "link": "https://www.sec.gov/Archives/edgar/data/764065/000095015297003702/0000950152-97-003702-index.html",
        "finalLink": "https://www.sec.gov/Archives/edgar/data/764065/"
    },
    {
        "date": "1996-12-31",
        "symbol": "CLF",
        "reportedCurrency": "USD",
        "cik": "0000764065",
        "fillingDate": "1997-03-26",
        "acceptedDate": "1997-03-26 00:00:00",
        "calendarYear": "1996",
        "period": "Q4",
        "revenue": 146100000,
        "costOfRevenue": 108900000,
        "grossProfit": 37200000,
        "grossProfitRatio": 0.2546201232,
        "researchAndDevelopmentExpenses": 0,
        "generalAndAdministrativeExpenses": 0,
        "sellingAndMarketingExpenses": 0,
        "sellingGeneralAndAdministrativeExpenses": 5200000,
        "otherExpenses": 4500000,
        "operatingExpenses": 9700000,
        "costAndExpenses": 118600000,
        "interestIncome": 0,
        "interestExpense": 0,
        "depreciationAndAmortization": 4500000,
        "ebitda": 32000000,
        "ebitdaratio": 0.219028063,
        "operatingIncome": 27500000,
        "operatingIncomeRatio": 0.1882272416,
        "totalOtherIncomeExpensesNet": 1500000,
        "incomeBeforeTax": 29000000,
        "incomeBeforeTaxRatio": 0.1984941821,
        "incomeTaxExpense": 10700000,
        "netIncome": 18300000,
        "netIncomeRatio": 0.1252566735,
        "eps": 0.2,
        "epsdiluted": 0.2,
        "weightedAverageShsOut": 91102662,
        "weightedAverageShsOutDil": 92307692,
        "link": "https://www.sec.gov/Archives/edgar/data/764065/000095015297002212/0000950152-97-002212-index.html",
        "finalLink": "https://www.sec.gov/Archives/edgar/data/764065/"
    },
    {
        "date": "1996-09-30",
        "symbol": "CLF",
        "reportedCurrency": "USD",
        "cik": "0000764065",
        "fillingDate": "1996-11-13",
        "acceptedDate": "1996-11-13 00:00:00",
        "calendarYear": "1996",
        "period": "Q3",
        "revenue": 163700000,
        "costOfRevenue": 122100000,
        "grossProfit": 41600000,
        "grossProfitRatio": 0.2541233965,
        "researchAndDevelopmentExpenses": 0,
        "generalAndAdministrativeExpenses": 0,
        "sellingAndMarketingExpenses": 0,
        "sellingGeneralAndAdministrativeExpenses": 4000000,
        "otherExpenses": 4500000,
        "operatingExpenses": 8500000,
        "costAndExpenses": 130600000,
        "interestIncome": 0,
        "interestExpense": 0,
        "depreciationAndAmortization": 4500000,
        "ebitda": 37600000,
        "ebitdaratio": 0.2296884545,
        "operatingIncome": 33100000,
        "operatingIncomeRatio": 0.2021991448,
        "totalOtherIncomeExpensesNet": 300000,
        "incomeBeforeTax": 33400000,
        "incomeBeforeTaxRatio": 0.2040317654,
        "incomeTaxExpense": 12100000,
        "netIncome": 21300000,
        "netIncomeRatio": 0.130116066,
        "eps": 0.23,
        "epsdiluted": 0.23,
        "weightedAverageShsOut": 92608696,
        "weightedAverageShsOutDil": 93114754,
        "link": "https://www.sec.gov/Archives/edgar/data/764065/000095015296006035/0000950152-96-006035-index.html",
        "finalLink": "https://www.sec.gov/Archives/edgar/data/764065/"
    },
    {
        "date": "1996-06-30",
        "symbol": "CLF",
        "reportedCurrency": "USD",
        "cik": "0000764065",
        "fillingDate": "1996-08-09",
        "acceptedDate": "1996-08-09 00:00:00",
        "calendarYear": "1996",
        "period": "Q2",
        "revenue": 136300000,
        "costOfRevenue": 101900000,
        "grossProfit": 34400000,
        "grossProfitRatio": 0.2523844461,
        "researchAndDevelopmentExpenses": 0,
        "generalAndAdministrativeExpenses": 0,
        "sellingAndMarketingExpenses": 0,
        "sellingGeneralAndAdministrativeExpenses": 3700000,
        "otherExpenses": 4300000,
        "operatingExpenses": 8000000,
        "costAndExpenses": 109900000,
        "interestIncome": 0,
        "interestExpense": 0,
        "depreciationAndAmortization": 4300000,
        "ebitda": 30700000,
        "ebitdaratio": 0.2252384446,
        "operatingIncome": 26400000,
        "operatingIncomeRatio": 0.1936903888,
        "totalOtherIncomeExpensesNet": 1400000,
        "incomeBeforeTax": 27800000,
        "incomeBeforeTaxRatio": 0.2039618489,
        "incomeTaxExpense": 10000000,
        "netIncome": 17800000,
        "netIncomeRatio": 0.1305942773,
        "eps": 0.19,
        "epsdiluted": 0.19,
        "weightedAverageShsOut": 93684211,
        "weightedAverageShsOutDil": 93684211,
        "link": "https://www.sec.gov/Archives/edgar/data/764065/000095015296003869/0000950152-96-003869-index.html",
        "finalLink": "https://www.sec.gov/Archives/edgar/data/764065/"
    },
    {
        "date": "1996-03-31",
        "symbol": "CLF",
        "reportedCurrency": "USD",
        "cik": "0000764065",
        "fillingDate": "1996-05-13",
        "acceptedDate": "1996-05-13 00:00:00",
        "calendarYear": "1996",
        "period": "Q1",
        "revenue": 57100000,
        "costOfRevenue": 42400000,
        "grossProfit": 14700000,
        "grossProfitRatio": 0.2574430823,
        "researchAndDevelopmentExpenses": 0,
        "generalAndAdministrativeExpenses": 0,
        "sellingAndMarketingExpenses": 0,
        "sellingGeneralAndAdministrativeExpenses": 3800000,
        "otherExpenses": 4300000,
        "operatingExpenses": 8100000,
        "costAndExpenses": 50500000,
        "interestIncome": 0,
        "interestExpense": 0,
        "depreciationAndAmortization": 4300000,
        "ebitda": 10900000,
        "ebitdaratio": 0.1908931699,
        "operatingIncome": 6600000,
        "operatingIncomeRatio": 0.11558669,
        "totalOtherIncomeExpensesNet": -1300000,
        "incomeBeforeTax": 5300000,
        "incomeBeforeTaxRatio": 0.0928196147,
        "incomeTaxExpense": 1700000,
        "netIncome": 3600000,
        "netIncomeRatio": 0.0630472855,
        "eps": 0.0375,
        "epsdiluted": 0.0375,
        "weightedAverageShsOut": 96000000,
        "weightedAverageShsOutDil": 96000000,
        "link": "https://www.sec.gov/Archives/edgar/data/764065/000095015296002328/0000950152-96-002328-index.html",
        "finalLink": "https://www.sec.gov/Archives/edgar/data/764065/"
    },
    {
        "date": "1995-12-31",
        "symbol": "CLF",
        "reportedCurrency": "USD",
        "cik": "0000764065",
        "fillingDate": "1996-03-26",
        "acceptedDate": "1996-03-26 00:00:00",
        "calendarYear": "1995",
        "period": "Q4",
        "revenue": 142800000,
        "costOfRevenue": 104800000,
        "grossProfit": 38000000,
        "grossProfitRatio": 0.2661064426,
        "researchAndDevelopmentExpenses": 0,
        "generalAndAdministrativeExpenses": 0,
        "sellingAndMarketingExpenses": 0,
        "sellingGeneralAndAdministrativeExpenses": 4400000,
        "otherExpenses": 3900000,
        "operatingExpenses": 8300000,
        "costAndExpenses": 113100000,
        "interestIncome": 0,
        "interestExpense": 0,
        "depreciationAndAmortization": 3900000,
        "ebitda": 33600000,
        "ebitdaratio": 0.2352941176,
        "operatingIncome": 29700000,
        "operatingIncomeRatio": 0.2079831933,
        "totalOtherIncomeExpensesNet": -3600000,
        "incomeBeforeTax": 26100000,
        "incomeBeforeTaxRatio": 0.1827731092,
        "incomeTaxExpense": 8400000,
        "netIncome": 14600000,
        "netIncomeRatio": 0.1022408964,
        "eps": 0.15,
        "epsdiluted": 0.15,
        "weightedAverageShsOut": 94946544,
        "weightedAverageShsOutDil": 96000000,
        "link": "https://www.sec.gov/Archives/edgar/data/764065/000095015296001164/0000950152-96-001164-index.html",
        "finalLink": "https://www.sec.gov/Archives/edgar/data/764065/"
    },
    {
        "date": "1995-09-30",
        "symbol": "CLF",
        "reportedCurrency": "USD",
        "cik": "0000764065",
        "fillingDate": "1995-11-02",
        "acceptedDate": "1995-11-02 00:00:00",
        "calendarYear": "1995",
        "period": "Q3",
        "revenue": 141500000,
        "costOfRevenue": 104400000,
        "grossProfit": 37100000,
        "grossProfitRatio": 0.2621908127,
        "researchAndDevelopmentExpenses": 0,
        "generalAndAdministrativeExpenses": 0,
        "sellingAndMarketingExpenses": 0,
        "sellingGeneralAndAdministrativeExpenses": 3900000,
        "otherExpenses": 3700000,
        "operatingExpenses": 7600000,
        "costAndExpenses": 112000000,
        "interestIncome": 0,
        "interestExpense": 0,
        "depreciationAndAmortization": 3700000,
        "ebitda": 33200000,
        "ebitdaratio": 0.2346289753,
        "operatingIncome": 29500000,
        "operatingIncomeRatio": 0.2084805654,
        "totalOtherIncomeExpensesNet": -2800000,
        "incomeBeforeTax": 26700000,
        "incomeBeforeTaxRatio": 0.1886925795,
        "incomeTaxExpense": 9400000,
        "netIncome": 17300000,
        "netIncomeRatio": 0.1222614841,
        "eps": 0.18,
        "epsdiluted": 0.18,
        "weightedAverageShsOut": 95448276,
        "weightedAverageShsOutDil": 95448276,
        "link": "https://www.sec.gov/Archives/edgar/data/764065/000095015295002476/0000950152-95-002476-index.html",
        "finalLink": "https://www.sec.gov/Archives/edgar/data/764065/"
    },
    {
        "date": "1995-06-30",
        "symbol": "CLF",
        "reportedCurrency": "USD",
        "cik": "0000764065",
        "fillingDate": "1995-08-10",
        "acceptedDate": "1995-08-10 00:00:00",
        "calendarYear": "1995",
        "period": "Q2",
        "revenue": 116200000,
        "costOfRevenue": 84700000,
        "grossProfit": 31500000,
        "grossProfitRatio": 0.2710843373,
        "researchAndDevelopmentExpenses": 0,
        "generalAndAdministrativeExpenses": 0,
        "sellingAndMarketingExpenses": 0,
        "sellingGeneralAndAdministrativeExpenses": 3700000,
        "otherExpenses": 5100000,
        "operatingExpenses": 8800000,
        "costAndExpenses": 93500000,
        "interestIncome": 0,
        "interestExpense": 0,
        "depreciationAndAmortization": 5100000,
        "ebitda": 27800000,
        "ebitdaratio": 0.239242685,
        "operatingIncome": 22700000,
        "operatingIncomeRatio": 0.1953528399,
        "totalOtherIncomeExpensesNet": -11000000,
        "incomeBeforeTax": 11700000,
        "incomeBeforeTaxRatio": 0.1006884682,
        "incomeTaxExpense": -9200000,
        "netIncome": 20900000,
        "netIncomeRatio": 0.1798623064,
        "eps": 0.22,
        "epsdiluted": 0.22,
        "weightedAverageShsOut": 95542857,
        "weightedAverageShsOutDil": 95542857,
        "link": "https://www.sec.gov/Archives/edgar/data/764065/000095015295001709/0000950152-95-001709-index.html",
        "finalLink": "https://www.sec.gov/Archives/edgar/data/764065/"
    },
    {
        "date": "1995-03-31",
        "symbol": "CLF",
        "reportedCurrency": "USD",
        "cik": "0000764065",
        "fillingDate": "1995-05-02",
        "acceptedDate": "1995-05-02 00:00:00",
        "calendarYear": "1995",
        "period": "Q1",
        "revenue": 60200000,
        "costOfRevenue": 45700000,
        "grossProfit": 14500000,
        "grossProfitRatio": 0.2408637874,
        "researchAndDevelopmentExpenses": 0,
        "generalAndAdministrativeExpenses": 0,
        "sellingAndMarketingExpenses": 0,
        "sellingGeneralAndAdministrativeExpenses": 3100000,
        "otherExpenses": 4100000,
        "operatingExpenses": 7200000,
        "costAndExpenses": 52900000,
        "interestIncome": 0,
        "interestExpense": 0,
        "depreciationAndAmortization": 4100000,
        "ebitda": 11400000,
        "ebitdaratio": 0.1893687708,
        "operatingIncome": 7300000,
        "operatingIncomeRatio": 0.1212624585,
        "totalOtherIncomeExpensesNet": -200000,
        "incomeBeforeTax": 7100000,
        "incomeBeforeTaxRatio": 0.1179401993,
        "incomeTaxExpense": 2100000,
        "netIncome": 5000000,
        "netIncomeRatio": 0.0830564784,
        "eps": 0.0513,
        "epsdiluted": 0.0513,
        "weightedAverageShsOut": 97560976,
        "weightedAverageShsOutDil": 97560976,
        "link": "https://www.sec.gov/Archives/edgar/data/764065/000095015295000814/0000950152-95-000814-index.html",
        "finalLink": "https://www.sec.gov/Archives/edgar/data/764065/"
    },
    {
        "date": "1994-12-31",
        "symbol": "CLF",
        "reportedCurrency": "USD",
        "cik": "0000764065",
        "fillingDate": "1995-03-27",
        "acceptedDate": "1995-03-27 00:00:00",
        "calendarYear": "1994",
        "period": "Q4",
        "revenue": 150000000,
        "costOfRevenue": 108300000,
        "grossProfit": 41700000,
        "grossProfitRatio": 0.278,
        "researchAndDevelopmentExpenses": 0,
        "generalAndAdministrativeExpenses": 0,
        "sellingAndMarketingExpenses": 0,
        "sellingGeneralAndAdministrativeExpenses": 3000000,
        "otherExpenses": 4500000,
        "operatingExpenses": 7500000,
        "costAndExpenses": 115800000,
        "interestIncome": 0,
        "interestExpense": 0,
        "depreciationAndAmortization": 4500000,
        "ebitda": 38700000,
        "ebitdaratio": 0.258,
        "operatingIncome": 34200000,
        "operatingIncomeRatio": 0.228,
        "totalOtherIncomeExpensesNet": -13100000,
        "incomeBeforeTax": 21100000,
        "incomeBeforeTaxRatio": 0.1406666667,
        "incomeTaxExpense": 5700000,
        "netIncome": 15400000,
        "netIncomeRatio": 0.1026666667,
        "eps": 0.16,
        "epsdiluted": 0.16,
        "weightedAverageShsOut": 97201025,
        "weightedAverageShsOutDil": 97560976,
        "link": "https://www.sec.gov/Archives/edgar/data/764065/000095015295000442/0000950152-95-000442-index.html",
        "finalLink": "https://www.sec.gov/Archives/edgar/data/764065/"
    },
    {
        "date": "1994-09-30",
        "symbol": "CLF",
        "reportedCurrency": "USD",
        "cik": "0000764065",
        "fillingDate": "1994-11-14",
        "acceptedDate": "1994-11-14 00:00:00",
        "calendarYear": "1994",
        "period": "Q3",
        "revenue": 107400000,
        "costOfRevenue": 80500000,
        "grossProfit": 26900000,
        "grossProfitRatio": 0.2504655493,
        "researchAndDevelopmentExpenses": 0,
        "generalAndAdministrativeExpenses": 0,
        "sellingAndMarketingExpenses": 0,
        "sellingGeneralAndAdministrativeExpenses": 4400000,
        "otherExpenses": 3300000,
        "operatingExpenses": 7700000,
        "costAndExpenses": 88200000,
        "interestIncome": 0,
        "interestExpense": 0,
        "depreciationAndAmortization": 3300000,
        "ebitda": 22500000,
        "ebitdaratio": 0.2094972067,
        "operatingIncome": 19200000,
        "operatingIncomeRatio": 0.1787709497,
        "totalOtherIncomeExpensesNet": 200000,
        "incomeBeforeTax": 19400000,
        "incomeBeforeTaxRatio": 0.1806331471,
        "incomeTaxExpense": 4600000,
        "netIncome": 14800000,
        "netIncomeRatio": 0.1378026071,
        "eps": 0.15,
        "epsdiluted": 0.15,
        "weightedAverageShsOut": 96260163,
        "weightedAverageShsOutDil": 96260163,
        "link": "https://www.sec.gov/Archives/edgar/data/764065/000095015294001147/0000950152-94-001147-index.html",
        "finalLink": "https://www.sec.gov/Archives/edgar/data/764065/"
    },
    {
        "date": "1994-06-30",
        "symbol": "CLF",
        "reportedCurrency": "USD",
        "cik": "0000764065",
        "fillingDate": "1994-08-09",
        "acceptedDate": "1994-08-09 00:00:00",
        "calendarYear": "1994",
        "period": "Q2",
        "revenue": 83400000,
        "costOfRevenue": 60500000,
        "grossProfit": 22900000,
        "grossProfitRatio": 0.2745803357,
        "researchAndDevelopmentExpenses": 0,
        "generalAndAdministrativeExpenses": 0,
        "sellingAndMarketingExpenses": 0,
        "sellingGeneralAndAdministrativeExpenses": 3900000,
        "otherExpenses": 3300000,
        "operatingExpenses": 7200000,
        "costAndExpenses": 67700000,
        "interestIncome": 0,
        "interestExpense": 0,
        "depreciationAndAmortization": 3400000,
        "ebitda": 19100000,
        "ebitdaratio": 0.2290167866,
        "operatingIncome": 15700000,
        "operatingIncomeRatio": 0.1882494005,
        "totalOtherIncomeExpensesNet": -1700000,
        "incomeBeforeTax": 14000000,
        "incomeBeforeTaxRatio": 0.1678657074,
        "incomeTaxExpense": 3600000,
        "netIncome": 10400000,
        "netIncomeRatio": 0.1247002398,
        "eps": 0.11,
        "epsdiluted": 0.11,
        "weightedAverageShsOut": 96744186,
        "weightedAverageShsOutDil": 96744186,
        "link": "https://www.sec.gov/Archives/edgar/data/764065/000095015294000789/0000950152-94-000789-index.html",
        "finalLink": "https://www.sec.gov/Archives/edgar/data/764065/"
    },
    {
        "date": "1994-03-31",
        "symbol": "CLF",
        "reportedCurrency": "USD",
        "cik": "0000764065",
        "fillingDate": "1994-05-11",
        "acceptedDate": "1994-05-11 00:00:00",
        "calendarYear": "1994",
        "period": "Q1",
        "revenue": 49500000,
        "costOfRevenue": 36300000,
        "grossProfit": 13200000,
        "grossProfitRatio": 0.2666666667,
        "researchAndDevelopmentExpenses": 0,
        "generalAndAdministrativeExpenses": 0,
        "sellingAndMarketingExpenses": 0,
        "sellingGeneralAndAdministrativeExpenses": 4000000,
        "otherExpenses": 3200000,
        "operatingExpenses": 7200000,
        "costAndExpenses": 43500000,
        "interestIncome": 0,
        "interestExpense": 0,
        "depreciationAndAmortization": 3200000,
        "ebitda": 9200000,
        "ebitdaratio": 0.1858585859,
        "operatingIncome": 6000000,
        "operatingIncomeRatio": 0.1212121212,
        "totalOtherIncomeExpensesNet": -3000000,
        "incomeBeforeTax": 3000000,
        "incomeBeforeTaxRatio": 0.0606060606,
        "incomeTaxExpense": 800000,
        "netIncome": 2200000,
        "netIncomeRatio": 0.0444444444,
        "eps": 0.0225,
        "epsdiluted": 0.0225,
        "weightedAverageShsOut": 97777778,
        "weightedAverageShsOutDil": 97777778,
        "link": "https://www.sec.gov/Archives/edgar/data/764065/000095015294000492/0000950152-94-000492-index.html",
        "finalLink": "https://www.sec.gov/Archives/edgar/data/764065/"
    },
    {
        "date": "1993-12-31",
        "symbol": "CLF",
        "reportedCurrency": "USD",
        "cik": "0000764065",
        "fillingDate": "1994-03-28",
        "acceptedDate": "1994-03-28 00:00:00",
        "calendarYear": "1993",
        "period": "Q4",
        "revenue": 103300000,
        "costOfRevenue": 75800000,
        "grossProfit": 27500000,
        "grossProfitRatio": 0.266214908,
        "researchAndDevelopmentExpenses": 0,
        "generalAndAdministrativeExpenses": 0,
        "sellingAndMarketingExpenses": 0,
        "sellingGeneralAndAdministrativeExpenses": 3100000,
        "otherExpenses": 3200000,
        "operatingExpenses": 6300000,
        "costAndExpenses": 82100000,
        "interestIncome": 0,
        "interestExpense": 0,
        "depreciationAndAmortization": 3200000,
        "ebitda": 24400000,
        "ebitdaratio": 0.2362052275,
        "operatingIncome": 21200000,
        "operatingIncomeRatio": 0.2052274927,
        "totalOtherIncomeExpensesNet": -3900000,
        "incomeBeforeTax": 17300000,
        "incomeBeforeTaxRatio": 0.1674733785,
        "incomeTaxExpense": 3300000,
        "netIncome": 14000000,
        "netIncomeRatio": 0.1355275895,
        "eps": 0.15,
        "epsdiluted": 0.15,
        "weightedAverageShsOut": 95715976,
        "weightedAverageShsOutDil": 96000000,
        "link": "https://www.sec.gov/Archives/edgar/data/764065/000095015294000326/0000950152-94-000326-index.html",
        "finalLink": "https://www.sec.gov/Archives/edgar/data/764065/"
    },
    {
        "date": "1993-09-30",
        "symbol": "CLF",
        "reportedCurrency": "USD",
        "cik": "0000764065",
        "fillingDate": "1993-09-30",
        "acceptedDate": "1993-09-29 20:00:00",
        "calendarYear": "1993",
        "period": "Q3",
        "revenue": 87600000,
        "costOfRevenue": 64200000,
        "grossProfit": 23400000,
        "grossProfitRatio": 0.2671232877,
        "researchAndDevelopmentExpenses": 0,
        "generalAndAdministrativeExpenses": 0,
        "sellingAndMarketingExpenses": 0,
        "sellingGeneralAndAdministrativeExpenses": 4000000,
        "otherExpenses": 7000000,
        "operatingExpenses": 11000000,
        "costAndExpenses": 75200000,
        "interestIncome": 0,
        "interestExpense": 0,
        "depreciationAndAmortization": 3500000,
        "ebitda": 19400000,
        "ebitdaratio": 0.2214611872,
        "operatingIncome": 12400000,
        "operatingIncomeRatio": 0.1415525114,
        "totalOtherIncomeExpensesNet": -3100000,
        "incomeBeforeTax": 9300000,
        "incomeBeforeTaxRatio": 0.1061643836,
        "incomeTaxExpense": 2100000,
        "netIncome": 7200000,
        "netIncomeRatio": 0.0821917808,
        "eps": 0.075,
        "epsdiluted": 0.075,
        "weightedAverageShsOut": 96000000,
        "weightedAverageShsOutDil": 96000000,
        "link": "",
        "finalLink": ""
    },
    {
        "date": "1993-06-30",
        "symbol": "CLF",
        "reportedCurrency": "USD",
        "cik": "0000764065",
        "fillingDate": "1993-06-30",
        "acceptedDate": "1993-06-29 20:00:00",
        "calendarYear": "1993",
        "period": "Q2",
        "revenue": 84500000,
        "costOfRevenue": 62000000,
        "grossProfit": 22500000,
        "grossProfitRatio": 0.2662721893,
        "researchAndDevelopmentExpenses": 0,
        "generalAndAdministrativeExpenses": 0,
        "sellingAndMarketingExpenses": 0,
        "sellingGeneralAndAdministrativeExpenses": 4400000,
        "otherExpenses": 3300000,
        "operatingExpenses": 7700000,
        "costAndExpenses": 69700000,
        "interestIncome": 0,
        "interestExpense": 0,
        "depreciationAndAmortization": 3300000,
        "ebitda": 18100000,
        "ebitdaratio": 0.2142011834,
        "operatingIncome": 14800000,
        "operatingIncomeRatio": 0.175147929,
        "totalOtherIncomeExpensesNet": 34500000,
        "incomeBeforeTax": 49300000,
        "incomeBeforeTaxRatio": 0.5834319527,
        "incomeTaxExpense": 15800000,
        "netIncome": 33500000,
        "netIncomeRatio": 0.3964497041,
        "eps": 0.35,
        "epsdiluted": 0.35,
        "weightedAverageShsOut": 96057348,
        "weightedAverageShsOutDil": 96057348,
        "link": "",
        "finalLink": ""
    },
    {
        "date": "1993-03-31",
        "symbol": "CLF",
        "reportedCurrency": "USD",
        "cik": "0000764065",
        "fillingDate": "1993-03-31",
        "acceptedDate": "1993-03-30 19:00:00",
        "calendarYear": "1993",
        "period": "Q1",
        "revenue": 40700000,
        "costOfRevenue": 33800000,
        "grossProfit": 6900000,
        "grossProfitRatio": 0.1695331695,
        "researchAndDevelopmentExpenses": 0,
        "generalAndAdministrativeExpenses": 0,
        "sellingAndMarketingExpenses": 0,
        "sellingGeneralAndAdministrativeExpenses": 3700000,
        "otherExpenses": 3500000,
        "operatingExpenses": 7200000,
        "costAndExpenses": 41000000,
        "interestIncome": 0,
        "interestExpense": 0,
        "depreciationAndAmortization": 3500000,
        "ebitda": 3200000,
        "ebitdaratio": 0.0786240786,
        "operatingIncome": -300000,
        "operatingIncomeRatio": -0.0073710074,
        "totalOtherIncomeExpensesNet": 100000,
        "incomeBeforeTax": -200000,
        "incomeBeforeTaxRatio": -0.0049140049,
        "incomeTaxExpense": -100000,
        "netIncome": -100000,
        "netIncomeRatio": -0.0024570025,
        "eps": -0.0012,
        "epsdiluted": -0.0012,
        "weightedAverageShsOut": 80000000,
        "weightedAverageShsOutDil": 80000000,
        "link": "",
        "finalLink": ""
    },
    {
        "date": "1992-12-31",
        "symbol": "CLF",
        "reportedCurrency": "USD",
        "cik": "0000764065",
        "fillingDate": "1992-12-31",
        "acceptedDate": "1992-12-30 19:00:00",
        "calendarYear": "1992",
        "period": "Q4",
        "revenue": 68900000,
        "costOfRevenue": 51500000,
        "grossProfit": 17400000,
        "grossProfitRatio": 0.2525399129,
        "researchAndDevelopmentExpenses": 0,
        "generalAndAdministrativeExpenses": 0,
        "sellingAndMarketingExpenses": 0,
        "sellingGeneralAndAdministrativeExpenses": -400000,
        "otherExpenses": 3500000,
        "operatingExpenses": 3100000,
        "costAndExpenses": 54600000,
        "interestIncome": 0,
        "interestExpense": 0,
        "depreciationAndAmortization": 3500000,
        "ebitda": 17800000,
        "ebitdaratio": 0.2583454282,
        "operatingIncome": 14300000,
        "operatingIncomeRatio": 0.2075471698,
        "totalOtherIncomeExpensesNet": -18100000,
        "incomeBeforeTax": -3800000,
        "incomeBeforeTaxRatio": -0.0551523948,
        "incomeTaxExpense": -2300000,
        "netIncome": -40200000,
        "netIncomeRatio": -0.5834542816,
        "eps": -0.42,
        "epsdiluted": -0.42,
        "weightedAverageShsOut": 95483871,
        "weightedAverageShsOutDil": 95483871,
        "link": "",
        "finalLink": ""
    },
    {
        "date": "1992-09-30",
        "symbol": "CLF",
        "reportedCurrency": "USD",
        "cik": "0000764065",
        "fillingDate": "1992-09-30",
        "acceptedDate": "1992-09-29 20:00:00",
        "calendarYear": "1992",
        "period": "Q3",
        "revenue": 101600000,
        "costOfRevenue": 76900000,
        "grossProfit": 24700000,
        "grossProfitRatio": 0.2431102362,
        "researchAndDevelopmentExpenses": 0,
        "generalAndAdministrativeExpenses": 0,
        "sellingAndMarketingExpenses": 0,
        "sellingGeneralAndAdministrativeExpenses": 4100000,
        "otherExpenses": 3500000,
        "operatingExpenses": 7600000,
        "costAndExpenses": 84500000,
        "interestIncome": 0,
        "interestExpense": 0,
        "depreciationAndAmortization": 3500000,
        "ebitda": 20600000,
        "ebitdaratio": 0.2027559055,
        "operatingIncome": 17100000,
        "operatingIncomeRatio": 0.1683070866,
        "totalOtherIncomeExpensesNet": 3600000,
        "incomeBeforeTax": 20700000,
        "incomeBeforeTaxRatio": 0.2037401575,
        "incomeTaxExpense": 5900000,
        "netIncome": 14800000,
        "netIncomeRatio": 0.1456692913,
        "eps": 0.16,
        "epsdiluted": 0.16,
        "weightedAverageShsOut": 95483871,
        "weightedAverageShsOutDil": 95483871,
        "link": "",
        "finalLink": ""
    },
    {
        "date": "1992-06-30",
        "symbol": "CLF",
        "reportedCurrency": "USD",
        "cik": "0000764065",
        "fillingDate": "1992-06-30",
        "acceptedDate": "1992-06-29 20:00:00",
        "calendarYear": "1992",
        "period": "Q2",
        "revenue": 90200000,
        "costOfRevenue": 62200000,
        "grossProfit": 28000000,
        "grossProfitRatio": 0.310421286,
        "researchAndDevelopmentExpenses": 0,
        "generalAndAdministrativeExpenses": 0,
        "sellingAndMarketingExpenses": 0,
        "sellingGeneralAndAdministrativeExpenses": 8700000,
        "otherExpenses": 3300000,
        "operatingExpenses": 12000000,
        "costAndExpenses": 74200000,
        "interestIncome": 0,
        "interestExpense": 0,
        "depreciationAndAmortization": 3300000,
        "ebitda": 19300000,
        "ebitdaratio": 0.2139689579,
        "operatingIncome": 16000000,
        "operatingIncomeRatio": 0.177383592,
        "totalOtherIncomeExpensesNet": 1000000,
        "incomeBeforeTax": 17000000,
        "incomeBeforeTaxRatio": 0.1884700665,
        "incomeTaxExpense": 4900000,
        "netIncome": 12100000,
        "netIncomeRatio": 0.1341463415,
        "eps": 0.13,
        "epsdiluted": 0.13,
        "weightedAverageShsOut": 95841584,
        "weightedAverageShsOutDil": 95841584,
        "link": "",
        "finalLink": ""
    },
    {
        "date": "1992-03-31",
        "symbol": "CLF",
        "reportedCurrency": "USD",
        "cik": "0000764065",
        "fillingDate": "1992-03-31",
        "acceptedDate": "1992-03-30 19:00:00",
        "calendarYear": "1992",
        "period": "Q1",
        "revenue": 50000000,
        "costOfRevenue": 36400000,
        "grossProfit": 13600000,
        "grossProfitRatio": 0.272,
        "researchAndDevelopmentExpenses": 0,
        "generalAndAdministrativeExpenses": 0,
        "sellingAndMarketingExpenses": 0,
        "sellingGeneralAndAdministrativeExpenses": 4200000,
        "otherExpenses": 3800000,
        "operatingExpenses": 8000000,
        "costAndExpenses": 44400000,
        "interestIncome": 0,
        "interestExpense": 0,
        "depreciationAndAmortization": 3800000,
        "ebitda": 9400000,
        "ebitdaratio": 0.188,
        "operatingIncome": 5600000,
        "operatingIncomeRatio": 0.112,
        "totalOtherIncomeExpensesNet": 1900000,
        "incomeBeforeTax": 7500000,
        "incomeBeforeTaxRatio": 0.15,
        "incomeTaxExpense": 2100000,
        "netIncome": 5400000,
        "netIncomeRatio": 0.108,
        "eps": 0.0563,
        "epsdiluted": 0.0563,
        "weightedAverageShsOut": 96000000,
        "weightedAverageShsOutDil": 96000000,
        "link": "",
        "finalLink": ""
    },
    {
        "date": "1991-12-31",
        "symbol": "CLF",
        "reportedCurrency": "USD",
        "cik": "0000764065",
        "fillingDate": "1991-12-31",
        "acceptedDate": "1991-12-30 19:00:00",
        "calendarYear": "1991",
        "period": "Q4",
        "revenue": 81200000,
        "costOfRevenue": 57800000,
        "grossProfit": 23400000,
        "grossProfitRatio": 0.2881773399,
        "researchAndDevelopmentExpenses": 0,
        "generalAndAdministrativeExpenses": 0,
        "sellingAndMarketingExpenses": 0,
        "sellingGeneralAndAdministrativeExpenses": 4000000,
        "otherExpenses": 5800000,
        "operatingExpenses": 9800000,
        "costAndExpenses": 67600000,
        "interestIncome": 0,
        "interestExpense": 0,
        "depreciationAndAmortization": 5800000,
        "ebitda": 19400000,
        "ebitdaratio": 0.2389162562,
        "operatingIncome": 13600000,
        "operatingIncomeRatio": 0.1674876847,
        "totalOtherIncomeExpensesNet": 700000,
        "incomeBeforeTax": 14300000,
        "incomeBeforeTaxRatio": 0.1761083744,
        "incomeTaxExpense": 2900000,
        "netIncome": 11400000,
        "netIncomeRatio": 0.1403940887,
        "eps": 0.12,
        "epsdiluted": 0.12,
        "weightedAverageShsOut": 94919587,
        "weightedAverageShsOutDil": 95555556,
        "link": "",
        "finalLink": ""
    },
    {
        "date": "1991-09-30",
        "symbol": "CLF",
        "reportedCurrency": "USD",
        "cik": "0000764065",
        "fillingDate": "1991-09-30",
        "acceptedDate": "1991-09-29 20:00:00",
        "calendarYear": "1991",
        "period": "Q3",
        "revenue": 96500000,
        "costOfRevenue": 72600000,
        "grossProfit": 23900000,
        "grossProfitRatio": 0.2476683938,
        "researchAndDevelopmentExpenses": 0,
        "generalAndAdministrativeExpenses": 0,
        "sellingAndMarketingExpenses": 0,
        "sellingGeneralAndAdministrativeExpenses": 5500000,
        "otherExpenses": 3200000,
        "operatingExpenses": 8700000,
        "costAndExpenses": 81300000,
        "interestIncome": 0,
        "interestExpense": 0,
        "depreciationAndAmortization": 3200000,
        "ebitda": 18400000,
        "ebitdaratio": 0.1906735751,
        "operatingIncome": 15200000,
        "operatingIncomeRatio": 0.1575129534,
        "totalOtherIncomeExpensesNet": 1800000,
        "incomeBeforeTax": 17000000,
        "incomeBeforeTaxRatio": 0.1761658031,
        "incomeTaxExpense": 4100000,
        "netIncome": 12900000,
        "netIncomeRatio": 0.1336787565,
        "eps": 0.14,
        "epsdiluted": 0.14,
        "weightedAverageShsOut": 95555556,
        "weightedAverageShsOutDil": 95555556,
        "link": "",
        "finalLink": ""
    },
    {
        "date": "1991-06-30",
        "symbol": "CLF",
        "reportedCurrency": "USD",
        "cik": "0000764065",
        "fillingDate": "1991-06-30",
        "acceptedDate": "1991-06-29 20:00:00",
        "calendarYear": "1991",
        "period": "Q2",
        "revenue": 82700000,
        "costOfRevenue": 61100000,
        "grossProfit": 21600000,
        "grossProfitRatio": 0.261185006,
        "researchAndDevelopmentExpenses": 0,
        "generalAndAdministrativeExpenses": 0,
        "sellingAndMarketingExpenses": 0,
        "sellingGeneralAndAdministrativeExpenses": 5200000,
        "otherExpenses": 3200000,
        "operatingExpenses": 8400000,
        "costAndExpenses": 69500000,
        "interestIncome": 0,
        "interestExpense": 0,
        "depreciationAndAmortization": 3200000,
        "ebitda": 16400000,
        "ebitdaratio": 0.1983071342,
        "operatingIncome": 13200000,
        "operatingIncomeRatio": 0.1596130593,
        "totalOtherIncomeExpensesNet": 300000,
        "incomeBeforeTax": 13500000,
        "incomeBeforeTaxRatio": 0.1632406288,
        "incomeTaxExpense": 2300000,
        "netIncome": 11200000,
        "netIncomeRatio": 0.1354292624,
        "eps": 0.12,
        "epsdiluted": 0.12,
        "weightedAverageShsOut": 94315789,
        "weightedAverageShsOutDil": 94315789,
        "link": "",
        "finalLink": ""
    },
    {
        "date": "1991-03-31",
        "symbol": "CLF",
        "reportedCurrency": "USD",
        "cik": "0000764065",
        "fillingDate": "1991-03-31",
        "acceptedDate": "1991-03-30 19:00:00",
        "calendarYear": "1991",
        "period": "Q1",
        "revenue": 57000000,
        "costOfRevenue": 47800000,
        "grossProfit": 9200000,
        "grossProfitRatio": 0.1614035088,
        "researchAndDevelopmentExpenses": 0,
        "generalAndAdministrativeExpenses": 0,
        "sellingAndMarketingExpenses": 0,
        "sellingGeneralAndAdministrativeExpenses": 5000000,
        "otherExpenses": 3800000,
        "operatingExpenses": 8800000,
        "costAndExpenses": 56600000,
        "interestIncome": 0,
        "interestExpense": 0,
        "depreciationAndAmortization": 3800000,
        "ebitda": 4200000,
        "ebitdaratio": 0.0736842105,
        "operatingIncome": 400000,
        "operatingIncomeRatio": 0.0070175439,
        "totalOtherIncomeExpensesNet": 24900000,
        "incomeBeforeTax": 25300000,
        "incomeBeforeTaxRatio": 0.4438596491,
        "incomeTaxExpense": 7000000,
        "netIncome": 18300000,
        "netIncomeRatio": 0.3210526316,
        "eps": 0.2,
        "epsdiluted": 0.2,
        "weightedAverageShsOut": 93846154,
        "weightedAverageShsOutDil": 93846154,
        "link": "",
        "finalLink": ""
    },
    {
        "date": "1990-12-31",
        "symbol": "CLF",
        "reportedCurrency": "USD",
        "cik": "0000764065",
        "fillingDate": "1990-12-31",
        "acceptedDate": "1990-12-30 19:00:00",
        "calendarYear": "1990",
        "period": "Q4",
        "revenue": 64800000,
        "costOfRevenue": 69000000,
        "grossProfit": -4200000,
        "grossProfitRatio": -0.0648148148,
        "researchAndDevelopmentExpenses": 0,
        "generalAndAdministrativeExpenses": 0,
        "sellingAndMarketingExpenses": 0,
        "sellingGeneralAndAdministrativeExpenses": -900000,
        "otherExpenses": 4000000,
        "operatingExpenses": 3100000,
        "costAndExpenses": 72100000,
        "interestIncome": 0,
        "interestExpense": 0,
        "depreciationAndAmortization": 4000000,
        "ebitda": -3300000,
        "ebitdaratio": -0.0509259259,
        "operatingIncome": -7300000,
        "operatingIncomeRatio": -0.112654321,
        "totalOtherIncomeExpensesNet": 81100000,
        "incomeBeforeTax": 73800000,
        "incomeBeforeTaxRatio": 1.1388888889,
        "incomeTaxExpense": 23800000,
        "netIncome": 50000000,
        "netIncomeRatio": 0.7716049383,
        "eps": 0.54,
        "epsdiluted": 0.54,
        "weightedAverageShsOut": 93333333,
        "weightedAverageShsOutDil": 93333333,
        "link": "",
        "finalLink": ""
    },
    {
        "date": "1990-09-30",
        "symbol": "CLF",
        "reportedCurrency": "USD",
        "cik": "0000764065",
        "fillingDate": "1990-09-30",
        "acceptedDate": "1990-09-29 20:00:00",
        "calendarYear": "1990",
        "period": "Q3",
        "revenue": 96300000,
        "costOfRevenue": 81200000,
        "grossProfit": 15100000,
        "grossProfitRatio": 0.1568016615,
        "researchAndDevelopmentExpenses": 0,
        "generalAndAdministrativeExpenses": 0,
        "sellingAndMarketingExpenses": 0,
        "sellingGeneralAndAdministrativeExpenses": 4200000,
        "otherExpenses": 3500000,
        "operatingExpenses": 7700000,
        "costAndExpenses": 88900000,
        "interestIncome": 0,
        "interestExpense": 0,
        "depreciationAndAmortization": 3700000,
        "ebitda": 11100000,
        "ebitdaratio": 0.1152647975,
        "operatingIncome": 7400000,
        "operatingIncomeRatio": 0.0768431983,
        "totalOtherIncomeExpensesNet": -1600000,
        "incomeBeforeTax": 5800000,
        "incomeBeforeTaxRatio": 0.0602284528,
        "incomeTaxExpense": 1600000,
        "netIncome": 4200000,
        "netIncomeRatio": 0.0436137072,
        "eps": 0.045,
        "epsdiluted": 0.045,
        "weightedAverageShsOut": 93333333,
        "weightedAverageShsOutDil": 93333333,
        "link": "",
        "finalLink": ""
    },
    {
        "date": "1990-06-30",
        "symbol": "CLF",
        "reportedCurrency": "USD",
        "cik": "0000764065",
        "fillingDate": "1990-06-30",
        "acceptedDate": "1990-06-29 20:00:00",
        "calendarYear": "1990",
        "period": "Q2",
        "revenue": 89300000,
        "costOfRevenue": 59200000,
        "grossProfit": 30100000,
        "grossProfitRatio": 0.3370660694,
        "researchAndDevelopmentExpenses": 0,
        "generalAndAdministrativeExpenses": 0,
        "sellingAndMarketingExpenses": 0,
        "sellingGeneralAndAdministrativeExpenses": 5700000,
        "otherExpenses": 3500000,
        "operatingExpenses": 9200000,
        "costAndExpenses": 68400000,
        "interestIncome": 0,
        "interestExpense": 0,
        "depreciationAndAmortization": 3400000,
        "ebitda": 24400000,
        "ebitdaratio": 0.2732362822,
        "operatingIncome": 20900000,
        "operatingIncomeRatio": 0.2340425532,
        "totalOtherIncomeExpensesNet": -1500000,
        "incomeBeforeTax": 19400000,
        "incomeBeforeTaxRatio": 0.2172452408,
        "incomeTaxExpense": 5300000,
        "netIncome": 14100000,
        "netIncomeRatio": 0.1578947368,
        "eps": 0.15,
        "epsdiluted": 0.15,
        "weightedAverageShsOut": 93223140,
        "weightedAverageShsOutDil": 93223140,
        "link": "",
        "finalLink": ""
    },
    {
        "date": "1990-03-31",
        "symbol": "CLF",
        "reportedCurrency": "USD",
        "cik": "0000764065",
        "fillingDate": "1990-03-31",
        "acceptedDate": "1990-03-30 19:00:00",
        "calendarYear": "1990",
        "period": "Q1",
        "revenue": 59500000,
        "costOfRevenue": 40600000,
        "grossProfit": 18900000,
        "grossProfitRatio": 0.3176470588,
        "researchAndDevelopmentExpenses": 0,
        "generalAndAdministrativeExpenses": 0,
        "sellingAndMarketingExpenses": 0,
        "sellingGeneralAndAdministrativeExpenses": 6200000,
        "otherExpenses": 3500000,
        "operatingExpenses": 9700000,
        "costAndExpenses": 50300000,
        "interestIncome": 0,
        "interestExpense": 0,
        "depreciationAndAmortization": 3500000,
        "ebitda": 12700000,
        "ebitdaratio": 0.2134453782,
        "operatingIncome": 9200000,
        "operatingIncomeRatio": 0.1546218487,
        "totalOtherIncomeExpensesNet": -1600000,
        "incomeBeforeTax": 7600000,
        "incomeBeforeTaxRatio": 0.1277310924,
        "incomeTaxExpense": 2100000,
        "netIncome": 5500000,
        "netIncomeRatio": 0.0924369748,
        "eps": 0.0588,
        "epsdiluted": 0.0588,
        "weightedAverageShsOut": 93617021,
        "weightedAverageShsOutDil": 93617021,
        "link": "",
        "finalLink": ""
    },
    {
        "date": "1989-12-31",
        "symbol": "CLF",
        "reportedCurrency": "USD",
        "cik": "0000764065",
        "fillingDate": "1989-12-31",
        "acceptedDate": "1989-12-30 19:00:00",
        "calendarYear": "1989",
        "period": "Q4",
        "revenue": 98200000,
        "costOfRevenue": 0,
        "grossProfit": 98200000,
        "grossProfitRatio": 1,
        "researchAndDevelopmentExpenses": 0,
        "generalAndAdministrativeExpenses": 0,
        "sellingAndMarketingExpenses": 0,
        "sellingGeneralAndAdministrativeExpenses": 0,
        "otherExpenses": 257800000,
        "operatingExpenses": 257800000,
        "costAndExpenses": 257800000,
        "interestIncome": 0,
        "interestExpense": 0,
        "depreciationAndAmortization": 0,
        "ebitda": -159600000,
        "ebitdaratio": -1.6252545825,
        "operatingIncome": -159600000,
        "operatingIncomeRatio": -1.6252545825,
        "totalOtherIncomeExpensesNet": 159600000,
        "incomeBeforeTax": 0,
        "incomeBeforeTaxRatio": 0,
        "incomeTaxExpense": 0,
        "netIncome": 0,
        "netIncomeRatio": 0,
        "eps": 0.14,
        "epsdiluted": 0.13,
        "weightedAverageShsOut": 93336000,
        "weightedAverageShsOutDil": 93336000,
        "link": "",
        "finalLink": ""
    },
    {
        "date": "1989-09-30",
        "symbol": "CLF",
        "reportedCurrency": "USD",
        "cik": "0000764065",
        "fillingDate": "1989-09-30",
        "acceptedDate": "1989-09-29 20:00:00",
        "calendarYear": "1989",
        "period": "Q3",
        "revenue": 91700000,
        "costOfRevenue": 0,
        "grossProfit": 91700000,
        "grossProfitRatio": 1,
        "researchAndDevelopmentExpenses": 0,
        "generalAndAdministrativeExpenses": 0,
        "sellingAndMarketingExpenses": 0,
        "sellingGeneralAndAdministrativeExpenses": 0,
        "otherExpenses": 0,
        "operatingExpenses": 0,
        "costAndExpenses": 0,
        "interestIncome": 0,
        "interestExpense": 0,
        "depreciationAndAmortization": 0,
        "ebitda": 91700000,
        "ebitdaratio": 1,
        "operatingIncome": 91700000,
        "operatingIncomeRatio": 1,
        "totalOtherIncomeExpensesNet": -91700000,
        "incomeBeforeTax": 0,
        "incomeBeforeTaxRatio": 0,
        "incomeTaxExpense": 0,
        "netIncome": 0,
        "netIncomeRatio": 0,
        "eps": 0.18,
        "epsdiluted": 0.18,
        "weightedAverageShsOut": 93336000,
        "weightedAverageShsOutDil": 93336000,
        "link": "",
        "finalLink": ""
    },
    {
        "date": "1989-06-30",
        "symbol": "CLF",
        "reportedCurrency": "USD",
        "cik": "0000764065",
        "fillingDate": "1989-06-30",
        "acceptedDate": "1989-06-29 20:00:00",
        "calendarYear": "1989",
        "period": "Q2",
        "revenue": 115800000,
        "costOfRevenue": 0,
        "grossProfit": 115800000,
        "grossProfitRatio": 1,
        "researchAndDevelopmentExpenses": 0,
        "generalAndAdministrativeExpenses": 0,
        "sellingAndMarketingExpenses": 0,
        "sellingGeneralAndAdministrativeExpenses": 0,
        "otherExpenses": 0,
        "operatingExpenses": 0,
        "costAndExpenses": 0,
        "interestIncome": 0,
        "interestExpense": 0,
        "depreciationAndAmortization": 0,
        "ebitda": 115800000,
        "ebitdaratio": 1,
        "operatingIncome": 115800000,
        "operatingIncomeRatio": 1,
        "totalOtherIncomeExpensesNet": -115800000,
        "incomeBeforeTax": 0,
        "incomeBeforeTaxRatio": 0,
        "incomeTaxExpense": 0,
        "netIncome": 17900000,
        "netIncomeRatio": 0.1545768566,
        "eps": 0.19,
        "epsdiluted": 0.19,
        "weightedAverageShsOut": 92968000,
        "weightedAverageShsOutDil": 92968000,
        "link": "",
        "finalLink": ""
    },
    {
        "date": "1989-03-31",
        "symbol": "CLF",
        "reportedCurrency": "USD",
        "cik": "0000764065",
        "fillingDate": "1989-03-31",
        "acceptedDate": "1989-03-30 19:00:00",
        "calendarYear": "1989",
        "period": "Q1",
        "revenue": 83500000,
        "costOfRevenue": 0,
        "grossProfit": 83500000,
        "grossProfitRatio": 1,
        "researchAndDevelopmentExpenses": 0,
        "generalAndAdministrativeExpenses": 0,
        "sellingAndMarketingExpenses": 0,
        "sellingGeneralAndAdministrativeExpenses": 0,
        "otherExpenses": 0,
        "operatingExpenses": 0,
        "costAndExpenses": 0,
        "interestIncome": 0,
        "interestExpense": 0,
        "depreciationAndAmortization": 0,
        "ebitda": 83500000,
        "ebitdaratio": 1,
        "operatingIncome": 83500000,
        "operatingIncomeRatio": 1,
        "totalOtherIncomeExpensesNet": -83500000,
        "incomeBeforeTax": 0,
        "incomeBeforeTaxRatio": 0,
        "incomeTaxExpense": 0,
        "netIncome": 12900000,
        "netIncomeRatio": 0.154491018,
        "eps": 0.14,
        "epsdiluted": 0.14,
        "weightedAverageShsOut": 92880000,
        "weightedAverageShsOutDil": 92880000,
        "link": "",
        "finalLink": ""
    },
    {
        "date": "1988-12-31",
        "symbol": "CLF",
        "reportedCurrency": "USD",
        "cik": "0000764065",
        "fillingDate": "1988-12-31",
        "acceptedDate": "1988-12-30 19:00:00",
        "calendarYear": "1988",
        "period": "Q4",
        "revenue": 113900000,
        "costOfRevenue": 0,
        "grossProfit": 113900000,
        "grossProfitRatio": 1,
        "researchAndDevelopmentExpenses": 0,
        "generalAndAdministrativeExpenses": 0,
        "sellingAndMarketingExpenses": 0,
        "sellingGeneralAndAdministrativeExpenses": 0,
        "otherExpenses": 321300000,
        "operatingExpenses": 321300000,
        "costAndExpenses": 321300000,
        "interestIncome": 0,
        "interestExpense": 0,
        "depreciationAndAmortization": 0,
        "ebitda": -207400000,
        "ebitdaratio": -1.8208955224,
        "operatingIncome": -207400000,
        "operatingIncomeRatio": -1.8208955224,
        "totalOtherIncomeExpensesNet": 207400000,
        "incomeBeforeTax": 0,
        "incomeBeforeTaxRatio": 0,
        "incomeTaxExpense": 0,
        "netIncome": 0,
        "netIncomeRatio": 0,
        "eps": 0.0763,
        "epsdiluted": 0.0712,
        "weightedAverageShsOut": 92456000,
        "weightedAverageShsOutDil": 92456000,
        "link": "",
        "finalLink": ""
    },
    {
        "date": "1988-09-30",
        "symbol": "CLF",
        "reportedCurrency": "USD",
        "cik": "0000764065",
        "fillingDate": "1988-09-30",
        "acceptedDate": "1988-09-29 20:00:00",
        "calendarYear": "1988",
        "period": "Q3",
        "revenue": 102600000,
        "costOfRevenue": 0,
        "grossProfit": 102600000,
        "grossProfitRatio": 1,
        "researchAndDevelopmentExpenses": 0,
        "generalAndAdministrativeExpenses": 0,
        "sellingAndMarketingExpenses": 0,
        "sellingGeneralAndAdministrativeExpenses": 0,
        "otherExpenses": 0,
        "operatingExpenses": 0,
        "costAndExpenses": 0,
        "interestIncome": 0,
        "interestExpense": 0,
        "depreciationAndAmortization": 0,
        "ebitda": 102600000,
        "ebitdaratio": 1,
        "operatingIncome": 102600000,
        "operatingIncomeRatio": 1,
        "totalOtherIncomeExpensesNet": -102600000,
        "incomeBeforeTax": 0,
        "incomeBeforeTaxRatio": 0,
        "incomeTaxExpense": 0,
        "netIncome": 0,
        "netIncomeRatio": 0,
        "eps": 0.15,
        "epsdiluted": 0.15,
        "weightedAverageShsOut": 92456000,
        "weightedAverageShsOutDil": 92456000,
        "link": "",
        "finalLink": ""
    },
    {
        "date": "1988-06-30",
        "symbol": "CLF",
        "reportedCurrency": "USD",
        "cik": "0000764065",
        "fillingDate": "1988-06-30",
        "acceptedDate": "1988-06-29 20:00:00",
        "calendarYear": "1988",
        "period": "Q2",
        "revenue": 110300000,
        "costOfRevenue": 0,
        "grossProfit": 110300000,
        "grossProfitRatio": 1,
        "researchAndDevelopmentExpenses": 0,
        "generalAndAdministrativeExpenses": 0,
        "sellingAndMarketingExpenses": 0,
        "sellingGeneralAndAdministrativeExpenses": 0,
        "otherExpenses": 0,
        "operatingExpenses": 0,
        "costAndExpenses": 0,
        "interestIncome": 0,
        "interestExpense": 0,
        "depreciationAndAmortization": 0,
        "ebitda": 110300000,
        "ebitdaratio": 1,
        "operatingIncome": 110300000,
        "operatingIncomeRatio": 1,
        "totalOtherIncomeExpensesNet": -110300000,
        "incomeBeforeTax": 0,
        "incomeBeforeTaxRatio": 0,
        "incomeTaxExpense": 0,
        "netIncome": 0,
        "netIncomeRatio": 0,
        "eps": 0.12,
        "epsdiluted": 0.12,
        "weightedAverageShsOut": 92424000,
        "weightedAverageShsOutDil": 92424000,
        "link": "",
        "finalLink": ""
    },
    {
        "date": "1988-03-31",
        "symbol": "CLF",
        "reportedCurrency": "USD",
        "cik": "0000764065",
        "fillingDate": "1988-03-31",
        "acceptedDate": "1988-03-30 19:00:00",
        "calendarYear": "1988",
        "period": "Q1",
        "revenue": 66500000,
        "costOfRevenue": 0,
        "grossProfit": 66500000,
        "grossProfitRatio": 1,
        "researchAndDevelopmentExpenses": 0,
        "generalAndAdministrativeExpenses": 0,
        "sellingAndMarketingExpenses": 0,
        "sellingGeneralAndAdministrativeExpenses": 0,
        "otherExpenses": 0,
        "operatingExpenses": 0,
        "costAndExpenses": 0,
        "interestIncome": 0,
        "interestExpense": 0,
        "depreciationAndAmortization": 0,
        "ebitda": 66500000,
        "ebitdaratio": 1,
        "operatingIncome": 66500000,
        "operatingIncomeRatio": 1,
        "totalOtherIncomeExpensesNet": -66500000,
        "incomeBeforeTax": 0,
        "incomeBeforeTaxRatio": 0,
        "incomeTaxExpense": 0,
        "netIncome": 0,
        "netIncomeRatio": 0,
        "eps": 0.035,
        "epsdiluted": 0.035,
        "weightedAverageShsOut": 132296000,
        "weightedAverageShsOutDil": 132296000,
        "link": "",
        "finalLink": ""
    },
    {
        "date": "1987-12-31",
        "symbol": "CLF",
        "reportedCurrency": "USD",
        "cik": "0000764065",
        "fillingDate": "1987-12-31",
        "acceptedDate": "1987-12-30 19:00:00",
        "calendarYear": "1987",
        "period": "Q4",
        "revenue": 27000000,
        "costOfRevenue": 0,
        "grossProfit": 27000000,
        "grossProfitRatio": 1,
        "researchAndDevelopmentExpenses": 0,
        "generalAndAdministrativeExpenses": 0,
        "sellingAndMarketingExpenses": 0,
        "sellingGeneralAndAdministrativeExpenses": 0,
        "otherExpenses": 350800000,
        "operatingExpenses": 350800000,
        "costAndExpenses": 350800000,
        "interestIncome": 0,
        "interestExpense": 0,
        "depreciationAndAmortization": 0,
        "ebitda": -323800000,
        "ebitdaratio": -11.9925925926,
        "operatingIncome": -323800000,
        "operatingIncomeRatio": -11.9925925926,
        "totalOtherIncomeExpensesNet": 323800000,
        "incomeBeforeTax": 0,
        "incomeBeforeTaxRatio": 0,
        "incomeTaxExpense": 0,
        "netIncome": 57500000,
        "netIncomeRatio": 2.1296296296,
        "eps": 0.38,
        "epsdiluted": 0.38,
        "weightedAverageShsOut": 131480000,
        "weightedAverageShsOutDil": 131480000,
        "link": "",
        "finalLink": ""
    },
    {
        "date": "1987-09-30",
        "symbol": "CLF",
        "reportedCurrency": "USD",
        "cik": "0000764065",
        "fillingDate": "1987-09-30",
        "acceptedDate": "1987-09-29 20:00:00",
        "calendarYear": "1987",
        "period": "Q3",
        "revenue": 117400000,
        "costOfRevenue": 0,
        "grossProfit": 117400000,
        "grossProfitRatio": 1,
        "researchAndDevelopmentExpenses": 0,
        "generalAndAdministrativeExpenses": 0,
        "sellingAndMarketingExpenses": 0,
        "sellingGeneralAndAdministrativeExpenses": 0,
        "otherExpenses": 0,
        "operatingExpenses": 0,
        "costAndExpenses": 0,
        "interestIncome": 0,
        "interestExpense": 0,
        "depreciationAndAmortization": 0,
        "ebitda": 117400000,
        "ebitdaratio": 1,
        "operatingIncome": 117400000,
        "operatingIncomeRatio": 1,
        "totalOtherIncomeExpensesNet": -117400000,
        "incomeBeforeTax": 0,
        "incomeBeforeTaxRatio": 0,
        "incomeTaxExpense": 0,
        "netIncome": 0,
        "netIncomeRatio": 0,
        "eps": -0.0112,
        "epsdiluted": -0.0112,
        "weightedAverageShsOut": 131480000,
        "weightedAverageShsOutDil": 131480000,
        "link": "",
        "finalLink": ""
    },
    {
        "date": "1987-06-30",
        "symbol": "CLF",
        "reportedCurrency": "USD",
        "cik": "0000764065",
        "fillingDate": "1987-06-30",
        "acceptedDate": "1987-06-29 20:00:00",
        "calendarYear": "1987",
        "period": "Q2",
        "revenue": 125100000,
        "costOfRevenue": 0,
        "grossProfit": 125100000,
        "grossProfitRatio": 1,
        "researchAndDevelopmentExpenses": 0,
        "generalAndAdministrativeExpenses": 0,
        "sellingAndMarketingExpenses": 0,
        "sellingGeneralAndAdministrativeExpenses": 0,
        "otherExpenses": 0,
        "operatingExpenses": 0,
        "costAndExpenses": 0,
        "interestIncome": 0,
        "interestExpense": 0,
        "depreciationAndAmortization": 0,
        "ebitda": 125100000,
        "ebitdaratio": 1,
        "operatingIncome": 125100000,
        "operatingIncomeRatio": 1,
        "totalOtherIncomeExpensesNet": -125100000,
        "incomeBeforeTax": 0,
        "incomeBeforeTaxRatio": 0,
        "incomeTaxExpense": 0,
        "netIncome": 0,
        "netIncomeRatio": 0,
        "eps": -0.22,
        "epsdiluted": -0.22,
        "weightedAverageShsOut": 99472000,
        "weightedAverageShsOutDil": 99472000,
        "link": "",
        "finalLink": ""
    },
    {
        "date": "1987-03-31",
        "symbol": "CLF",
        "reportedCurrency": "USD",
        "cik": "0000764065",
        "fillingDate": "1987-03-31",
        "acceptedDate": "1987-03-30 19:00:00",
        "calendarYear": "1987",
        "period": "Q1",
        "revenue": 93700000,
        "costOfRevenue": 0,
        "grossProfit": 93700000,
        "grossProfitRatio": 1,
        "researchAndDevelopmentExpenses": 0,
        "generalAndAdministrativeExpenses": 0,
        "sellingAndMarketingExpenses": 0,
        "sellingGeneralAndAdministrativeExpenses": 0,
        "otherExpenses": 0,
        "operatingExpenses": 0,
        "costAndExpenses": 0,
        "interestIncome": 0,
        "interestExpense": 0,
        "depreciationAndAmortization": 0,
        "ebitda": 93700000,
        "ebitdaratio": 1,
        "operatingIncome": 93700000,
        "operatingIncomeRatio": 1,
        "totalOtherIncomeExpensesNet": -93700000,
        "incomeBeforeTax": 0,
        "incomeBeforeTaxRatio": 0,
        "incomeTaxExpense": 0,
        "netIncome": 0,
        "netIncomeRatio": 0,
        "eps": -0.0787,
        "epsdiluted": -0.0787,
        "weightedAverageShsOut": 99464000,
        "weightedAverageShsOutDil": 99464000,
        "link": "",
        "finalLink": ""
    },
    {
        "date": "1986-12-31",
        "symbol": "CLF",
        "reportedCurrency": "USD",
        "cik": "0000764065",
        "fillingDate": "1986-12-31",
        "acceptedDate": "1986-12-30 19:00:00",
        "calendarYear": "1986",
        "period": "Q4",
        "revenue": 73400000,
        "costOfRevenue": 0,
        "grossProfit": 73400000,
        "grossProfitRatio": 1,
        "researchAndDevelopmentExpenses": 0,
        "generalAndAdministrativeExpenses": 0,
        "sellingAndMarketingExpenses": 0,
        "sellingGeneralAndAdministrativeExpenses": 0,
        "otherExpenses": 318200000,
        "operatingExpenses": 318200000,
        "costAndExpenses": 318200000,
        "interestIncome": 0,
        "interestExpense": 0,
        "depreciationAndAmortization": 0,
        "ebitda": -244800000,
        "ebitdaratio": -3.3351498638,
        "operatingIncome": -244800000,
        "operatingIncomeRatio": -3.3351498638,
        "totalOtherIncomeExpensesNet": 244800000,
        "incomeBeforeTax": 0,
        "incomeBeforeTaxRatio": 0,
        "incomeTaxExpense": 0,
        "netIncome": -33200000,
        "netIncomeRatio": -0.4523160763,
        "eps": -0.35,
        "epsdiluted": -0.35,
        "weightedAverageShsOut": 99464000,
        "weightedAverageShsOutDil": 99480000,
        "link": "",
        "finalLink": ""
    },
    {
        "date": "1986-09-30",
        "symbol": "CLF",
        "reportedCurrency": "USD",
        "cik": "0000764065",
        "fillingDate": "1986-09-30",
        "acceptedDate": "1986-09-29 20:00:00",
        "calendarYear": "1986",
        "period": "Q3",
        "revenue": 64400000,
        "costOfRevenue": 0,
        "grossProfit": 64400000,
        "grossProfitRatio": 1,
        "researchAndDevelopmentExpenses": 0,
        "generalAndAdministrativeExpenses": 0,
        "sellingAndMarketingExpenses": 0,
        "sellingGeneralAndAdministrativeExpenses": 0,
        "otherExpenses": 0,
        "operatingExpenses": 0,
        "costAndExpenses": 0,
        "interestIncome": 0,
        "interestExpense": 0,
        "depreciationAndAmortization": 0,
        "ebitda": 64400000,
        "ebitdaratio": 1,
        "operatingIncome": 64400000,
        "operatingIncomeRatio": 1,
        "totalOtherIncomeExpensesNet": -64400000,
        "incomeBeforeTax": 0,
        "incomeBeforeTaxRatio": 0,
        "incomeTaxExpense": 0,
        "netIncome": -11600000,
        "netIncomeRatio": -0.1801242236,
        "eps": -0.13,
        "epsdiluted": -0.13,
        "weightedAverageShsOut": 99480000,
        "weightedAverageShsOutDil": 99480000,
        "link": "",
        "finalLink": ""
    },
    {
        "date": "1986-06-30",
        "symbol": "CLF",
        "reportedCurrency": "USD",
        "cik": "0000764065",
        "fillingDate": "1986-06-30",
        "acceptedDate": "1986-06-29 20:00:00",
        "calendarYear": "1986",
        "period": "Q2",
        "revenue": 63200000,
        "costOfRevenue": 0,
        "grossProfit": 63200000,
        "grossProfitRatio": 1,
        "researchAndDevelopmentExpenses": 0,
        "generalAndAdministrativeExpenses": 0,
        "sellingAndMarketingExpenses": 0,
        "sellingGeneralAndAdministrativeExpenses": 0,
        "otherExpenses": 0,
        "operatingExpenses": 0,
        "costAndExpenses": 0,
        "interestIncome": 0,
        "interestExpense": 0,
        "depreciationAndAmortization": 0,
        "ebitda": 63200000,
        "ebitdaratio": 1,
        "operatingIncome": 63200000,
        "operatingIncomeRatio": 1,
        "totalOtherIncomeExpensesNet": -63200000,
        "incomeBeforeTax": 0,
        "incomeBeforeTaxRatio": 0,
        "incomeTaxExpense": 0,
        "netIncome": -3100000,
        "netIncomeRatio": -0.0490506329,
        "eps": -0.0437,
        "epsdiluted": -0.0437,
        "weightedAverageShsOut": 99480000,
        "weightedAverageShsOutDil": 99480000,
        "link": "",
        "finalLink": ""
    },
    {
        "date": "1986-03-31",
        "symbol": "CLF",
        "reportedCurrency": "USD",
        "cik": "0000764065",
        "fillingDate": "1986-03-31",
        "acceptedDate": "1986-03-30 19:00:00",
        "calendarYear": "1986",
        "period": "Q1",
        "revenue": 65800000,
        "costOfRevenue": 0,
        "grossProfit": 65800000,
        "grossProfitRatio": 1,
        "researchAndDevelopmentExpenses": 0,
        "generalAndAdministrativeExpenses": 0,
        "sellingAndMarketingExpenses": 0,
        "sellingGeneralAndAdministrativeExpenses": 0,
        "otherExpenses": 0,
        "operatingExpenses": 0,
        "costAndExpenses": 0,
        "interestIncome": 0,
        "interestExpense": 0,
        "depreciationAndAmortization": 0,
        "ebitda": 65800000,
        "ebitdaratio": 1,
        "operatingIncome": 65800000,
        "operatingIncomeRatio": 1,
        "totalOtherIncomeExpensesNet": -65800000,
        "incomeBeforeTax": 0,
        "incomeBeforeTaxRatio": 0,
        "incomeTaxExpense": 0,
        "netIncome": 6200000,
        "netIncomeRatio": 0.094224924,
        "eps": 0.05,
        "epsdiluted": 0.05,
        "weightedAverageShsOut": 99472000,
        "weightedAverageShsOutDil": 99472000,
        "link": "",
        "finalLink": ""
    },
    {
        "date": "1985-12-31",
        "symbol": "CLF",
        "reportedCurrency": "USD",
        "cik": "0000764065",
        "fillingDate": "1985-12-31",
        "acceptedDate": "1985-12-30 19:00:00",
        "calendarYear": "1985",
        "period": "Q4",
        "revenue": 76500000,
        "costOfRevenue": 0,
        "grossProfit": 76500000,
        "grossProfitRatio": 1,
        "researchAndDevelopmentExpenses": 0,
        "generalAndAdministrativeExpenses": 0,
        "sellingAndMarketingExpenses": 0,
        "sellingGeneralAndAdministrativeExpenses": 0,
        "otherExpenses": 306000000,
        "operatingExpenses": 306000000,
        "costAndExpenses": 306000000,
        "interestIncome": 0,
        "interestExpense": 0,
        "depreciationAndAmortization": 0,
        "ebitda": -229500000,
        "ebitdaratio": -3,
        "operatingIncome": -229500000,
        "operatingIncomeRatio": -3,
        "totalOtherIncomeExpensesNet": 229500000,
        "incomeBeforeTax": 0,
        "incomeBeforeTaxRatio": 0,
        "incomeTaxExpense": 0,
        "netIncome": 2700000,
        "netIncomeRatio": 0.0352941176,
        "eps": 0.0138,
        "epsdiluted": 0.0138,
        "weightedAverageShsOut": 99472000,
        "weightedAverageShsOutDil": 99472000,
        "link": "",
        "finalLink": ""
    },
    {
        "date": "1985-09-30",
        "symbol": "CLF",
        "reportedCurrency": "USD",
        "cik": "0000764065",
        "fillingDate": "1985-09-30",
        "acceptedDate": "1985-09-29 20:00:00",
        "calendarYear": "1985",
        "period": "Q3",
        "revenue": 82800000,
        "costOfRevenue": 0,
        "grossProfit": 82800000,
        "grossProfitRatio": 1,
        "researchAndDevelopmentExpenses": 0,
        "generalAndAdministrativeExpenses": 0,
        "sellingAndMarketingExpenses": 0,
        "sellingGeneralAndAdministrativeExpenses": 0,
        "otherExpenses": 0,
        "operatingExpenses": 0,
        "costAndExpenses": 0,
        "interestIncome": 0,
        "interestExpense": 0,
        "depreciationAndAmortization": 0,
        "ebitda": 82800000,
        "ebitdaratio": 1,
        "operatingIncome": 82800000,
        "operatingIncomeRatio": 1,
        "totalOtherIncomeExpensesNet": -82800000,
        "incomeBeforeTax": 0,
        "incomeBeforeTaxRatio": 0,
        "incomeTaxExpense": 0,
        "netIncome": 7600000,
        "netIncomeRatio": 0.0917874396,
        "eps": 0.07,
        "epsdiluted": 0.07,
        "weightedAverageShsOut": 99472000,
        "weightedAverageShsOutDil": 99472000,
        "link": "",
        "finalLink": ""
    }
]