[
    {
        "date": "2025-09-30",
        "symbol": "CMA",
        "reportedCurrency": "USD",
        "cik": "0000028412",
        "fillingDate": "2025-10-09",
        "acceptedDate": "2025-10-09 16:34:02",
        "calendarYear": "2025",
        "period": "Q3",
        "revenue": 946000000,
        "costOfRevenue": 0,
        "grossProfit": 0,
        "grossProfitRatio": 0,
        "researchAndDevelopmentExpenses": 0,
        "generalAndAdministrativeExpenses": 0,
        "sellingAndMarketingExpenses": 0,
        "sellingGeneralAndAdministrativeExpenses": 0,
        "otherExpenses": 0,
        "operatingExpenses": 0,
        "costAndExpenses": 0,
        "interestIncome": 0,
        "interestExpense": 372000000,
        "depreciationAndAmortization": 0,
        "ebitda": 227000000,
        "ebitdaratio": 0.2399577167,
        "operatingIncome": 227000000,
        "operatingIncomeRatio": 0.2399577167,
        "totalOtherIncomeExpensesNet": 0,
        "incomeBeforeTax": 227000000,
        "incomeBeforeTaxRatio": 0.2399577167,
        "incomeTaxExpense": 51000000,
        "netIncome": 176000000,
        "netIncomeRatio": 0.1860465116,
        "eps": 1.36,
        "epsdiluted": 1.35,
        "weightedAverageShsOut": 132000000,
        "weightedAverageShsOutDil": 133000000,
        "link": "https://www.sec.gov/Archives/edgar/data/28412/000119312525235932/0001193125-25-235932-index.htm",
        "finalLink": "https://www.sec.gov/Archives/edgar/data/28412/000119312525235932/d86677dex21.htm"
    },
    {
        "date": "2025-06-30",
        "symbol": "CMA",
        "reportedCurrency": "USD",
        "cik": "0000028412",
        "fillingDate": "2025-07-30",
        "acceptedDate": "2025-07-30 16:21:23",
        "calendarYear": "2025",
        "period": "Q2",
        "revenue": 1205000000,
        "costOfRevenue": 400000000,
        "grossProfit": 805000000,
        "grossProfitRatio": 0.6680497925,
        "researchAndDevelopmentExpenses": 0,
        "generalAndAdministrativeExpenses": 369000000,
        "sellingAndMarketingExpenses": 11000000,
        "sellingGeneralAndAdministrativeExpenses": 380000000,
        "otherExpenses": 181000000,
        "operatingExpenses": 561000000,
        "costAndExpenses": 961000000,
        "interestIncome": 931000000,
        "interestExpense": 356000000,
        "depreciationAndAmortization": 25000000,
        "ebitda": 269000000,
        "ebitdaratio": 0.2232365145,
        "operatingIncome": 244000000,
        "operatingIncomeRatio": 0.2024896266,
        "totalOtherIncomeExpensesNet": 0,
        "incomeBeforeTax": 244000000,
        "incomeBeforeTaxRatio": 0.2024896266,
        "incomeTaxExpense": 45000000,
        "netIncome": 199000000,
        "netIncomeRatio": 0.1651452282,
        "eps": 1.43,
        "epsdiluted": 1.42,
        "weightedAverageShsOut": 132000000,
        "weightedAverageShsOutDil": 133000000,
        "link": "https://www.sec.gov/Archives/edgar/data/28412/000002841225000197/0000028412-25-000197-index.htm",
        "finalLink": "https://www.sec.gov/Archives/edgar/data/28412/000002841225000197/cma-20250630.htm"
    },
    {
        "date": "2025-03-31",
        "symbol": "CMA",
        "reportedCurrency": "USD",
        "cik": "0000028412",
        "fillingDate": "2025-04-30",
        "acceptedDate": "2025-04-30 16:21:56",
        "calendarYear": "2025",
        "period": "Q1",
        "revenue": 1178000000,
        "costOfRevenue": 369000000,
        "grossProfit": 809000000,
        "grossProfitRatio": 0.6867572156,
        "researchAndDevelopmentExpenses": 0,
        "generalAndAdministrativeExpenses": 382000000,
        "sellingAndMarketingExpenses": 8000000,
        "sellingGeneralAndAdministrativeExpenses": 390000000,
        "otherExpenses": 194000000,
        "operatingExpenses": 584000000,
        "costAndExpenses": 953000000,
        "interestIncome": 924000000,
        "interestExpense": 349000000,
        "depreciationAndAmortization": 25000000,
        "ebitda": 250000000,
        "ebitdaratio": 0.2122241087,
        "operatingIncome": 225000000,
        "operatingIncomeRatio": 0.1910016978,
        "totalOtherIncomeExpensesNet": 0,
        "incomeBeforeTax": 225000000,
        "incomeBeforeTaxRatio": 0.1910016978,
        "incomeTaxExpense": 53000000,
        "netIncome": 172000000,
        "netIncomeRatio": 0.1460101868,
        "eps": 1.25,
        "epsdiluted": 1.25,
        "weightedAverageShsOut": 132000000,
        "weightedAverageShsOutDil": 133000000,
        "link": "https://www.sec.gov/Archives/edgar/data/28412/000002841225000154/0000028412-25-000154-index.htm",
        "finalLink": "https://www.sec.gov/Archives/edgar/data/28412/000002841225000154/cma-20250331.htm"
    },
    {
        "date": "2024-12-31",
        "symbol": "CMA",
        "reportedCurrency": "USD",
        "cik": "0000028412",
        "fillingDate": "2025-02-24",
        "acceptedDate": "2025-02-24 16:28:52",
        "calendarYear": "2024",
        "period": "Q4",
        "revenue": 1217000000,
        "costOfRevenue": 413000000,
        "grossProfit": 804000000,
        "grossProfitRatio": 0.6606409203,
        "researchAndDevelopmentExpenses": 0,
        "generalAndAdministrativeExpenses": 343000000,
        "sellingAndMarketingExpenses": 11000000,
        "sellingGeneralAndAdministrativeExpenses": 354000000,
        "otherExpenses": 233000000,
        "operatingExpenses": 587000000,
        "costAndExpenses": 1000000000,
        "interestIncome": 967000000,
        "interestExpense": 392000000,
        "depreciationAndAmortization": 26000000,
        "ebitda": 243000000,
        "ebitdaratio": 0.1996713229,
        "operatingIncome": 217000000,
        "operatingIncomeRatio": 0.1783073131,
        "totalOtherIncomeExpensesNet": 0,
        "incomeBeforeTax": 217000000,
        "incomeBeforeTaxRatio": 0.1783073131,
        "incomeTaxExpense": 47000000,
        "netIncome": 170000000,
        "netIncomeRatio": 0.1396877568,
        "eps": 1.23,
        "epsdiluted": 1.22,
        "weightedAverageShsOut": 131409000,
        "weightedAverageShsOutDil": 134000000,
        "link": "https://www.sec.gov/Archives/edgar/data/28412/000002841225000108/0000028412-25-000108-index.htm",
        "finalLink": "https://www.sec.gov/Archives/edgar/data/28412/000002841225000108/cma-20241231.htm"
    },
    {
        "date": "2024-09-30",
        "symbol": "CMA",
        "reportedCurrency": "USD",
        "cik": "0000028412",
        "fillingDate": "2024-10-28",
        "acceptedDate": "2024-10-28 16:37:01",
        "calendarYear": "2024",
        "period": "Q3",
        "revenue": 1259000000,
        "costOfRevenue": 462000000,
        "grossProfit": 797000000,
        "grossProfitRatio": 0.6330420969,
        "researchAndDevelopmentExpenses": 0,
        "generalAndAdministrativeExpenses": 346000000,
        "sellingAndMarketingExpenses": 10000000,
        "sellingGeneralAndAdministrativeExpenses": 356000000,
        "otherExpenses": 206000000,
        "operatingExpenses": 562000000,
        "costAndExpenses": 1024000000,
        "interestIncome": 982000000,
        "interestExpense": 448000000,
        "depreciationAndAmortization": 23000000,
        "ebitda": 258000000,
        "ebitdaratio": 0.2049245433,
        "operatingIncome": 235000000,
        "operatingIncomeRatio": 0.1866560763,
        "totalOtherIncomeExpensesNet": 0,
        "incomeBeforeTax": 235000000,
        "incomeBeforeTaxRatio": 0.1866560763,
        "incomeTaxExpense": 51000000,
        "netIncome": 184000000,
        "netIncomeRatio": 0.1461477363,
        "eps": 1.33,
        "epsdiluted": 1.33,
        "weightedAverageShsOut": 133000000,
        "weightedAverageShsOutDil": 134000000,
        "link": "https://www.sec.gov/Archives/edgar/data/28412/000002841224000349/0000028412-24-000349-index.htm",
        "finalLink": "https://www.sec.gov/Archives/edgar/data/28412/000002841224000349/cma-20240930.htm"
    },
    {
        "date": "2024-06-30",
        "symbol": "CMA",
        "reportedCurrency": "USD",
        "cik": "0000028412",
        "fillingDate": "2024-07-26",
        "acceptedDate": "2024-07-26 16:19:57",
        "calendarYear": "2024",
        "period": "Q2",
        "revenue": 1262000000,
        "costOfRevenue": 438000000,
        "grossProfit": 824000000,
        "grossProfitRatio": 0.6529318542,
        "researchAndDevelopmentExpenses": 0,
        "generalAndAdministrativeExpenses": 342000000,
        "sellingAndMarketingExpenses": 12000000,
        "sellingGeneralAndAdministrativeExpenses": 354000000,
        "otherExpenses": 201000000,
        "operatingExpenses": 555000000,
        "costAndExpenses": 993000000,
        "interestIncome": 971000000,
        "interestExpense": 438000000,
        "depreciationAndAmortization": 25000000,
        "ebitda": 294000000,
        "ebitdaratio": 0.2329635499,
        "operatingIncome": 269000000,
        "operatingIncomeRatio": 0.2131537242,
        "totalOtherIncomeExpensesNet": 0,
        "incomeBeforeTax": 269000000,
        "incomeBeforeTaxRatio": 0.2131537242,
        "incomeTaxExpense": 63000000,
        "netIncome": 206000000,
        "netIncomeRatio": 0.1632329635,
        "eps": 1.5,
        "epsdiluted": 1.49,
        "weightedAverageShsOut": 133000000,
        "weightedAverageShsOutDil": 134000000,
        "link": "https://www.sec.gov/Archives/edgar/data/28412/000002841224000306/0000028412-24-000306-index.htm",
        "finalLink": "https://www.sec.gov/Archives/edgar/data/28412/000002841224000306/cma-20240630.htm"
    },
    {
        "date": "2024-03-31",
        "symbol": "CMA",
        "reportedCurrency": "USD",
        "cik": "0000028412",
        "fillingDate": "2024-04-26",
        "acceptedDate": "2024-04-26 16:34:58",
        "calendarYear": "2024",
        "period": "Q1",
        "revenue": 1255000000,
        "costOfRevenue": 485000000,
        "grossProfit": 770000000,
        "grossProfitRatio": 0.6135458167,
        "researchAndDevelopmentExpenses": 0,
        "generalAndAdministrativeExpenses": 368000000,
        "sellingAndMarketingExpenses": 8000000,
        "sellingGeneralAndAdministrativeExpenses": 376000000,
        "otherExpenses": 227000000,
        "operatingExpenses": 603000000,
        "costAndExpenses": 1088000000,
        "interestIncome": 1019000000,
        "interestExpense": 471000000,
        "depreciationAndAmortization": 22000000,
        "ebitda": 189000000,
        "ebitdaratio": 0.1505976096,
        "operatingIncome": 167000000,
        "operatingIncomeRatio": 0.1330677291,
        "totalOtherIncomeExpensesNet": 0,
        "incomeBeforeTax": 167000000,
        "incomeBeforeTaxRatio": 0.1330677291,
        "incomeTaxExpense": 29000000,
        "netIncome": 138000000,
        "netIncomeRatio": 0.1099601594,
        "eps": 0.99,
        "epsdiluted": 0.99,
        "weightedAverageShsOut": 132000000,
        "weightedAverageShsOutDil": 133000000,
        "link": "https://www.sec.gov/Archives/edgar/data/28412/000002841224000263/0000028412-24-000263-index.htm",
        "finalLink": "https://www.sec.gov/Archives/edgar/data/28412/000002841224000263/cma-20240331.htm"
    },
    {
        "date": "2023-12-31",
        "symbol": "CMA",
        "reportedCurrency": "USD",
        "cik": "0000028412",
        "fillingDate": "2023-12-31",
        "acceptedDate": "2023-12-30 19:00:00",
        "calendarYear": "2023",
        "period": "Q4",
        "revenue": 1247000000,
        "costOfRevenue": 477000000,
        "grossProfit": 770000000,
        "grossProfitRatio": 0.6174819567,
        "researchAndDevelopmentExpenses": 0,
        "generalAndAdministrativeExpenses": 382000000,
        "sellingAndMarketingExpenses": 10000000,
        "sellingGeneralAndAdministrativeExpenses": 392000000,
        "otherExpenses": 326000000,
        "operatingExpenses": 718000000,
        "costAndExpenses": 1195000000,
        "interestIncome": 1049000000,
        "interestExpense": 465000000,
        "depreciationAndAmortization": 23000000,
        "ebitda": 75000000,
        "ebitdaratio": 0.0601443464,
        "operatingIncome": 52000000,
        "operatingIncomeRatio": 0.0417000802,
        "totalOtherIncomeExpensesNet": 0,
        "incomeBeforeTax": 52000000,
        "incomeBeforeTaxRatio": 0.0417000802,
        "incomeTaxExpense": 19000000,
        "netIncome": 33000000,
        "netIncomeRatio": 0.0264635124,
        "eps": 0.2,
        "epsdiluted": 0.2,
        "weightedAverageShsOut": 131898000,
        "weightedAverageShsOutDil": 132756000,
        "link": null,
        "finalLink": null
    },
    {
        "date": "2023-09-30",
        "symbol": "CMA",
        "reportedCurrency": "USD",
        "cik": "0000028412",
        "fillingDate": "2023-10-30",
        "acceptedDate": "2023-10-30 16:41:47",
        "calendarYear": "2023",
        "period": "Q3",
        "revenue": 1398000000,
        "costOfRevenue": 516000000,
        "grossProfit": 882000000,
        "grossProfitRatio": 0.6309012876,
        "researchAndDevelopmentExpenses": 0,
        "generalAndAdministrativeExpenses": 334000000,
        "sellingAndMarketingExpenses": 12000000,
        "sellingGeneralAndAdministrativeExpenses": 346000000,
        "otherExpenses": 209000000,
        "operatingExpenses": 555000000,
        "costAndExpenses": 1071000000,
        "interestIncome": 1103000000,
        "interestExpense": 502000000,
        "depreciationAndAmortization": 22000000,
        "ebitda": 349000000,
        "ebitdaratio": 0.2496423462,
        "operatingIncome": 327000000,
        "operatingIncomeRatio": 0.2339055794,
        "totalOtherIncomeExpensesNet": 0,
        "incomeBeforeTax": 327000000,
        "incomeBeforeTaxRatio": 0.2339055794,
        "incomeTaxExpense": 76000000,
        "netIncome": 251000000,
        "netIncomeRatio": 0.1795422031,
        "eps": 1.85,
        "epsdiluted": 1.84,
        "weightedAverageShsOut": 132000000,
        "weightedAverageShsOutDil": 133000000,
        "link": "https://www.sec.gov/Archives/edgar/data/28412/000002841223000238/0000028412-23-000238-index.htm",
        "finalLink": "https://www.sec.gov/Archives/edgar/data/28412/000002841223000238/cma-20230930.htm"
    },
    {
        "date": "2023-06-30",
        "symbol": "CMA",
        "reportedCurrency": "USD",
        "cik": "0000028412",
        "fillingDate": "2023-07-26",
        "acceptedDate": "2023-07-26 16:35:29",
        "calendarYear": "2023",
        "period": "Q2",
        "revenue": 1377000000,
        "costOfRevenue": 486000000,
        "grossProfit": 891000000,
        "grossProfitRatio": 0.6470588235,
        "researchAndDevelopmentExpenses": 0,
        "generalAndAdministrativeExpenses": 322000000,
        "sellingAndMarketingExpenses": 10000000,
        "sellingGeneralAndAdministrativeExpenses": 332000000,
        "otherExpenses": 203000000,
        "operatingExpenses": 535000000,
        "costAndExpenses": 1021000000,
        "interestIncome": 1074000000,
        "interestExpense": 453000000,
        "depreciationAndAmortization": 22000000,
        "ebitda": 378000000,
        "ebitdaratio": 0.2745098039,
        "operatingIncome": 356000000,
        "operatingIncomeRatio": 0.2585330428,
        "totalOtherIncomeExpensesNet": 0,
        "incomeBeforeTax": 356000000,
        "incomeBeforeTaxRatio": 0.2585330428,
        "incomeTaxExpense": 83000000,
        "netIncome": 273000000,
        "netIncomeRatio": 0.1982570806,
        "eps": 2.02,
        "epsdiluted": 2.02,
        "weightedAverageShsOut": 132000000,
        "weightedAverageShsOutDil": 132000000,
        "link": "https://www.sec.gov/Archives/edgar/data/28412/000002841223000181/0000028412-23-000181-index.htm",
        "finalLink": "https://www.sec.gov/Archives/edgar/data/28412/000002841223000181/cma-20230630.htm"
    },
    {
        "date": "2023-03-31",
        "symbol": "CMA",
        "reportedCurrency": "USD",
        "cik": "0000028412",
        "fillingDate": "2023-04-28",
        "acceptedDate": "2023-04-28 16:19:30",
        "calendarYear": "2023",
        "period": "Q1",
        "revenue": 1231000000,
        "costOfRevenue": 271000000,
        "grossProfit": 960000000,
        "grossProfitRatio": 0.7798537774,
        "researchAndDevelopmentExpenses": 0,
        "generalAndAdministrativeExpenses": 339000000,
        "sellingAndMarketingExpenses": 8000000,
        "sellingGeneralAndAdministrativeExpenses": 347000000,
        "otherExpenses": 204000000,
        "operatingExpenses": 551000000,
        "costAndExpenses": 822000000,
        "interestIncome": 949000000,
        "interestExpense": 241000000,
        "depreciationAndAmortization": 20000000,
        "ebitda": 429000000,
        "ebitdaratio": 0.3484971568,
        "operatingIncome": 409000000,
        "operatingIncomeRatio": 0.3322502031,
        "totalOtherIncomeExpensesNet": 0,
        "incomeBeforeTax": 409000000,
        "incomeBeforeTaxRatio": 0.3322502031,
        "incomeTaxExpense": 85000000,
        "netIncome": 324000000,
        "netIncomeRatio": 0.2632006499,
        "eps": 2.42,
        "epsdiluted": 2.4,
        "weightedAverageShsOut": 131000000,
        "weightedAverageShsOutDil": 132000000,
        "link": "https://www.sec.gov/Archives/edgar/data/28412/000002841223000163/0000028412-23-000163-index.htm",
        "finalLink": "https://www.sec.gov/Archives/edgar/data/28412/000002841223000163/cma-20230331.htm"
    },
    {
        "date": "2022-12-31",
        "symbol": "CMA",
        "reportedCurrency": "USD",
        "cik": "0000028412",
        "fillingDate": "2023-02-14",
        "acceptedDate": "2023-02-14 17:05:36",
        "calendarYear": "2022",
        "period": "Q4",
        "revenue": 1154000000,
        "costOfRevenue": 167000000,
        "grossProfit": 987000000,
        "grossProfitRatio": 0.8552859619,
        "researchAndDevelopmentExpenses": 0,
        "generalAndAdministrativeExpenses": 325000000,
        "sellingAndMarketingExpenses": 14000000,
        "sellingGeneralAndAdministrativeExpenses": 339000000,
        "otherExpenses": 202000000,
        "operatingExpenses": 541000000,
        "costAndExpenses": 708000000,
        "interestIncome": 876000000,
        "interestExpense": 134000000,
        "depreciationAndAmortization": 21000000,
        "ebitda": 467000000,
        "ebitdaratio": 0.4046793761,
        "operatingIncome": 446000000,
        "operatingIncomeRatio": 0.3864818024,
        "totalOtherIncomeExpensesNet": 0,
        "incomeBeforeTax": 446000000,
        "incomeBeforeTaxRatio": 0.3864818024,
        "incomeTaxExpense": 96000000,
        "netIncome": 350000000,
        "netIncomeRatio": 0.3032928943,
        "eps": 2.61,
        "epsdiluted": 2.58,
        "weightedAverageShsOut": 130967000,
        "weightedAverageShsOutDil": 132382000,
        "link": "https://www.sec.gov/Archives/edgar/data/28412/000002841223000094/0000028412-23-000094-index.htm",
        "finalLink": "https://www.sec.gov/Archives/edgar/data/28412/000002841223000094/cma-20221231.htm"
    },
    {
        "date": "2022-09-30",
        "symbol": "CMA",
        "reportedCurrency": "USD",
        "cik": "0000028412",
        "fillingDate": "2022-10-28",
        "acceptedDate": "2022-10-28 16:22:01",
        "calendarYear": "2022",
        "period": "Q3",
        "revenue": 1028000000,
        "costOfRevenue": 71000000,
        "grossProfit": 957000000,
        "grossProfitRatio": 0.9309338521,
        "researchAndDevelopmentExpenses": 0,
        "generalAndAdministrativeExpenses": 315000000,
        "sellingAndMarketingExpenses": 9000000,
        "sellingGeneralAndAdministrativeExpenses": 324000000,
        "otherExpenses": 178000000,
        "operatingExpenses": 502000000,
        "costAndExpenses": 573000000,
        "interestIncome": 750000000,
        "interestExpense": 43000000,
        "depreciationAndAmortization": 25000000,
        "ebitda": 480000000,
        "ebitdaratio": 0.46692607,
        "operatingIncome": 455000000,
        "operatingIncomeRatio": 0.4426070039,
        "totalOtherIncomeExpensesNet": 0,
        "incomeBeforeTax": 455000000,
        "incomeBeforeTaxRatio": 0.4426070039,
        "incomeTaxExpense": 104000000,
        "netIncome": 351000000,
        "netIncomeRatio": 0.3414396887,
        "eps": 2.63,
        "epsdiluted": 2.6,
        "weightedAverageShsOut": 131000000,
        "weightedAverageShsOutDil": 132000000,
        "link": "https://www.sec.gov/Archives/edgar/data/28412/000002841222000163/0000028412-22-000163-index.htm",
        "finalLink": "https://www.sec.gov/Archives/edgar/data/28412/000002841222000163/cma-20220930.htm"
    },
    {
        "date": "2022-06-30",
        "symbol": "CMA",
        "reportedCurrency": "USD",
        "cik": "0000028412",
        "fillingDate": "2022-07-28",
        "acceptedDate": "2022-07-28 16:27:47",
        "calendarYear": "2022",
        "period": "Q2",
        "revenue": 845000000,
        "costOfRevenue": 26000000,
        "grossProfit": 819000000,
        "grossProfitRatio": 0.9692307692,
        "researchAndDevelopmentExpenses": 0,
        "generalAndAdministrativeExpenses": 302000000,
        "sellingAndMarketingExpenses": 8000000,
        "sellingGeneralAndAdministrativeExpenses": 310000000,
        "otherExpenses": 172000000,
        "operatingExpenses": 482000000,
        "costAndExpenses": 508000000,
        "interestIncome": 577000000,
        "interestExpense": 16000000,
        "depreciationAndAmortization": 23000000,
        "ebitda": 360000000,
        "ebitdaratio": 0.426035503,
        "operatingIncome": 337000000,
        "operatingIncomeRatio": 0.398816568,
        "totalOtherIncomeExpensesNet": 0,
        "incomeBeforeTax": 337000000,
        "incomeBeforeTaxRatio": 0.398816568,
        "incomeTaxExpense": 76000000,
        "netIncome": 261000000,
        "netIncomeRatio": 0.3088757396,
        "eps": 1.94,
        "epsdiluted": 1.92,
        "weightedAverageShsOut": 131000000,
        "weightedAverageShsOutDil": 132000000,
        "link": "https://www.sec.gov/Archives/edgar/data/28412/000002841222000127/0000028412-22-000127-index.htm",
        "finalLink": "https://www.sec.gov/Archives/edgar/data/28412/000002841222000127/cma-20220630.htm"
    },
    {
        "date": "2022-03-31",
        "symbol": "CMA",
        "reportedCurrency": "USD",
        "cik": "0000028412",
        "fillingDate": "2022-04-27",
        "acceptedDate": "2022-04-27 16:36:03",
        "calendarYear": "2022",
        "period": "Q1",
        "revenue": 713000000,
        "costOfRevenue": 2000000,
        "grossProfit": 711000000,
        "grossProfitRatio": 0.9971949509,
        "researchAndDevelopmentExpenses": 0,
        "generalAndAdministrativeExpenses": 297000000,
        "sellingAndMarketingExpenses": 7000000,
        "sellingGeneralAndAdministrativeExpenses": 304000000,
        "otherExpenses": 169000000,
        "operatingExpenses": 473000000,
        "costAndExpenses": 475000000,
        "interestIncome": 469000000,
        "interestExpense": 13000000,
        "depreciationAndAmortization": 23000000,
        "ebitda": 261000000,
        "ebitdaratio": 0.366058906,
        "operatingIncome": 238000000,
        "operatingIncomeRatio": 0.3338008415,
        "totalOtherIncomeExpensesNet": 0,
        "incomeBeforeTax": 238000000,
        "incomeBeforeTaxRatio": 0.3338008415,
        "incomeTaxExpense": 49000000,
        "netIncome": 189000000,
        "netIncomeRatio": 0.2650771388,
        "eps": 1.39,
        "epsdiluted": 1.37,
        "weightedAverageShsOut": 131000000,
        "weightedAverageShsOutDil": 133000000,
        "link": "https://www.sec.gov/Archives/edgar/data/28412/000002841222000096/0000028412-22-000096-index.htm",
        "finalLink": "https://www.sec.gov/Archives/edgar/data/28412/000002841222000096/cma-20220331.htm"
    },
    {
        "date": "2021-12-31",
        "symbol": "CMA",
        "reportedCurrency": "USD",
        "cik": "0000028412",
        "fillingDate": "2022-02-16",
        "acceptedDate": "2022-02-16 16:52:55",
        "calendarYear": "2021",
        "period": "Q4",
        "revenue": 763000000,
        "costOfRevenue": -12000000,
        "grossProfit": 775000000,
        "grossProfitRatio": 1.0157273919,
        "researchAndDevelopmentExpenses": 0,
        "generalAndAdministrativeExpenses": 297000000,
        "sellingAndMarketingExpenses": 10000000,
        "sellingGeneralAndAdministrativeExpenses": 307000000,
        "otherExpenses": 179000000,
        "operatingExpenses": 486000000,
        "costAndExpenses": 474000000,
        "interestIncome": 474000000,
        "interestExpense": 13000000,
        "depreciationAndAmortization": 23000000,
        "ebitda": 312000000,
        "ebitdaratio": 0.4089121887,
        "operatingIncome": 289000000,
        "operatingIncomeRatio": 0.378768021,
        "totalOtherIncomeExpensesNet": 0,
        "incomeBeforeTax": 289000000,
        "incomeBeforeTaxRatio": 0.378768021,
        "incomeTaxExpense": 61000000,
        "netIncome": 228000000,
        "netIncomeRatio": 0.2988204456,
        "eps": 1.69,
        "epsdiluted": 1.66,
        "weightedAverageShsOut": 130688000,
        "weightedAverageShsOutDil": 134000000,
        "link": "https://www.sec.gov/Archives/edgar/data/28412/000002841222000067/0000028412-22-000067-index.htm",
        "finalLink": "https://www.sec.gov/Archives/edgar/data/28412/000002841222000067/cma-20211231.htm"
    },
    {
        "date": "2021-09-30",
        "symbol": "CMA",
        "reportedCurrency": "USD",
        "cik": "0000028412",
        "fillingDate": "2021-10-29",
        "acceptedDate": "2021-10-29 16:50:17",
        "calendarYear": "2021",
        "period": "Q3",
        "revenue": 769000000,
        "costOfRevenue": -28000000,
        "grossProfit": 797000000,
        "grossProfitRatio": 1.0364109233,
        "researchAndDevelopmentExpenses": 0,
        "generalAndAdministrativeExpenses": 286000000,
        "sellingAndMarketingExpenses": 10000000,
        "sellingGeneralAndAdministrativeExpenses": 296000000,
        "otherExpenses": 169000000,
        "operatingExpenses": 465000000,
        "costAndExpenses": 437000000,
        "interestIncome": 489000000,
        "interestExpense": 14000000,
        "depreciationAndAmortization": 25000000,
        "ebitda": 357000000,
        "ebitdaratio": 0.4642392718,
        "operatingIncome": 332000000,
        "operatingIncomeRatio": 0.4317295189,
        "totalOtherIncomeExpensesNet": 0,
        "incomeBeforeTax": 332000000,
        "incomeBeforeTaxRatio": 0.4317295189,
        "incomeTaxExpense": 70000000,
        "netIncome": 262000000,
        "netIncomeRatio": 0.3407022107,
        "eps": 1.92,
        "epsdiluted": 1.9,
        "weightedAverageShsOut": 137895000,
        "weightedAverageShsOutDil": 134000000,
        "link": "https://www.sec.gov/Archives/edgar/data/28412/000002841221000177/0000028412-21-000177-index.htm",
        "finalLink": "https://www.sec.gov/Archives/edgar/data/28412/000002841221000177/cma-20210930.htm"
    },
    {
        "date": "2021-06-30",
        "symbol": "CMA",
        "reportedCurrency": "USD",
        "cik": "0000028412",
        "fillingDate": "2021-07-29",
        "acceptedDate": "2021-07-29 16:55:37",
        "calendarYear": "2021",
        "period": "Q2",
        "revenue": 763000000,
        "costOfRevenue": -121000000,
        "grossProfit": 884000000,
        "grossProfitRatio": 1.1585845347,
        "researchAndDevelopmentExpenses": 0,
        "generalAndAdministrativeExpenses": 284000000,
        "sellingAndMarketingExpenses": 9000000,
        "sellingGeneralAndAdministrativeExpenses": 293000000,
        "otherExpenses": 170000000,
        "operatingExpenses": 463000000,
        "costAndExpenses": 342000000,
        "interestIncome": 479000000,
        "interestExpense": 14000000,
        "depreciationAndAmortization": 26000000,
        "ebitda": 447000000,
        "ebitdaratio": 0.5858453473,
        "operatingIncome": 421000000,
        "operatingIncomeRatio": 0.5517693316,
        "totalOtherIncomeExpensesNet": 0,
        "incomeBeforeTax": 421000000,
        "incomeBeforeTaxRatio": 0.5517693316,
        "incomeTaxExpense": 93000000,
        "netIncome": 328000000,
        "netIncomeRatio": 0.4298820446,
        "eps": 2.35,
        "epsdiluted": 2.32,
        "weightedAverageShsOut": 141379000,
        "weightedAverageShsOutDil": 138000000,
        "link": "https://www.sec.gov/Archives/edgar/data/28412/000002841221000140/0000028412-21-000140-index.htm",
        "finalLink": "https://www.sec.gov/Archives/edgar/data/28412/000002841221000140/cma-20210630.htm"
    },
    {
        "date": "2021-03-31",
        "symbol": "CMA",
        "reportedCurrency": "USD",
        "cik": "0000028412",
        "fillingDate": "2021-04-28",
        "acceptedDate": "2021-04-28 16:51:11",
        "calendarYear": "2021",
        "period": "Q1",
        "revenue": 729000000,
        "costOfRevenue": -166000000,
        "grossProfit": 895000000,
        "grossProfitRatio": 1.2277091907,
        "researchAndDevelopmentExpenses": 0,
        "generalAndAdministrativeExpenses": 288000000,
        "sellingAndMarketingExpenses": 6000000,
        "sellingGeneralAndAdministrativeExpenses": 294000000,
        "otherExpenses": 153000000,
        "operatingExpenses": 447000000,
        "costAndExpenses": 281000000,
        "interestIncome": 459000000,
        "interestExpense": 16000000,
        "depreciationAndAmortization": 25000000,
        "ebitda": 473000000,
        "ebitdaratio": 0.6488340192,
        "operatingIncome": 448000000,
        "operatingIncomeRatio": 0.6145404664,
        "totalOtherIncomeExpensesNet": 0,
        "incomeBeforeTax": 448000000,
        "incomeBeforeTaxRatio": 0.6145404664,
        "incomeTaxExpense": 98000000,
        "netIncome": 350000000,
        "netIncomeRatio": 0.4801097394,
        "eps": 2.46,
        "epsdiluted": 2.43,
        "weightedAverageShsOut": 140000000,
        "weightedAverageShsOutDil": 141000000,
        "link": "https://www.sec.gov/Archives/edgar/data/28412/000002841221000100/0000028412-21-000100-index.htm",
        "finalLink": "https://www.sec.gov/Archives/edgar/data/28412/000002841221000100/cma-20210331.htm"
    },
    {
        "date": "2020-12-31",
        "symbol": "CMA",
        "reportedCurrency": "USD",
        "cik": "0000028412",
        "fillingDate": "2021-02-09",
        "acceptedDate": "2021-02-09 17:04:08",
        "calendarYear": "2020",
        "period": "Q4",
        "revenue": 754000000,
        "costOfRevenue": 3000000,
        "grossProfit": 751000000,
        "grossProfitRatio": 0.9960212202,
        "researchAndDevelopmentExpenses": 0,
        "generalAndAdministrativeExpenses": 280000000,
        "sellingAndMarketingExpenses": 11000000,
        "sellingGeneralAndAdministrativeExpenses": 291000000,
        "otherExpenses": 182000000,
        "operatingExpenses": 473000000,
        "costAndExpenses": 476000000,
        "interestIncome": 489000000,
        "interestExpense": 20000000,
        "depreciationAndAmortization": 26000000,
        "ebitda": 304000000,
        "ebitdaratio": 0.4031830239,
        "operatingIncome": 278000000,
        "operatingIncomeRatio": 0.3687002653,
        "totalOtherIncomeExpensesNet": 0,
        "incomeBeforeTax": 278000000,
        "incomeBeforeTaxRatio": 0.3687002653,
        "incomeTaxExpense": 63000000,
        "netIncome": 215000000,
        "netIncomeRatio": 0.2851458886,
        "eps": 1.5,
        "epsdiluted": 1.49,
        "weightedAverageShsOut": 139000000,
        "weightedAverageShsOutDil": 140000000,
        "link": "https://www.sec.gov/Archives/edgar/data/28412/000002841221000054/0000028412-21-000054-index.htm",
        "finalLink": "https://www.sec.gov/Archives/edgar/data/28412/000002841221000054/cma-20201231.htm"
    },
    {
        "date": "2020-09-30",
        "symbol": "CMA",
        "reportedCurrency": "USD",
        "cik": "0000028412",
        "fillingDate": "2020-10-30",
        "acceptedDate": "2020-10-30 16:56:17",
        "calendarYear": "2020",
        "period": "Q3",
        "revenue": 736000000,
        "costOfRevenue": 31000000,
        "grossProfit": 705000000,
        "grossProfitRatio": 0.9578804348,
        "researchAndDevelopmentExpenses": 0,
        "generalAndAdministrativeExpenses": 265000000,
        "sellingAndMarketingExpenses": 9000000,
        "sellingGeneralAndAdministrativeExpenses": 274000000,
        "otherExpenses": 164000000,
        "operatingExpenses": 438000000,
        "costAndExpenses": 469000000,
        "interestIncome": 484000000,
        "interestExpense": 26000000,
        "depreciationAndAmortization": 27000000,
        "ebitda": 294000000,
        "ebitdaratio": 0.3994565217,
        "operatingIncome": 267000000,
        "operatingIncomeRatio": 0.3627717391,
        "totalOtherIncomeExpensesNet": 0,
        "incomeBeforeTax": 267000000,
        "incomeBeforeTaxRatio": 0.3627717391,
        "incomeTaxExpense": 50000000,
        "netIncome": 217000000,
        "netIncomeRatio": 0.2948369565,
        "eps": 1.45,
        "epsdiluted": 1.51,
        "weightedAverageShsOut": 139000000,
        "weightedAverageShsOutDil": 140000000,
        "link": "https://www.sec.gov/Archives/edgar/data/28412/000002841220000105/0000028412-20-000105-index.htm",
        "finalLink": "https://www.sec.gov/Archives/edgar/data/28412/000002841220000105/cma-20200930.htm"
    },
    {
        "date": "2020-06-30",
        "symbol": "CMA",
        "reportedCurrency": "USD",
        "cik": "0000028412",
        "fillingDate": "2020-07-31",
        "acceptedDate": "2020-07-30 19:53:09",
        "calendarYear": "2020",
        "period": "Q2",
        "revenue": 758000000,
        "costOfRevenue": 178000000,
        "grossProfit": 580000000,
        "grossProfitRatio": 0.765171504,
        "researchAndDevelopmentExpenses": 0,
        "generalAndAdministrativeExpenses": 257000000,
        "sellingAndMarketingExpenses": 8000000,
        "sellingGeneralAndAdministrativeExpenses": 265000000,
        "otherExpenses": 169000000,
        "operatingExpenses": 434000000,
        "costAndExpenses": 612000000,
        "interestIncome": 511000000,
        "interestExpense": 40000000,
        "depreciationAndAmortization": 29000000,
        "ebitda": 175000000,
        "ebitdaratio": 0.2308707124,
        "operatingIncome": 146000000,
        "operatingIncomeRatio": 0.1926121372,
        "totalOtherIncomeExpensesNet": 0,
        "incomeBeforeTax": 146000000,
        "incomeBeforeTaxRatio": 0.1926121372,
        "incomeTaxExpense": 28000000,
        "netIncome": 118000000,
        "netIncomeRatio": 0.1556728232,
        "eps": 0.81,
        "epsdiluted": 0.8,
        "weightedAverageShsOut": 139000000,
        "weightedAverageShsOutDil": 139000000,
        "link": "https://www.sec.gov/Archives/edgar/data/28412/000002841220000088/0000028412-20-000088-index.htm",
        "finalLink": "https://www.sec.gov/Archives/edgar/data/28412/000002841220000088/cma-20200630.htm"
    },
    {
        "date": "2020-03-31",
        "symbol": "CMA",
        "reportedCurrency": "USD",
        "cik": "0000028412",
        "fillingDate": "2020-04-29",
        "acceptedDate": "2020-04-29 16:58:36",
        "calendarYear": "2020",
        "period": "Q1",
        "revenue": 846000000,
        "costOfRevenue": 507000000,
        "grossProfit": 339000000,
        "grossProfitRatio": 0.4007092199,
        "researchAndDevelopmentExpenses": 0,
        "generalAndAdministrativeExpenses": 250000000,
        "sellingAndMarketingExpenses": 7000000,
        "sellingGeneralAndAdministrativeExpenses": 257000000,
        "otherExpenses": 160000000,
        "operatingExpenses": 417000000,
        "costAndExpenses": 924000000,
        "interestIncome": 609000000,
        "interestExpense": 96000000,
        "depreciationAndAmortization": 26000000,
        "ebitda": -52000000,
        "ebitdaratio": -0.061465721,
        "operatingIncome": -78000000,
        "operatingIncomeRatio": -0.0921985816,
        "totalOtherIncomeExpensesNet": 0,
        "incomeBeforeTax": -78000000,
        "incomeBeforeTaxRatio": -0.0921985816,
        "incomeTaxExpense": -19000000,
        "netIncome": -59000000,
        "netIncomeRatio": -0.0697399527,
        "eps": -0.46,
        "epsdiluted": -0.46,
        "weightedAverageShsOut": 140476000,
        "weightedAverageShsOutDil": 141000000,
        "link": "https://www.sec.gov/Archives/edgar/data/28412/000002841220000068/0000028412-20-000068-index.htm",
        "finalLink": "https://www.sec.gov/Archives/edgar/data/28412/000002841220000068/a2020q110q.htm"
    },
    {
        "date": "2019-12-31",
        "symbol": "CMA",
        "reportedCurrency": "USD",
        "cik": "0000028412",
        "fillingDate": "2020-02-11",
        "acceptedDate": "2020-02-11 16:37:03",
        "calendarYear": "2019",
        "period": "Q4",
        "revenue": 919000000,
        "costOfRevenue": 123000000,
        "grossProfit": 796000000,
        "grossProfitRatio": 0.8661588683,
        "researchAndDevelopmentExpenses": 0,
        "generalAndAdministrativeExpenses": 263000000,
        "sellingAndMarketingExpenses": 10000000,
        "sellingGeneralAndAdministrativeExpenses": 273000000,
        "otherExpenses": 172000000,
        "operatingExpenses": 445000000,
        "costAndExpenses": 568000000,
        "interestIncome": 659000000,
        "interestExpense": 115000000,
        "depreciationAndAmortization": 30000000,
        "ebitda": 381000000,
        "ebitdaratio": 0.4145810664,
        "operatingIncome": 351000000,
        "operatingIncomeRatio": 0.3819368879,
        "totalOtherIncomeExpensesNet": 0,
        "incomeBeforeTax": 351000000,
        "incomeBeforeTaxRatio": 0.3819368879,
        "incomeTaxExpense": 82000000,
        "netIncome": 269000000,
        "netIncomeRatio": 0.2927094668,
        "eps": 1.87,
        "epsdiluted": 1.87,
        "weightedAverageShsOut": 144000000,
        "weightedAverageShsOutDil": 144000000,
        "link": "https://www.sec.gov/Archives/edgar/data/28412/000002841220000034/0000028412-20-000034-index.htm",
        "finalLink": "https://www.sec.gov/Archives/edgar/data/28412/000002841220000034/a201910k.htm"
    },
    {
        "date": "2019-09-30",
        "symbol": "CMA",
        "reportedCurrency": "USD",
        "cik": "0000028412",
        "fillingDate": "2019-10-30",
        "acceptedDate": "2019-10-30 16:45:46",
        "calendarYear": "2019",
        "period": "Q3",
        "revenue": 967000000,
        "costOfRevenue": 160000000,
        "grossProfit": 807000000,
        "grossProfitRatio": 0.8345398139,
        "researchAndDevelopmentExpenses": 0,
        "generalAndAdministrativeExpenses": 259000000,
        "sellingAndMarketingExpenses": 10000000,
        "sellingGeneralAndAdministrativeExpenses": 269000000,
        "otherExpenses": 166000000,
        "operatingExpenses": 435000000,
        "costAndExpenses": 595000000,
        "interestIncome": 711000000,
        "interestExpense": 125000000,
        "depreciationAndAmortization": 27000000,
        "ebitda": 399000000,
        "ebitdaratio": 0.4126163392,
        "operatingIncome": 372000000,
        "operatingIncomeRatio": 0.3846949328,
        "totalOtherIncomeExpensesNet": 0,
        "incomeBeforeTax": 372000000,
        "incomeBeforeTaxRatio": 0.3846949328,
        "incomeTaxExpense": 80000000,
        "netIncome": 292000000,
        "netIncomeRatio": 0.3019648397,
        "eps": 1.99,
        "epsdiluted": 1.97,
        "weightedAverageShsOut": 147000000,
        "weightedAverageShsOutDil": 148000000,
        "link": "https://www.sec.gov/Archives/edgar/data/28412/000002841219000119/0000028412-19-000119-index.htm",
        "finalLink": "https://www.sec.gov/Archives/edgar/data/28412/000002841219000119/a2019q310q.htm"
    },
    {
        "date": "2019-06-30",
        "symbol": "CMA",
        "reportedCurrency": "USD",
        "cik": "0000028412",
        "fillingDate": "2019-08-01",
        "acceptedDate": "2019-08-01 16:25:07",
        "calendarYear": "2019",
        "period": "Q2",
        "revenue": 977000000,
        "costOfRevenue": 168000000,
        "grossProfit": 809000000,
        "grossProfitRatio": 0.8280450358,
        "researchAndDevelopmentExpenses": 0,
        "generalAndAdministrativeExpenses": 251000000,
        "sellingAndMarketingExpenses": 9000000,
        "sellingGeneralAndAdministrativeExpenses": 260000000,
        "otherExpenses": 164000000,
        "operatingExpenses": 424000000,
        "costAndExpenses": 592000000,
        "interestIncome": 727000000,
        "interestExpense": 124000000,
        "depreciationAndAmortization": 28000000,
        "ebitda": 413000000,
        "ebitdaratio": 0.4227226203,
        "operatingIncome": 385000000,
        "operatingIncomeRatio": 0.3940634596,
        "totalOtherIncomeExpensesNet": 0,
        "incomeBeforeTax": 385000000,
        "incomeBeforeTaxRatio": 0.3940634596,
        "incomeTaxExpense": 87000000,
        "netIncome": 298000000,
        "netIncomeRatio": 0.3050153531,
        "eps": 1.96,
        "epsdiluted": 1.95,
        "weightedAverageShsOut": 152000000,
        "weightedAverageShsOutDil": 153000000,
        "link": "https://www.sec.gov/Archives/edgar/data/28412/000002841219000102/0000028412-19-000102-index.htm",
        "finalLink": "https://www.sec.gov/Archives/edgar/data/28412/000002841219000102/cma-2019q210q.htm"
    },
    {
        "date": "2019-03-31",
        "symbol": "CMA",
        "reportedCurrency": "USD",
        "cik": "0000028412",
        "fillingDate": "2019-04-29",
        "acceptedDate": "2019-04-29 16:20:13",
        "calendarYear": "2019",
        "period": "Q1",
        "revenue": 948000000,
        "costOfRevenue": 91000000,
        "grossProfit": 857000000,
        "grossProfitRatio": 0.9040084388,
        "researchAndDevelopmentExpenses": 0,
        "generalAndAdministrativeExpenses": 270000000,
        "sellingAndMarketingExpenses": 5000000,
        "sellingGeneralAndAdministrativeExpenses": 275000000,
        "otherExpenses": 158000000,
        "operatingExpenses": 433000000,
        "costAndExpenses": 524000000,
        "interestIncome": 710000000,
        "interestExpense": 104000000,
        "depreciationAndAmortization": 29000000,
        "ebitda": 453000000,
        "ebitdaratio": 0.4778481013,
        "operatingIncome": 424000000,
        "operatingIncomeRatio": 0.447257384,
        "totalOtherIncomeExpensesNet": 0,
        "incomeBeforeTax": 424000000,
        "incomeBeforeTaxRatio": 0.447257384,
        "incomeTaxExpense": 85000000,
        "netIncome": 339000000,
        "netIncomeRatio": 0.3575949367,
        "eps": 2.15,
        "epsdiluted": 2.12,
        "weightedAverageShsOut": 158000000,
        "weightedAverageShsOutDil": 160000000,
        "link": "https://www.sec.gov/Archives/edgar/data/28412/000002841219000072/0000028412-19-000072-index.htm",
        "finalLink": "https://www.sec.gov/Archives/edgar/data/28412/000002841219000072/a2019q110q.htm"
    },
    {
        "date": "2018-12-31",
        "symbol": "CMA",
        "reportedCurrency": "USD",
        "cik": "0000028412",
        "fillingDate": "2019-02-12",
        "acceptedDate": "2019-02-12 17:30:27",
        "calendarYear": "2018",
        "period": "Q4",
        "revenue": 954000000,
        "costOfRevenue": 106000000,
        "grossProfit": 848000000,
        "grossProfitRatio": 0.8888888889,
        "researchAndDevelopmentExpenses": 0,
        "generalAndAdministrativeExpenses": 256000000,
        "sellingAndMarketingExpenses": 8000000,
        "sellingGeneralAndAdministrativeExpenses": 264000000,
        "otherExpenses": 184000000,
        "operatingExpenses": 448000000,
        "costAndExpenses": 554000000,
        "interestIncome": 704000000,
        "interestExpense": 90000000,
        "depreciationAndAmortization": 30000000,
        "ebitda": 430000000,
        "ebitdaratio": 0.4507337526,
        "operatingIncome": 400000000,
        "operatingIncomeRatio": 0.4192872117,
        "totalOtherIncomeExpensesNet": 0,
        "incomeBeforeTax": 400000000,
        "incomeBeforeTaxRatio": 0.4192872117,
        "incomeTaxExpense": 90000000,
        "netIncome": 310000000,
        "netIncomeRatio": 0.3249475891,
        "eps": 1.91,
        "epsdiluted": 1.88,
        "weightedAverageShsOut": 162000000,
        "weightedAverageShsOutDil": 165000000,
        "link": "https://www.sec.gov/Archives/edgar/data/28412/000002841219000047/0000028412-19-000047-index.htm",
        "finalLink": "https://www.sec.gov/Archives/edgar/data/28412/000002841219000047/a201810k.htm"
    },
    {
        "date": "2018-09-30",
        "symbol": "CMA",
        "reportedCurrency": "USD",
        "cik": "0000028412",
        "fillingDate": "2018-10-31",
        "acceptedDate": "2018-10-31 16:54:43",
        "calendarYear": "2018",
        "period": "Q3",
        "revenue": 909000000,
        "costOfRevenue": 76000000,
        "grossProfit": 833000000,
        "grossProfitRatio": 0.9163916392,
        "researchAndDevelopmentExpenses": 0,
        "generalAndAdministrativeExpenses": 265000000,
        "sellingAndMarketingExpenses": 8000000,
        "sellingGeneralAndAdministrativeExpenses": 273000000,
        "otherExpenses": 179000000,
        "operatingExpenses": 452000000,
        "costAndExpenses": 528000000,
        "interestIncome": 675000000,
        "interestExpense": 76000000,
        "depreciationAndAmortization": 30000000,
        "ebitda": 411000000,
        "ebitdaratio": 0.4521452145,
        "operatingIncome": 381000000,
        "operatingIncomeRatio": 0.4191419142,
        "totalOtherIncomeExpensesNet": 0,
        "incomeBeforeTax": 381000000,
        "incomeBeforeTaxRatio": 0.4191419142,
        "incomeTaxExpense": 63000000,
        "netIncome": 318000000,
        "netIncomeRatio": 0.3498349835,
        "eps": 1.9,
        "epsdiluted": 1.87,
        "weightedAverageShsOut": 167000000,
        "weightedAverageShsOutDil": 170000000,
        "link": "https://www.sec.gov/Archives/edgar/data/28412/000002841218000159/0000028412-18-000159-index.htm",
        "finalLink": "https://www.sec.gov/Archives/edgar/data/28412/000002841218000159/cma-2018q310q.htm"
    },
    {
        "date": "2018-06-30",
        "symbol": "CMA",
        "reportedCurrency": "USD",
        "cik": "0000028412",
        "fillingDate": "2018-07-31",
        "acceptedDate": "2018-07-31 17:32:08",
        "calendarYear": "2018",
        "period": "Q2",
        "revenue": 898000000,
        "costOfRevenue": 31000000,
        "grossProfit": 867000000,
        "grossProfitRatio": 0.9654788419,
        "researchAndDevelopmentExpenses": 0,
        "generalAndAdministrativeExpenses": 262000000,
        "sellingAndMarketingExpenses": 8000000,
        "sellingGeneralAndAdministrativeExpenses": 270000000,
        "otherExpenses": 178000000,
        "operatingExpenses": 448000000,
        "costAndExpenses": 479000000,
        "interestIncome": 650000000,
        "interestExpense": 60000000,
        "depreciationAndAmortization": 29000000,
        "ebitda": 448000000,
        "ebitdaratio": 0.4988864143,
        "operatingIncome": 419000000,
        "operatingIncomeRatio": 0.4665924276,
        "totalOtherIncomeExpensesNet": 0,
        "incomeBeforeTax": 419000000,
        "incomeBeforeTaxRatio": 0.4665924276,
        "incomeTaxExpense": 93000000,
        "netIncome": 326000000,
        "netIncomeRatio": 0.3630289532,
        "eps": 1.91,
        "epsdiluted": 1.87,
        "weightedAverageShsOut": 171000000,
        "weightedAverageShsOutDil": 174000000,
        "link": "https://www.sec.gov/Archives/edgar/data/28412/000002841218000146/0000028412-18-000146-index.htm",
        "finalLink": "https://www.sec.gov/Archives/edgar/data/28412/000002841218000146/cma-2018q210q.htm"
    },
    {
        "date": "2018-03-31",
        "symbol": "CMA",
        "reportedCurrency": "USD",
        "cik": "0000028412",
        "fillingDate": "2018-04-30",
        "acceptedDate": "2018-04-30 17:04:11",
        "calendarYear": "2018",
        "period": "Q1",
        "revenue": 834000000,
        "costOfRevenue": 53000000,
        "grossProfit": 781000000,
        "grossProfitRatio": 0.9364508393,
        "researchAndDevelopmentExpenses": 0,
        "generalAndAdministrativeExpenses": 268000000,
        "sellingAndMarketingExpenses": 6000000,
        "sellingGeneralAndAdministrativeExpenses": 274000000,
        "otherExpenses": 172000000,
        "operatingExpenses": 446000000,
        "costAndExpenses": 499000000,
        "interestIncome": 590000000,
        "interestExpense": 41000000,
        "depreciationAndAmortization": 31000000,
        "ebitda": 366000000,
        "ebitdaratio": 0.4388489209,
        "operatingIncome": 335000000,
        "operatingIncomeRatio": 0.4016786571,
        "totalOtherIncomeExpensesNet": 0,
        "incomeBeforeTax": 335000000,
        "incomeBeforeTaxRatio": 0.4016786571,
        "incomeTaxExpense": 54000000,
        "netIncome": 281000000,
        "netIncomeRatio": 0.3369304556,
        "eps": 1.63,
        "epsdiluted": 1.61,
        "weightedAverageShsOut": 172000000,
        "weightedAverageShsOutDil": 175000000,
        "link": "https://www.sec.gov/Archives/edgar/data/28412/000002841218000113/0000028412-18-000113-index.htm",
        "finalLink": "https://www.sec.gov/Archives/edgar/data/28412/000002841218000113/cma-2018q110q.htm"
    },
    {
        "date": "2017-12-31",
        "symbol": "CMA",
        "reportedCurrency": "USD",
        "cik": "0000028412",
        "fillingDate": "2018-02-15",
        "acceptedDate": "2018-02-14 19:07:30",
        "calendarYear": "2017",
        "period": "Q4",
        "revenue": 863000000,
        "costOfRevenue": 50000000,
        "grossProfit": 813000000,
        "grossProfitRatio": 0.9420625724,
        "researchAndDevelopmentExpenses": 0,
        "generalAndAdministrativeExpenses": 248000000,
        "sellingAndMarketingExpenses": 9000000,
        "sellingGeneralAndAdministrativeExpenses": 257000000,
        "otherExpenses": 226000000,
        "operatingExpenses": 483000000,
        "costAndExpenses": 533000000,
        "interestIncome": 578000000,
        "interestExpense": 33000000,
        "depreciationAndAmortization": 30000000,
        "ebitda": 360000000,
        "ebitdaratio": 0.4171494786,
        "operatingIncome": 330000000,
        "operatingIncomeRatio": 0.382387022,
        "totalOtherIncomeExpensesNet": 0,
        "incomeBeforeTax": 330000000,
        "incomeBeforeTaxRatio": 0.382387022,
        "incomeTaxExpense": 218000000,
        "netIncome": 112000000,
        "netIncomeRatio": 0.1297798378,
        "eps": 0.65,
        "epsdiluted": 0.64,
        "weightedAverageShsOut": 171000000,
        "weightedAverageShsOutDil": 175000000,
        "link": "https://www.sec.gov/Archives/edgar/data/28412/000002841218000065/0000028412-18-000065-index.htm",
        "finalLink": "https://www.sec.gov/Archives/edgar/data/28412/000002841218000065/cma-2017form10k.htm"
    },
    {
        "date": "2017-09-30",
        "symbol": "CMA",
        "reportedCurrency": "USD",
        "cik": "0000028412",
        "fillingDate": "2017-10-30",
        "acceptedDate": "2017-10-30 16:50:22",
        "calendarYear": "2017",
        "period": "Q3",
        "revenue": 854000000,
        "costOfRevenue": 57000000,
        "grossProfit": 797000000,
        "grossProfitRatio": 0.9332552693,
        "researchAndDevelopmentExpenses": 0,
        "generalAndAdministrativeExpenses": 250000000,
        "sellingAndMarketingExpenses": 8000000,
        "sellingGeneralAndAdministrativeExpenses": 258000000,
        "otherExpenses": 205000000,
        "operatingExpenses": 463000000,
        "costAndExpenses": 520000000,
        "interestIncome": 579000000,
        "interestExpense": 33000000,
        "depreciationAndAmortization": 31000000,
        "ebitda": 365000000,
        "ebitdaratio": 0.4274004684,
        "operatingIncome": 334000000,
        "operatingIncomeRatio": 0.3911007026,
        "totalOtherIncomeExpensesNet": 0,
        "incomeBeforeTax": 334000000,
        "incomeBeforeTaxRatio": 0.3911007026,
        "incomeTaxExpense": 108000000,
        "netIncome": 226000000,
        "netIncomeRatio": 0.2646370023,
        "eps": 1.3,
        "epsdiluted": 1.28,
        "weightedAverageShsOut": 174000000,
        "weightedAverageShsOutDil": 177000000,
        "link": "https://www.sec.gov/Archives/edgar/data/28412/000002841217000123/0000028412-17-000123-index.htm",
        "finalLink": "https://www.sec.gov/Archives/edgar/data/28412/000002841217000123/cma-2017q310q.htm"
    },
    {
        "date": "2017-06-30",
        "symbol": "CMA",
        "reportedCurrency": "USD",
        "cik": "0000028412",
        "fillingDate": "2017-07-31",
        "acceptedDate": "2017-07-31 16:44:09",
        "calendarYear": "2017",
        "period": "Q2",
        "revenue": 805000000,
        "costOfRevenue": 46000000,
        "grossProfit": 759000000,
        "grossProfitRatio": 0.9428571429,
        "researchAndDevelopmentExpenses": 0,
        "generalAndAdministrativeExpenses": 243000000,
        "sellingAndMarketingExpenses": 7000000,
        "sellingGeneralAndAdministrativeExpenses": 250000000,
        "otherExpenses": 207000000,
        "operatingExpenses": 457000000,
        "costAndExpenses": 503000000,
        "interestIncome": 529000000,
        "interestExpense": 29000000,
        "depreciationAndAmortization": 29000000,
        "ebitda": 331000000,
        "ebitdaratio": 0.4111801242,
        "operatingIncome": 302000000,
        "operatingIncomeRatio": 0.3751552795,
        "totalOtherIncomeExpensesNet": 0,
        "incomeBeforeTax": 302000000,
        "incomeBeforeTaxRatio": 0.3751552795,
        "incomeTaxExpense": 99000000,
        "netIncome": 203000000,
        "netIncomeRatio": 0.252173913,
        "eps": 1.16,
        "epsdiluted": 1.13,
        "weightedAverageShsOut": 175000000,
        "weightedAverageShsOutDil": 179000000,
        "link": "https://www.sec.gov/Archives/edgar/data/28412/000002841217000104/0000028412-17-000104-index.htm",
        "finalLink": "https://www.sec.gov/Archives/edgar/data/28412/000002841217000104/cma-2017q210q.htm"
    },
    {
        "date": "2017-03-31",
        "symbol": "CMA",
        "reportedCurrency": "USD",
        "cik": "0000028412",
        "fillingDate": "2017-04-28",
        "acceptedDate": "2017-04-28 16:46:29",
        "calendarYear": "2017",
        "period": "Q1",
        "revenue": 767000000,
        "costOfRevenue": 42000000,
        "grossProfit": 725000000,
        "grossProfitRatio": 0.9452411995,
        "researchAndDevelopmentExpenses": 0,
        "generalAndAdministrativeExpenses": 258000000,
        "sellingAndMarketingExpenses": 4000000,
        "sellingGeneralAndAdministrativeExpenses": 262000000,
        "otherExpenses": 195000000,
        "operatingExpenses": 457000000,
        "costAndExpenses": 499000000,
        "interestIncome": 496000000,
        "interestExpense": 26000000,
        "depreciationAndAmortization": 31000000,
        "ebitda": 299000000,
        "ebitdaratio": 0.3898305085,
        "operatingIncome": 268000000,
        "operatingIncomeRatio": 0.3494132986,
        "totalOtherIncomeExpensesNet": 0,
        "incomeBeforeTax": 268000000,
        "incomeBeforeTaxRatio": 0.3494132986,
        "incomeTaxExpense": 66000000,
        "netIncome": 202000000,
        "netIncomeRatio": 0.2633637549,
        "eps": 1.15,
        "epsdiluted": 1.12,
        "weightedAverageShsOut": 175000000,
        "weightedAverageShsOutDil": 180000000,
        "link": "https://www.sec.gov/Archives/edgar/data/28412/000002841217000074/0000028412-17-000074-index.htm",
        "finalLink": "https://www.sec.gov/Archives/edgar/data/28412/000002841217000074/cma-2017q110q.htm"
    },
    {
        "date": "2016-12-31",
        "symbol": "CMA",
        "reportedCurrency": "USD",
        "cik": "0000028412",
        "fillingDate": "2017-02-15",
        "acceptedDate": "2017-02-14 18:25:29",
        "calendarYear": "2016",
        "period": "Q4",
        "revenue": 751000000,
        "costOfRevenue": 64000000,
        "grossProfit": 687000000,
        "grossProfitRatio": 0.9147802929,
        "researchAndDevelopmentExpenses": 0,
        "generalAndAdministrativeExpenses": 234000000,
        "sellingAndMarketingExpenses": 6000000,
        "sellingGeneralAndAdministrativeExpenses": 240000000,
        "otherExpenses": 221000000,
        "operatingExpenses": 461000000,
        "costAndExpenses": 525000000,
        "interestIncome": 484000000,
        "interestExpense": 29000000,
        "depreciationAndAmortization": 30000000,
        "ebitda": 256000000,
        "ebitdaratio": 0.3408788282,
        "operatingIncome": 226000000,
        "operatingIncomeRatio": 0.3009320905,
        "totalOtherIncomeExpensesNet": 0,
        "incomeBeforeTax": 226000000,
        "incomeBeforeTaxRatio": 0.3009320905,
        "incomeTaxExpense": 62000000,
        "netIncome": 164000000,
        "netIncomeRatio": 0.2183754993,
        "eps": 0.97,
        "epsdiluted": 0.91,
        "weightedAverageShsOut": 169000000,
        "weightedAverageShsOutDil": 180000000,
        "link": "https://www.sec.gov/Archives/edgar/data/28412/000002841217000048/0000028412-17-000048-index.htm",
        "finalLink": "https://www.sec.gov/Archives/edgar/data/28412/000002841217000048/cma-2016form10k.htm"
    },
    {
        "date": "2016-09-30",
        "symbol": "CMA",
        "reportedCurrency": "USD",
        "cik": "0000028412",
        "fillingDate": "2016-11-01",
        "acceptedDate": "2016-10-31 17:46:28",
        "calendarYear": "2016",
        "period": "Q3",
        "revenue": 752000000,
        "costOfRevenue": 46000000,
        "grossProfit": 706000000,
        "grossProfitRatio": 0.9388297872,
        "researchAndDevelopmentExpenses": 0,
        "generalAndAdministrativeExpenses": 261000000,
        "sellingAndMarketingExpenses": 5000000,
        "sellingGeneralAndAdministrativeExpenses": 266000000,
        "otherExpenses": 227000000,
        "operatingExpenses": 493000000,
        "costAndExpenses": 539000000,
        "interestIncome": 480000000,
        "interestExpense": 30000000,
        "depreciationAndAmortization": 32000000,
        "ebitda": 245000000,
        "ebitdaratio": 0.3257978723,
        "operatingIncome": 213000000,
        "operatingIncomeRatio": 0.2832446809,
        "totalOtherIncomeExpensesNet": 0,
        "incomeBeforeTax": 213000000,
        "incomeBeforeTaxRatio": 0.2832446809,
        "incomeTaxExpense": 64000000,
        "netIncome": 149000000,
        "netIncomeRatio": 0.1981382979,
        "eps": 0.87,
        "epsdiluted": 0.85,
        "weightedAverageShsOut": 171000000,
        "weightedAverageShsOutDil": 176000000,
        "link": "https://www.sec.gov/Archives/edgar/data/28412/000002841216000290/0000028412-16-000290-index.htm",
        "finalLink": "https://www.sec.gov/Archives/edgar/data/28412/000002841216000290/cma-2016q310q.htm"
    },
    {
        "date": "2016-06-30",
        "symbol": "CMA",
        "reportedCurrency": "USD",
        "cik": "0000028412",
        "fillingDate": "2016-08-01",
        "acceptedDate": "2016-08-01 16:29:42",
        "calendarYear": "2016",
        "period": "Q2",
        "revenue": 741000000,
        "costOfRevenue": 77000000,
        "grossProfit": 664000000,
        "grossProfitRatio": 0.8960863698,
        "researchAndDevelopmentExpenses": 0,
        "generalAndAdministrativeExpenses": 261000000,
        "sellingAndMarketingExpenses": 6000000,
        "sellingGeneralAndAdministrativeExpenses": 267000000,
        "otherExpenses": 251000000,
        "operatingExpenses": 518000000,
        "costAndExpenses": 595000000,
        "interestIncome": 473000000,
        "interestExpense": 28000000,
        "depreciationAndAmortization": 29000000,
        "ebitda": 175000000,
        "ebitdaratio": 0.2361673414,
        "operatingIncome": 146000000,
        "operatingIncomeRatio": 0.1970310391,
        "totalOtherIncomeExpensesNet": 0,
        "incomeBeforeTax": 146000000,
        "incomeBeforeTaxRatio": 0.1970310391,
        "incomeTaxExpense": 42000000,
        "netIncome": 104000000,
        "netIncomeRatio": 0.1403508772,
        "eps": 0.6,
        "epsdiluted": 0.59,
        "weightedAverageShsOut": 173000000,
        "weightedAverageShsOutDil": 177000000,
        "link": "https://www.sec.gov/Archives/edgar/data/28412/000002841216000262/0000028412-16-000262-index.htm",
        "finalLink": "https://www.sec.gov/Archives/edgar/data/28412/000002841216000262/cma-2016q210q.htm"
    },
    {
        "date": "2016-03-31",
        "symbol": "CMA",
        "reportedCurrency": "USD",
        "cik": "0000028412",
        "fillingDate": "2016-04-29",
        "acceptedDate": "2016-04-29 16:41:56",
        "calendarYear": "2016",
        "period": "Q1",
        "revenue": 716000000,
        "costOfRevenue": 173000000,
        "grossProfit": 543000000,
        "grossProfitRatio": 0.7583798883,
        "researchAndDevelopmentExpenses": 0,
        "generalAndAdministrativeExpenses": 259000000,
        "sellingAndMarketingExpenses": 4000000,
        "sellingGeneralAndAdministrativeExpenses": 263000000,
        "otherExpenses": 195000000,
        "operatingExpenses": 458000000,
        "costAndExpenses": 631000000,
        "interestIncome": 472000000,
        "interestExpense": 25000000,
        "depreciationAndAmortization": 30000000,
        "ebitda": 115000000,
        "ebitdaratio": 0.1606145251,
        "operatingIncome": 85000000,
        "operatingIncomeRatio": 0.1187150838,
        "totalOtherIncomeExpensesNet": 0,
        "incomeBeforeTax": 85000000,
        "incomeBeforeTaxRatio": 0.1187150838,
        "incomeTaxExpense": 25000000,
        "netIncome": 60000000,
        "netIncomeRatio": 0.0837988827,
        "eps": 0.34,
        "epsdiluted": 0.34,
        "weightedAverageShsOut": 173000000,
        "weightedAverageShsOutDil": 176000000,
        "link": "https://www.sec.gov/Archives/edgar/data/28412/000002841216000221/0000028412-16-000221-index.htm",
        "finalLink": "https://www.sec.gov/Archives/edgar/data/28412/000002841216000221/cma-2016q110q.htm"
    },
    {
        "date": "2015-12-31",
        "symbol": "CMA",
        "reportedCurrency": "USD",
        "cik": "0000028412",
        "fillingDate": "2016-02-26",
        "acceptedDate": "2016-02-26 16:37:09",
        "calendarYear": "2015",
        "period": "Q4",
        "revenue": 728000000,
        "costOfRevenue": 84000000,
        "grossProfit": 644000000,
        "grossProfitRatio": 0.8846153846,
        "researchAndDevelopmentExpenses": 0,
        "generalAndAdministrativeExpenses": 272000000,
        "sellingAndMarketingExpenses": 7000000,
        "sellingGeneralAndAdministrativeExpenses": 279000000,
        "otherExpenses": 208000000,
        "operatingExpenses": 487000000,
        "costAndExpenses": 571000000,
        "interestIncome": 457000000,
        "interestExpense": 24000000,
        "depreciationAndAmortization": 28000000,
        "ebitda": 185000000,
        "ebitdaratio": 0.2541208791,
        "operatingIncome": 157000000,
        "operatingIncomeRatio": 0.2156593407,
        "totalOtherIncomeExpensesNet": 0,
        "incomeBeforeTax": 157000000,
        "incomeBeforeTaxRatio": 0.2156593407,
        "incomeTaxExpense": 41000000,
        "netIncome": 116000000,
        "netIncomeRatio": 0.1593406593,
        "eps": 0.66,
        "epsdiluted": 0.64,
        "weightedAverageShsOut": 176000000,
        "weightedAverageShsOutDil": 178000000,
        "link": "https://www.sec.gov/Archives/edgar/data/28412/000002841216000196/0000028412-16-000196-index.htm",
        "finalLink": "https://www.sec.gov/Archives/edgar/data/28412/000002841216000196/cma-2015form10k.htm"
    },
    {
        "date": "2015-09-30",
        "symbol": "CMA",
        "reportedCurrency": "USD",
        "cik": "0000028412",
        "fillingDate": "2015-10-29",
        "acceptedDate": "2015-10-29 16:21:00",
        "calendarYear": "2015",
        "period": "Q3",
        "revenue": 708000000,
        "costOfRevenue": 52000000,
        "grossProfit": 656000000,
        "grossProfitRatio": 0.9265536723,
        "researchAndDevelopmentExpenses": 0,
        "generalAndAdministrativeExpenses": 252000000,
        "sellingAndMarketingExpenses": 6000000,
        "sellingGeneralAndAdministrativeExpenses": 258000000,
        "otherExpenses": 199000000,
        "operatingExpenses": 457000000,
        "costAndExpenses": 509000000,
        "interestIncome": 448000000,
        "interestExpense": 26000000,
        "depreciationAndAmortization": 30000000,
        "ebitda": 229000000,
        "ebitdaratio": 0.3234463277,
        "operatingIncome": 199000000,
        "operatingIncomeRatio": 0.2810734463,
        "totalOtherIncomeExpensesNet": 0,
        "incomeBeforeTax": 199000000,
        "incomeBeforeTaxRatio": 0.2810734463,
        "incomeTaxExpense": 63000000,
        "netIncome": 136000000,
        "netIncomeRatio": 0.1920903955,
        "eps": 0.77,
        "epsdiluted": 0.75,
        "weightedAverageShsOut": 176000000,
        "weightedAverageShsOutDil": 181000000,
        "link": "https://www.sec.gov/Archives/edgar/data/28412/000002841215000127/0000028412-15-000127-index.htm",
        "finalLink": "https://www.sec.gov/Archives/edgar/data/28412/000002841215000127/a2015q310q.htm"
    },
    {
        "date": "2015-06-30",
        "symbol": "CMA",
        "reportedCurrency": "USD",
        "cik": "0000028412",
        "fillingDate": "2015-07-27",
        "acceptedDate": "2015-07-27 16:54:43",
        "calendarYear": "2015",
        "period": "Q2",
        "revenue": 701000000,
        "costOfRevenue": 70000000,
        "grossProfit": 631000000,
        "grossProfitRatio": 0.9001426534,
        "researchAndDevelopmentExpenses": 0,
        "generalAndAdministrativeExpenses": 260000000,
        "sellingAndMarketingExpenses": 5000000,
        "sellingGeneralAndAdministrativeExpenses": 265000000,
        "otherExpenses": 167000000,
        "operatingExpenses": 432000000,
        "costAndExpenses": 502000000,
        "interestIncome": 444000000,
        "interestExpense": 23000000,
        "depreciationAndAmortization": 30000000,
        "ebitda": 229000000,
        "ebitdaratio": 0.3266761769,
        "operatingIncome": 199000000,
        "operatingIncomeRatio": 0.2838801712,
        "totalOtherIncomeExpensesNet": 0,
        "incomeBeforeTax": 199000000,
        "incomeBeforeTaxRatio": 0.2838801712,
        "incomeTaxExpense": 64000000,
        "netIncome": 135000000,
        "netIncomeRatio": 0.1925820257,
        "eps": 0.77,
        "epsdiluted": 0.74,
        "weightedAverageShsOut": 176000000,
        "weightedAverageShsOutDil": 182000000,
        "link": "https://www.sec.gov/Archives/edgar/data/28412/000002841215000095/0000028412-15-000095-index.htm",
        "finalLink": "https://www.sec.gov/Archives/edgar/data/28412/000002841215000095/cma2015q210q.htm"
    },
    {
        "date": "2015-03-31",
        "symbol": "CMA",
        "reportedCurrency": "USD",
        "cik": "0000028412",
        "fillingDate": "2015-04-29",
        "acceptedDate": "2015-04-29 16:51:19",
        "calendarYear": "2015",
        "period": "Q1",
        "revenue": 685000000,
        "costOfRevenue": 36000000,
        "grossProfit": 649000000,
        "grossProfitRatio": 0.9474452555,
        "researchAndDevelopmentExpenses": 0,
        "generalAndAdministrativeExpenses": 262000000,
        "sellingAndMarketingExpenses": 6000000,
        "sellingGeneralAndAdministrativeExpenses": 268000000,
        "otherExpenses": 186000000,
        "operatingExpenses": 454000000,
        "costAndExpenses": 490000000,
        "interestIncome": 435000000,
        "interestExpense": 22000000,
        "depreciationAndAmortization": 30000000,
        "ebitda": 225000000,
        "ebitdaratio": 0.3284671533,
        "operatingIncome": 195000000,
        "operatingIncomeRatio": 0.2846715328,
        "totalOtherIncomeExpensesNet": 0,
        "incomeBeforeTax": 195000000,
        "incomeBeforeTaxRatio": 0.2846715328,
        "incomeTaxExpense": 61000000,
        "netIncome": 134000000,
        "netIncomeRatio": 0.195620438,
        "eps": 0.76,
        "epsdiluted": 0.73,
        "weightedAverageShsOut": 176000000,
        "weightedAverageShsOutDil": 182000000,
        "link": "https://www.sec.gov/Archives/edgar/data/28412/000002841215000070/0000028412-15-000070-index.htm",
        "finalLink": "https://www.sec.gov/Archives/edgar/data/28412/000002841215000070/a2015q110q.htm"
    },
    {
        "date": "2014-12-31",
        "symbol": "CMA",
        "reportedCurrency": "USD",
        "cik": "0000028412",
        "fillingDate": "2015-02-17",
        "acceptedDate": "2015-02-17 17:05:02",
        "calendarYear": "2014",
        "period": "Q4",
        "revenue": 664000000,
        "costOfRevenue": 26000000,
        "grossProfit": 638000000,
        "grossProfitRatio": 0.9608433735,
        "researchAndDevelopmentExpenses": 0,
        "generalAndAdministrativeExpenses": 253000000,
        "sellingAndMarketingExpenses": 7000000,
        "sellingGeneralAndAdministrativeExpenses": 260000000,
        "otherExpenses": 159000000,
        "operatingExpenses": 419000000,
        "costAndExpenses": 445000000,
        "interestIncome": 439000000,
        "interestExpense": 24000000,
        "depreciationAndAmortization": 31000000,
        "ebitda": 250000000,
        "ebitdaratio": 0.3765060241,
        "operatingIncome": 219000000,
        "operatingIncomeRatio": 0.3298192771,
        "totalOtherIncomeExpensesNet": 0,
        "incomeBeforeTax": 219000000,
        "incomeBeforeTaxRatio": 0.3298192771,
        "incomeTaxExpense": 70000000,
        "netIncome": 149000000,
        "netIncomeRatio": 0.2243975904,
        "eps": 0.83,
        "epsdiluted": 0.82,
        "weightedAverageShsOut": 179000000,
        "weightedAverageShsOutDil": 182000000,
        "link": "https://www.sec.gov/Archives/edgar/data/28412/000002841215000031/0000028412-15-000031-index.htm",
        "finalLink": "https://www.sec.gov/Archives/edgar/data/28412/000002841215000031/a201410k.htm"
    },
    {
        "date": "2014-09-30",
        "symbol": "CMA",
        "reportedCurrency": "USD",
        "cik": "0000028412",
        "fillingDate": "2014-10-28",
        "acceptedDate": "2014-10-28 16:43:05",
        "calendarYear": "2014",
        "period": "Q3",
        "revenue": 649000000,
        "costOfRevenue": 27000000,
        "grossProfit": 622000000,
        "grossProfitRatio": 0.9583975347,
        "researchAndDevelopmentExpenses": 0,
        "generalAndAdministrativeExpenses": 251000000,
        "sellingAndMarketingExpenses": 5000000,
        "sellingGeneralAndAdministrativeExpenses": 256000000,
        "otherExpenses": 139000000,
        "operatingExpenses": 395000000,
        "costAndExpenses": 422000000,
        "interestIncome": 436000000,
        "interestExpense": 22000000,
        "depreciationAndAmortization": 31000000,
        "ebitda": 258000000,
        "ebitdaratio": 0.3975346687,
        "operatingIncome": 227000000,
        "operatingIncomeRatio": 0.3497688752,
        "totalOtherIncomeExpensesNet": 0,
        "incomeBeforeTax": 227000000,
        "incomeBeforeTaxRatio": 0.3497688752,
        "incomeTaxExpense": 73000000,
        "netIncome": 154000000,
        "netIncomeRatio": 0.2372881356,
        "eps": 0.86,
        "epsdiluted": 0.83,
        "weightedAverageShsOut": 179000000,
        "weightedAverageShsOutDil": 185000000,
        "link": "https://www.sec.gov/Archives/edgar/data/28412/000002841214000161/0000028412-14-000161-index.htm",
        "finalLink": "https://www.sec.gov/Archives/edgar/data/28412/000002841214000161/cma-2014093010q.htm"
    },
    {
        "date": "2014-06-30",
        "symbol": "CMA",
        "reportedCurrency": "USD",
        "cik": "0000028412",
        "fillingDate": "2014-07-29",
        "acceptedDate": "2014-07-29 17:08:31",
        "calendarYear": "2014",
        "period": "Q2",
        "revenue": 659000000,
        "costOfRevenue": 36000000,
        "grossProfit": 623000000,
        "grossProfitRatio": 0.9453717754,
        "researchAndDevelopmentExpenses": 0,
        "generalAndAdministrativeExpenses": 248000000,
        "sellingAndMarketingExpenses": 5000000,
        "sellingGeneralAndAdministrativeExpenses": 253000000,
        "otherExpenses": 149000000,
        "operatingExpenses": 402000000,
        "costAndExpenses": 438000000,
        "interestIncome": 441000000,
        "interestExpense": 25000000,
        "depreciationAndAmortization": 32000000,
        "ebitda": 253000000,
        "ebitdaratio": 0.3839150228,
        "operatingIncome": 221000000,
        "operatingIncomeRatio": 0.3353566009,
        "totalOtherIncomeExpensesNet": 0,
        "incomeBeforeTax": 221000000,
        "incomeBeforeTaxRatio": 0.3353566009,
        "incomeTaxExpense": 70000000,
        "netIncome": 151000000,
        "netIncomeRatio": 0.2291350531,
        "eps": 0.84,
        "epsdiluted": 0.81,
        "weightedAverageShsOut": 179000000,
        "weightedAverageShsOutDil": 186000000,
        "link": "https://www.sec.gov/Archives/edgar/data/28412/000002841214000145/0000028412-14-000145-index.htm",
        "finalLink": "https://www.sec.gov/Archives/edgar/data/28412/000002841214000145/cma-2014063010q.htm"
    },
    {
        "date": "2014-03-31",
        "symbol": "CMA",
        "reportedCurrency": "USD",
        "cik": "0000028412",
        "fillingDate": "2014-04-29",
        "acceptedDate": "2014-04-29 17:12:28",
        "calendarYear": "2014",
        "period": "Q1",
        "revenue": 640000000,
        "costOfRevenue": 34000000,
        "grossProfit": 606000000,
        "grossProfitRatio": 0.946875,
        "researchAndDevelopmentExpenses": 0,
        "generalAndAdministrativeExpenses": 255000000,
        "sellingAndMarketingExpenses": 6000000,
        "sellingGeneralAndAdministrativeExpenses": 261000000,
        "otherExpenses": 142000000,
        "operatingExpenses": 403000000,
        "costAndExpenses": 437000000,
        "interestIncome": 435000000,
        "interestExpense": 25000000,
        "depreciationAndAmortization": 29000000,
        "ebitda": 232000000,
        "ebitdaratio": 0.3625,
        "operatingIncome": 203000000,
        "operatingIncomeRatio": 0.3171875,
        "totalOtherIncomeExpensesNet": 0,
        "incomeBeforeTax": 203000000,
        "incomeBeforeTaxRatio": 0.3171875,
        "incomeTaxExpense": 0,
        "netIncome": 139000000,
        "netIncomeRatio": 0.2171875,
        "eps": 0.77,
        "epsdiluted": 0.74,
        "weightedAverageShsOut": 180000000,
        "weightedAverageShsOutDil": 187000000,
        "link": "https://www.sec.gov/Archives/edgar/data/28412/000002841214000111/0000028412-14-000111-index.htm",
        "finalLink": "https://www.sec.gov/Archives/edgar/data/28412/000002841214000111/cma-2014033110q.htm"
    },
    {
        "date": "2013-12-31",
        "symbol": "CMA",
        "reportedCurrency": "USD",
        "cik": "0000028412",
        "fillingDate": "2014-02-14",
        "acceptedDate": "2014-02-14 08:31:38",
        "calendarYear": "2013",
        "period": "Q4",
        "revenue": 660000000,
        "costOfRevenue": 35000000,
        "grossProfit": 625000000,
        "grossProfitRatio": 0.946969697,
        "researchAndDevelopmentExpenses": 0,
        "generalAndAdministrativeExpenses": 265000000,
        "sellingAndMarketingExpenses": 3000000,
        "sellingGeneralAndAdministrativeExpenses": 268000000,
        "otherExpenses": 205000000,
        "operatingExpenses": 473000000,
        "costAndExpenses": 508000000,
        "interestIncome": 456000000,
        "interestExpense": 26000000,
        "depreciationAndAmortization": 30000000,
        "ebitda": 182000000,
        "ebitdaratio": 0.2757575758,
        "operatingIncome": 152000000,
        "operatingIncomeRatio": 0.2303030303,
        "totalOtherIncomeExpensesNet": 0,
        "incomeBeforeTax": 152000000,
        "incomeBeforeTaxRatio": 0.2303030303,
        "incomeTaxExpense": 35000000,
        "netIncome": 117000000,
        "netIncomeRatio": 0.1772727273,
        "eps": 0.65,
        "epsdiluted": 0.62,
        "weightedAverageShsOut": 180000000,
        "weightedAverageShsOutDil": 187000000,
        "link": "https://www.sec.gov/Archives/edgar/data/28412/000002841214000067/0000028412-14-000067-index.htm",
        "finalLink": "https://www.sec.gov/Archives/edgar/data/28412/000002841214000067/cma-2013123110k.htm"
    },
    {
        "date": "2013-09-30",
        "symbol": "CMA",
        "reportedCurrency": "USD",
        "cik": "0000028412",
        "fillingDate": "2013-10-29",
        "acceptedDate": "2013-10-29 17:31:11",
        "calendarYear": "2013",
        "period": "Q3",
        "revenue": 667000000,
        "costOfRevenue": 35000000,
        "grossProfit": 632000000,
        "grossProfitRatio": 0.9475262369,
        "researchAndDevelopmentExpenses": 0,
        "generalAndAdministrativeExpenses": 264000000,
        "sellingAndMarketingExpenses": 6000000,
        "sellingGeneralAndAdministrativeExpenses": 270000000,
        "otherExpenses": 147000000,
        "operatingExpenses": 417000000,
        "costAndExpenses": 452000000,
        "interestIncome": 439000000,
        "interestExpense": 27000000,
        "depreciationAndAmortization": 30000000,
        "ebitda": 245000000,
        "ebitdaratio": 0.3673163418,
        "operatingIncome": 215000000,
        "operatingIncomeRatio": 0.3223388306,
        "totalOtherIncomeExpensesNet": 0,
        "incomeBeforeTax": 215000000,
        "incomeBeforeTaxRatio": 0.3223388306,
        "incomeTaxExpense": 68000000,
        "netIncome": 147000000,
        "netIncomeRatio": 0.2203898051,
        "eps": 0.81,
        "epsdiluted": 0.79,
        "weightedAverageShsOut": 182000000,
        "weightedAverageShsOutDil": 187000000,
        "link": "https://www.sec.gov/Archives/edgar/data/28412/000002841213000107/0000028412-13-000107-index.htm",
        "finalLink": "https://www.sec.gov/Archives/edgar/data/28412/000002841213000107/cma-201393010q.htm"
    },
    {
        "date": "2013-06-30",
        "symbol": "CMA",
        "reportedCurrency": "USD",
        "cik": "0000028412",
        "fillingDate": "2013-07-29",
        "acceptedDate": "2013-07-29 17:10:00",
        "calendarYear": "2013",
        "period": "Q2",
        "revenue": 665000000,
        "costOfRevenue": 42000000,
        "grossProfit": 623000000,
        "grossProfitRatio": 0.9368421053,
        "researchAndDevelopmentExpenses": 0,
        "generalAndAdministrativeExpenses": 253000000,
        "sellingAndMarketingExpenses": 6000000,
        "sellingGeneralAndAdministrativeExpenses": 259000000,
        "otherExpenses": 157000000,
        "operatingExpenses": 416000000,
        "costAndExpenses": 458000000,
        "interestIncome": 443000000,
        "interestExpense": 29000000,
        "depreciationAndAmortization": 32000000,
        "ebitda": 239000000,
        "ebitdaratio": 0.3593984962,
        "operatingIncome": 207000000,
        "operatingIncomeRatio": 0.3112781955,
        "totalOtherIncomeExpensesNet": 0,
        "incomeBeforeTax": 207000000,
        "incomeBeforeTaxRatio": 0.3112781955,
        "incomeTaxExpense": 64000000,
        "netIncome": 143000000,
        "netIncomeRatio": 0.215037594,
        "eps": 0.78,
        "epsdiluted": 0.76,
        "weightedAverageShsOut": 183000000,
        "weightedAverageShsOutDil": 187000000,
        "link": "https://www.sec.gov/Archives/edgar/data/28412/000002841213000093/0000028412-13-000093-index.htm",
        "finalLink": "https://www.sec.gov/Archives/edgar/data/28412/000002841213000093/cma-201363010q.htm"
    },
    {
        "date": "2013-03-31",
        "symbol": "CMA",
        "reportedCurrency": "USD",
        "cik": "0000028412",
        "fillingDate": "2013-04-29",
        "acceptedDate": "2013-04-29 16:10:29",
        "calendarYear": "2013",
        "period": "Q1",
        "revenue": 659000000,
        "costOfRevenue": 46000000,
        "grossProfit": 613000000,
        "grossProfitRatio": 0.9301972686,
        "researchAndDevelopmentExpenses": 0,
        "generalAndAdministrativeExpenses": 260000000,
        "sellingAndMarketingExpenses": 6000000,
        "sellingGeneralAndAdministrativeExpenses": 266000000,
        "otherExpenses": 150000000,
        "operatingExpenses": 416000000,
        "costAndExpenses": 462000000,
        "interestIncome": 446000000,
        "interestExpense": 30000000,
        "depreciationAndAmortization": 30000000,
        "ebitda": 227000000,
        "ebitdaratio": 0.344461305,
        "operatingIncome": 197000000,
        "operatingIncomeRatio": 0.2989377845,
        "totalOtherIncomeExpensesNet": 0,
        "incomeBeforeTax": 197000000,
        "incomeBeforeTaxRatio": 0.2989377845,
        "incomeTaxExpense": 63000000,
        "netIncome": 134000000,
        "netIncomeRatio": 0.2033383915,
        "eps": 0.72,
        "epsdiluted": 0.72,
        "weightedAverageShsOut": 185000000,
        "weightedAverageShsOutDil": 187000000,
        "link": "https://www.sec.gov/Archives/edgar/data/28412/000002841213000058/0000028412-13-000058-index.htm",
        "finalLink": "https://www.sec.gov/Archives/edgar/data/28412/000002841213000058/cma-201333110q.htm"
    },
    {
        "date": "2012-12-31",
        "symbol": "CMA",
        "reportedCurrency": "USD",
        "cik": "0000028412",
        "fillingDate": "2013-02-19",
        "acceptedDate": "2013-02-19 16:41:23",
        "calendarYear": "2012",
        "period": "Q4",
        "revenue": 660000000,
        "costOfRevenue": 48000000,
        "grossProfit": 612000000,
        "grossProfitRatio": 0.9272727273,
        "researchAndDevelopmentExpenses": 0,
        "generalAndAdministrativeExpenses": 118000000,
        "sellingAndMarketingExpenses": 6000000,
        "sellingGeneralAndAdministrativeExpenses": 124000000,
        "otherExpenses": 303000000,
        "operatingExpenses": 427000000,
        "costAndExpenses": 475000000,
        "interestIncome": 456000000,
        "interestExpense": 32000000,
        "depreciationAndAmortization": 33000000,
        "ebitda": 218000000,
        "ebitdaratio": 0.3303030303,
        "operatingIncome": 185000000,
        "operatingIncomeRatio": 0.2803030303,
        "totalOtherIncomeExpensesNet": 0,
        "incomeBeforeTax": 185000000,
        "incomeBeforeTaxRatio": 0.2803030303,
        "incomeTaxExpense": 55000000,
        "netIncome": 130000000,
        "netIncomeRatio": 0.196969697,
        "eps": 0.7,
        "epsdiluted": 0.68,
        "weightedAverageShsOut": 185000000,
        "weightedAverageShsOutDil": 188235000,
        "link": "https://www.sec.gov/Archives/edgar/data/28412/000002841213000034/0000028412-13-000034-index.htm",
        "finalLink": "https://www.sec.gov/Archives/edgar/data/28412/000002841213000034/cma-2012123110k.htm"
    },
    {
        "date": "2012-09-30",
        "symbol": "CMA",
        "reportedCurrency": "USD",
        "cik": "0000028412",
        "fillingDate": "2012-10-30",
        "acceptedDate": "2012-10-30 09:15:31",
        "calendarYear": "2012",
        "period": "Q3",
        "revenue": 657000000,
        "costOfRevenue": 55000000,
        "grossProfit": 602000000,
        "grossProfitRatio": 0.9162861492,
        "researchAndDevelopmentExpenses": 0,
        "generalAndAdministrativeExpenses": 262000000,
        "sellingAndMarketingExpenses": 7000000,
        "sellingGeneralAndAdministrativeExpenses": 269000000,
        "otherExpenses": 180000000,
        "operatingExpenses": 449000000,
        "costAndExpenses": 504000000,
        "interestIncome": 460000000,
        "interestExpense": 33000000,
        "depreciationAndAmortization": 33000000,
        "ebitda": 186000000,
        "ebitdaratio": 0.2831050228,
        "operatingIncome": 153000000,
        "operatingIncomeRatio": 0.2328767123,
        "totalOtherIncomeExpensesNet": 0,
        "incomeBeforeTax": 153000000,
        "incomeBeforeTaxRatio": 0.2328767123,
        "incomeTaxExpense": 36000000,
        "netIncome": 117000000,
        "netIncomeRatio": 0.1780821918,
        "eps": 0.62,
        "epsdiluted": 0.61,
        "weightedAverageShsOut": 190000000,
        "weightedAverageShsOutDil": 191000000,
        "link": "https://www.sec.gov/Archives/edgar/data/28412/000002841212000097/0000028412-12-000097-index.htm",
        "finalLink": "https://www.sec.gov/Archives/edgar/data/28412/000002841212000097/cma-201293010q.htm"
    },
    {
        "date": "2012-06-30",
        "symbol": "CMA",
        "reportedCurrency": "USD",
        "cik": "0000028412",
        "fillingDate": "2012-07-30",
        "acceptedDate": "2012-07-30 17:02:23",
        "calendarYear": "2012",
        "period": "Q2",
        "revenue": 681000000,
        "costOfRevenue": 54000000,
        "grossProfit": 627000000,
        "grossProfitRatio": 0.9207048458,
        "researchAndDevelopmentExpenses": 0,
        "generalAndAdministrativeExpenses": 260000000,
        "sellingAndMarketingExpenses": 7000000,
        "sellingGeneralAndAdministrativeExpenses": 267000000,
        "otherExpenses": 167000000,
        "operatingExpenses": 434000000,
        "costAndExpenses": 488000000,
        "interestIncome": 470000000,
        "interestExpense": 35000000,
        "depreciationAndAmortization": 34000000,
        "ebitda": 227000000,
        "ebitdaratio": 0.3333333333,
        "operatingIncome": 193000000,
        "operatingIncomeRatio": 0.2834067548,
        "totalOtherIncomeExpensesNet": 0,
        "incomeBeforeTax": 193000000,
        "incomeBeforeTaxRatio": 0.2834067548,
        "incomeTaxExpense": 50000000,
        "netIncome": 143000000,
        "netIncomeRatio": 0.2099853157,
        "eps": 0.74,
        "epsdiluted": 0.74,
        "weightedAverageShsOut": 194000000,
        "weightedAverageShsOutDil": 194000000,
        "link": "https://www.sec.gov/Archives/edgar/data/28412/000002841212000077/0000028412-12-000077-index.htm",
        "finalLink": "https://www.sec.gov/Archives/edgar/data/28412/000002841212000077/cma-201263010q.htm"
    },
    {
        "date": "2012-03-31",
        "symbol": "CMA",
        "reportedCurrency": "USD",
        "cik": "0000028412",
        "fillingDate": "2012-05-01",
        "acceptedDate": "2012-05-01 17:21:16",
        "calendarYear": "2012",
        "period": "Q1",
        "revenue": 683000000,
        "costOfRevenue": 57000000,
        "grossProfit": 626000000,
        "grossProfitRatio": 0.9165446559,
        "researchAndDevelopmentExpenses": 0,
        "generalAndAdministrativeExpenses": 270000000,
        "sellingAndMarketingExpenses": 7000000,
        "sellingGeneralAndAdministrativeExpenses": 277000000,
        "otherExpenses": 171000000,
        "operatingExpenses": 448000000,
        "costAndExpenses": 505000000,
        "interestIncome": 477000000,
        "interestExpense": 35000000,
        "depreciationAndAmortization": 33000000,
        "ebitda": 211000000,
        "ebitdaratio": 0.3089311859,
        "operatingIncome": 178000000,
        "operatingIncomeRatio": 0.2606149341,
        "totalOtherIncomeExpensesNet": 0,
        "incomeBeforeTax": 178000000,
        "incomeBeforeTaxRatio": 0.2606149341,
        "incomeTaxExpense": 48000000,
        "netIncome": 130000000,
        "netIncomeRatio": 0.1903367496,
        "eps": 0.67,
        "epsdiluted": 0.66,
        "weightedAverageShsOut": 195000000,
        "weightedAverageShsOutDil": 196000000,
        "link": "https://www.sec.gov/Archives/edgar/data/28412/000002841212000051/0000028412-12-000051-index.htm",
        "finalLink": "https://www.sec.gov/Archives/edgar/data/28412/000002841212000051/cma-201233110q.htm"
    },
    {
        "date": "2011-12-31",
        "symbol": "CMA",
        "reportedCurrency": "USD",
        "cik": "0000028412",
        "fillingDate": "2012-02-21",
        "acceptedDate": "2012-02-21 16:49:43",
        "calendarYear": "2011",
        "period": "Q4",
        "revenue": 663000000,
        "costOfRevenue": 47000000,
        "grossProfit": 616000000,
        "grossProfitRatio": 0.9291101056,
        "researchAndDevelopmentExpenses": 0,
        "generalAndAdministrativeExpenses": 81000000,
        "sellingAndMarketingExpenses": 7000000,
        "sellingGeneralAndAdministrativeExpenses": 88000000,
        "otherExpenses": 399000000,
        "operatingExpenses": 487000000,
        "costAndExpenses": 534000000,
        "interestIncome": 481000000,
        "interestExpense": 37000000,
        "depreciationAndAmortization": 32000000,
        "ebitda": 161000000,
        "ebitdaratio": 0.2428355958,
        "operatingIncome": 129000000,
        "operatingIncomeRatio": 0.1945701357,
        "totalOtherIncomeExpensesNet": 0,
        "incomeBeforeTax": 129000000,
        "incomeBeforeTaxRatio": 0.1945701357,
        "incomeTaxExpense": 33000000,
        "netIncome": 96000000,
        "netIncomeRatio": 0.1447963801,
        "eps": 0.48,
        "epsdiluted": 0.48,
        "weightedAverageShsOut": 197000000,
        "weightedAverageShsOutDil": 197000000,
        "link": "https://www.sec.gov/Archives/edgar/data/28412/000002841212000031/0000028412-12-000031-index.htm",
        "finalLink": "https://www.sec.gov/Archives/edgar/data/28412/000002841212000031/cma-2011123110k.htm"
    },
    {
        "date": "2011-09-30",
        "symbol": "CMA",
        "reportedCurrency": "USD",
        "cik": "0000028412",
        "fillingDate": "2011-11-01",
        "acceptedDate": "2011-11-01 16:17:32",
        "calendarYear": "2011",
        "period": "Q3",
        "revenue": 664000000,
        "costOfRevenue": 75000000,
        "grossProfit": 589000000,
        "grossProfitRatio": 0.8870481928,
        "researchAndDevelopmentExpenses": 0,
        "generalAndAdministrativeExpenses": 300000000,
        "sellingAndMarketingExpenses": 7000000,
        "sellingGeneralAndAdministrativeExpenses": 307000000,
        "otherExpenses": 156000000,
        "operatingExpenses": 463000000,
        "costAndExpenses": 538000000,
        "interestIncome": 463000000,
        "interestExpense": 40000000,
        "depreciationAndAmortization": 31000000,
        "ebitda": 157000000,
        "ebitdaratio": 0.2364457831,
        "operatingIncome": 126000000,
        "operatingIncomeRatio": 0.1897590361,
        "totalOtherIncomeExpensesNet": 0,
        "incomeBeforeTax": 126000000,
        "incomeBeforeTaxRatio": 0.1897590361,
        "incomeTaxExpense": 28000000,
        "netIncome": 98000000,
        "netIncomeRatio": 0.1475903614,
        "eps": 0.51,
        "epsdiluted": 0.51,
        "weightedAverageShsOut": 192000000,
        "weightedAverageShsOutDil": 192000000,
        "link": "https://www.sec.gov/Archives/edgar/data/28412/000119312511290724/0001193125-11-290724-index.htm",
        "finalLink": "https://www.sec.gov/Archives/edgar/data/28412/000119312511290724/d226760d10q.htm"
    },
    {
        "date": "2011-06-30",
        "symbol": "CMA",
        "reportedCurrency": "USD",
        "cik": "0000028412",
        "fillingDate": "2011-08-02",
        "acceptedDate": "2011-08-02 07:58:31",
        "calendarYear": "2011",
        "period": "Q2",
        "revenue": 633000000,
        "costOfRevenue": 85000000,
        "grossProfit": 548000000,
        "grossProfitRatio": 0.8657187994,
        "researchAndDevelopmentExpenses": 0,
        "generalAndAdministrativeExpenses": 292000000,
        "sellingAndMarketingExpenses": 7000000,
        "sellingGeneralAndAdministrativeExpenses": 299000000,
        "otherExpenses": 112000000,
        "operatingExpenses": 411000000,
        "costAndExpenses": 496000000,
        "interestIncome": 431000000,
        "interestExpense": 40000000,
        "depreciationAndAmortization": 30000000,
        "ebitda": 167000000,
        "ebitdaratio": 0.2638230648,
        "operatingIncome": 137000000,
        "operatingIncomeRatio": 0.2164296998,
        "totalOtherIncomeExpensesNet": 0,
        "incomeBeforeTax": 137000000,
        "incomeBeforeTaxRatio": 0.2164296998,
        "incomeTaxExpense": 41000000,
        "netIncome": 96000000,
        "netIncomeRatio": 0.1516587678,
        "eps": 0.55,
        "epsdiluted": 0.54,
        "weightedAverageShsOut": 175000000,
        "weightedAverageShsOutDil": 178000000,
        "link": "https://www.sec.gov/Archives/edgar/data/28412/000119312511205506/0001193125-11-205506-index.htm",
        "finalLink": "https://www.sec.gov/Archives/edgar/data/28412/000119312511205506/d10q.htm"
    },
    {
        "date": "2011-03-31",
        "symbol": "CMA",
        "reportedCurrency": "USD",
        "cik": "0000028412",
        "fillingDate": "2011-05-02",
        "acceptedDate": "2011-05-02 16:29:24",
        "calendarYear": "2011",
        "period": "Q1",
        "revenue": 641000000,
        "costOfRevenue": 88000000,
        "grossProfit": 553000000,
        "grossProfitRatio": 0.8627145086,
        "researchAndDevelopmentExpenses": 0,
        "generalAndAdministrativeExpenses": 300000000,
        "sellingAndMarketingExpenses": 7000000,
        "sellingGeneralAndAdministrativeExpenses": 307000000,
        "otherExpenses": 108000000,
        "operatingExpenses": 415000000,
        "costAndExpenses": 503000000,
        "interestIncome": 434000000,
        "interestExpense": 39000000,
        "depreciationAndAmortization": 29000000,
        "ebitda": 167000000,
        "ebitdaratio": 0.2605304212,
        "operatingIncome": 138000000,
        "operatingIncomeRatio": 0.2152886115,
        "totalOtherIncomeExpensesNet": 0,
        "incomeBeforeTax": 138000000,
        "incomeBeforeTaxRatio": 0.2152886115,
        "incomeTaxExpense": 35000000,
        "netIncome": 103000000,
        "netIncomeRatio": 0.1606864275,
        "eps": 0.58,
        "epsdiluted": 0.57,
        "weightedAverageShsOut": 175000000,
        "weightedAverageShsOutDil": 178000000,
        "link": "https://www.sec.gov/Archives/edgar/data/28412/000119312511121773/0001193125-11-121773-index.htm",
        "finalLink": "https://www.sec.gov/Archives/edgar/data/28412/000119312511121773/d10q.htm"
    },
    {
        "date": "2010-12-31",
        "symbol": "CMA",
        "reportedCurrency": "USD",
        "cik": "0000028412",
        "fillingDate": "2011-02-28",
        "acceptedDate": "2011-02-28 16:05:03",
        "calendarYear": "2010",
        "period": "Q4",
        "revenue": 658000000,
        "costOfRevenue": 95000000,
        "grossProfit": 563000000,
        "grossProfitRatio": 0.8556231003,
        "researchAndDevelopmentExpenses": 0,
        "generalAndAdministrativeExpenses": 97000000,
        "sellingAndMarketingExpenses": 30000000,
        "sellingGeneralAndAdministrativeExpenses": 127000000,
        "otherExpenses": 310000000,
        "operatingExpenses": 437000000,
        "costAndExpenses": 532000000,
        "interestIncome": 445000000,
        "interestExpense": 40000000,
        "depreciationAndAmortization": 30000000,
        "ebitda": 156000000,
        "ebitdaratio": 0.2370820669,
        "operatingIncome": 126000000,
        "operatingIncomeRatio": 0.1914893617,
        "totalOtherIncomeExpensesNet": 0,
        "incomeBeforeTax": 126000000,
        "incomeBeforeTaxRatio": 0.1914893617,
        "incomeTaxExpense": 30000000,
        "netIncome": 96000000,
        "netIncomeRatio": 0.1458966565,
        "eps": 0.54,
        "epsdiluted": 0.53,
        "weightedAverageShsOut": 175926000,
        "weightedAverageShsOutDil": 178266000,
        "link": "https://www.sec.gov/Archives/edgar/data/28412/000119312511049884/0001193125-11-049884-index.htm",
        "finalLink": "https://www.sec.gov/Archives/edgar/data/28412/000119312511049884/d10k.htm"
    },
    {
        "date": "2010-09-30",
        "symbol": "CMA",
        "reportedCurrency": "USD",
        "cik": "0000028412",
        "fillingDate": "2010-10-29",
        "acceptedDate": "2010-10-29 16:16:11",
        "calendarYear": "2010",
        "period": "Q3",
        "revenue": 642000000,
        "costOfRevenue": 174000000,
        "grossProfit": 468000000,
        "grossProfitRatio": 0.7289719626,
        "researchAndDevelopmentExpenses": 0,
        "generalAndAdministrativeExpenses": 304000000,
        "sellingAndMarketingExpenses": 7000000,
        "sellingGeneralAndAdministrativeExpenses": 311000000,
        "otherExpenses": 91000000,
        "operatingExpenses": 402000000,
        "costAndExpenses": 576000000,
        "interestIncome": 456000000,
        "interestExpense": 52000000,
        "depreciationAndAmortization": 32000000,
        "ebitda": 98000000,
        "ebitdaratio": 0.1526479751,
        "operatingIncome": 66000000,
        "operatingIncomeRatio": 0.1028037383,
        "totalOtherIncomeExpensesNet": 0,
        "incomeBeforeTax": 66000000,
        "incomeBeforeTaxRatio": 0.1028037383,
        "incomeTaxExpense": 7000000,
        "netIncome": 59000000,
        "netIncomeRatio": 0.0919003115,
        "eps": 0.34,
        "epsdiluted": 0.33,
        "weightedAverageShsOut": 173529000,
        "weightedAverageShsOutDil": 177686000,
        "link": "https://www.sec.gov/Archives/edgar/data/28412/000110465910054702/0001104659-10-054702-index.htm",
        "finalLink": "https://www.sec.gov/Archives/edgar/data/28412/000110465910054702/a10-17253_110q.htm"
    },
    {
        "date": "2010-06-30",
        "symbol": "CMA",
        "reportedCurrency": "USD",
        "cik": "0000028412",
        "fillingDate": "2010-07-30",
        "acceptedDate": "2010-07-30 16:17:59",
        "calendarYear": "2010",
        "period": "Q2",
        "revenue": 670000000,
        "costOfRevenue": 180000000,
        "grossProfit": 490000000,
        "grossProfitRatio": 0.7313432836,
        "researchAndDevelopmentExpenses": 0,
        "generalAndAdministrativeExpenses": 296000000,
        "sellingAndMarketingExpenses": 7000000,
        "sellingGeneralAndAdministrativeExpenses": 303000000,
        "otherExpenses": 94000000,
        "operatingExpenses": 397000000,
        "costAndExpenses": 577000000,
        "interestIncome": 476000000,
        "interestExpense": 54000000,
        "depreciationAndAmortization": 30000000,
        "ebitda": 123000000,
        "ebitdaratio": 0.1835820896,
        "operatingIncome": 93000000,
        "operatingIncomeRatio": 0.1388059701,
        "totalOtherIncomeExpensesNet": 0,
        "incomeBeforeTax": 93000000,
        "incomeBeforeTaxRatio": 0.1388059701,
        "incomeTaxExpense": 23000000,
        "netIncome": 70000000,
        "netIncomeRatio": 0.1044776119,
        "eps": 0.4,
        "epsdiluted": 0.39,
        "weightedAverageShsOut": 172500000,
        "weightedAverageShsOutDil": 176923000,
        "link": "https://www.sec.gov/Archives/edgar/data/28412/000110465910040832/0001104659-10-040832-index.htm",
        "finalLink": "https://www.sec.gov/Archives/edgar/data/28412/000110465910040832/a10-12345_110q.htm"
    },
    {
        "date": "2010-03-31",
        "symbol": "CMA",
        "reportedCurrency": "USD",
        "cik": "0000028412",
        "fillingDate": "2010-04-30",
        "acceptedDate": "2010-04-30 16:30:48",
        "calendarYear": "2010",
        "period": "Q1",
        "revenue": 670000000,
        "costOfRevenue": 236000000,
        "grossProfit": 434000000,
        "grossProfitRatio": 0.647761194,
        "researchAndDevelopmentExpenses": 0,
        "generalAndAdministrativeExpenses": 284000000,
        "sellingAndMarketingExpenses": 8000000,
        "sellingGeneralAndAdministrativeExpenses": 292000000,
        "otherExpenses": 112000000,
        "operatingExpenses": 404000000,
        "costAndExpenses": 640000000,
        "interestIncome": 476000000,
        "interestExpense": 61000000,
        "depreciationAndAmortization": 32000000,
        "ebitda": 62000000,
        "ebitdaratio": 0.0925373134,
        "operatingIncome": 30000000,
        "operatingIncomeRatio": 0.0447761194,
        "totalOtherIncomeExpensesNet": 0,
        "incomeBeforeTax": 30000000,
        "incomeBeforeTaxRatio": 0.0447761194,
        "incomeTaxExpense": -5000000,
        "netIncome": 52000000,
        "netIncomeRatio": 0.0776119403,
        "eps": -0.46,
        "epsdiluted": -0.46,
        "weightedAverageShsOut": 154348000,
        "weightedAverageShsOutDil": 154348000,
        "link": "https://www.sec.gov/Archives/edgar/data/28412/000110465910024037/0001104659-10-024037-index.htm",
        "finalLink": "https://www.sec.gov/Archives/edgar/data/28412/000110465910024037/a10-6690_110q.htm"
    },
    {
        "date": "2009-12-31",
        "symbol": "CMA",
        "reportedCurrency": "USD",
        "cik": "0000028412",
        "fillingDate": "2010-02-25",
        "acceptedDate": "2010-02-25 08:32:24",
        "calendarYear": "2009",
        "period": "Q4",
        "revenue": 673000000,
        "costOfRevenue": 339000000,
        "grossProfit": 334000000,
        "grossProfitRatio": 0.4962852897,
        "researchAndDevelopmentExpenses": 0,
        "generalAndAdministrativeExpenses": 78000000,
        "sellingAndMarketingExpenses": 0,
        "sellingGeneralAndAdministrativeExpenses": 78000000,
        "otherExpenses": 327000000,
        "operatingExpenses": 405000000,
        "costAndExpenses": 744000000,
        "interestIncome": 479000000,
        "interestExpense": 83000000,
        "depreciationAndAmortization": 31000000,
        "ebitda": -40000000,
        "ebitdaratio": -0.059435364,
        "operatingIncome": -71000000,
        "operatingIncomeRatio": -0.1054977712,
        "totalOtherIncomeExpensesNet": 0,
        "incomeBeforeTax": -71000000,
        "incomeBeforeTaxRatio": -0.1054977712,
        "incomeTaxExpense": -42000000,
        "netIncome": -29000000,
        "netIncomeRatio": -0.0430906389,
        "eps": -0.19,
        "epsdiluted": -0.19,
        "weightedAverageShsOut": 151000000,
        "weightedAverageShsOutDil": 151460000,
        "link": "https://www.sec.gov/Archives/edgar/data/28412/000104746910001314/0001047469-10-001314-index.htm",
        "finalLink": "https://www.sec.gov/Archives/edgar/data/28412/000104746910001314/a2196615z10-k.htm"
    },
    {
        "date": "2009-09-30",
        "symbol": "CMA",
        "reportedCurrency": "USD",
        "cik": "0000028412",
        "fillingDate": "2009-10-30",
        "acceptedDate": "2009-10-30 08:00:56",
        "calendarYear": "2009",
        "period": "Q3",
        "revenue": 826000000,
        "costOfRevenue": 437000000,
        "grossProfit": 389000000,
        "grossProfitRatio": 0.4709443099,
        "researchAndDevelopmentExpenses": 0,
        "generalAndAdministrativeExpenses": 293000000,
        "sellingAndMarketingExpenses": 0,
        "sellingGeneralAndAdministrativeExpenses": 293000000,
        "otherExpenses": 106000000,
        "operatingExpenses": 399000000,
        "costAndExpenses": 836000000,
        "interestIncome": 511000000,
        "interestExpense": 126000000,
        "depreciationAndAmortization": 30000000,
        "ebitda": 20000000,
        "ebitdaratio": 0.0242130751,
        "operatingIncome": -10000000,
        "operatingIncomeRatio": -0.0121065375,
        "totalOtherIncomeExpensesNet": 0,
        "incomeBeforeTax": -10000000,
        "incomeBeforeTaxRatio": -0.0121065375,
        "incomeTaxExpense": -29000000,
        "netIncome": 19000000,
        "netIncomeRatio": 0.0230024213,
        "eps": -0.1,
        "epsdiluted": -0.1,
        "weightedAverageShsOut": 150000000,
        "weightedAverageShsOutDil": 150000000,
        "link": "https://www.sec.gov/Archives/edgar/data/28412/000110465909061337/0001104659-09-061337-index.htm",
        "finalLink": "https://www.sec.gov/Archives/edgar/data/28412/000110465909061337/a09-31161_110q.htm"
    },
    {
        "date": "2009-06-30",
        "symbol": "CMA",
        "reportedCurrency": "USD",
        "cik": "0000028412",
        "fillingDate": "2009-07-31",
        "acceptedDate": "2009-07-31 06:03:01",
        "calendarYear": "2009",
        "period": "Q2",
        "revenue": 850000000,
        "costOfRevenue": 462000000,
        "grossProfit": 388000000,
        "grossProfitRatio": 0.4564705882,
        "researchAndDevelopmentExpenses": 0,
        "generalAndAdministrativeExpenses": 301000000,
        "sellingAndMarketingExpenses": 0,
        "sellingGeneralAndAdministrativeExpenses": 301000000,
        "otherExpenses": 128000000,
        "operatingExpenses": 429000000,
        "costAndExpenses": 891000000,
        "interestIncome": 552000000,
        "interestExpense": 150000000,
        "depreciationAndAmortization": 31000000,
        "ebitda": -10000000,
        "ebitdaratio": -0.0117647059,
        "operatingIncome": -41000000,
        "operatingIncomeRatio": -0.0482352941,
        "totalOtherIncomeExpensesNet": 0,
        "incomeBeforeTax": -41000000,
        "incomeBeforeTaxRatio": -0.0482352941,
        "incomeTaxExpense": -59000000,
        "netIncome": 18000000,
        "netIncomeRatio": 0.0211764706,
        "eps": -0.1,
        "epsdiluted": -0.1,
        "weightedAverageShsOut": 160000000,
        "weightedAverageShsOutDil": 160000000,
        "link": "https://www.sec.gov/Archives/edgar/data/28412/000110465909046111/0001104659-09-046111-index.htm",
        "finalLink": "https://www.sec.gov/Archives/edgar/data/28412/000110465909046111/a09-18836_110q.htm"
    },
    {
        "date": "2009-03-31",
        "symbol": "CMA",
        "reportedCurrency": "USD",
        "cik": "0000028412",
        "fillingDate": "2009-05-08",
        "acceptedDate": "2009-05-08 16:17:59",
        "calendarYear": "2009",
        "period": "Q1",
        "revenue": 786000000,
        "costOfRevenue": 382000000,
        "grossProfit": 404000000,
        "grossProfitRatio": 0.5139949109,
        "researchAndDevelopmentExpenses": 0,
        "generalAndAdministrativeExpenses": 295000000,
        "sellingAndMarketingExpenses": 0,
        "sellingGeneralAndAdministrativeExpenses": 295000000,
        "otherExpenses": 102000000,
        "operatingExpenses": 397000000,
        "costAndExpenses": 779000000,
        "interestIncome": 563000000,
        "interestExpense": 179000000,
        "depreciationAndAmortization": 30000000,
        "ebitda": 37000000,
        "ebitdaratio": 0.0470737913,
        "operatingIncome": 7000000,
        "operatingIncomeRatio": 0.0089058524,
        "totalOtherIncomeExpensesNet": 0,
        "incomeBeforeTax": 7000000,
        "incomeBeforeTaxRatio": 0.0089058524,
        "incomeTaxExpense": -1000000,
        "netIncome": 9000000,
        "netIncomeRatio": 0.0114503817,
        "eps": -0.16,
        "epsdiluted": -0.16,
        "weightedAverageShsOut": 150000000,
        "weightedAverageShsOutDil": 150000000,
        "link": "https://www.sec.gov/Archives/edgar/data/28412/000110465909031051/0001104659-09-031051-index.htm",
        "finalLink": "https://www.sec.gov/Archives/edgar/data/28412/000110465909031051/a09-11513_110q.htm"
    },
    {
        "date": "2008-12-31",
        "symbol": "CMA",
        "reportedCurrency": "USD",
        "cik": "0000028412",
        "fillingDate": "2009-02-24",
        "acceptedDate": "2009-02-24 16:36:15",
        "calendarYear": "2008",
        "period": "Q4",
        "revenue": 890000000,
        "costOfRevenue": 495000000,
        "grossProfit": 395000000,
        "grossProfitRatio": 0.4438202247,
        "researchAndDevelopmentExpenses": 0,
        "generalAndAdministrativeExpenses": 206000000,
        "sellingAndMarketingExpenses": 0,
        "sellingGeneralAndAdministrativeExpenses": 206000000,
        "otherExpenses": 187000000,
        "operatingExpenses": 393000000,
        "costAndExpenses": 888000000,
        "interestIncome": 716000000,
        "interestExpense": 285000000,
        "depreciationAndAmortization": 38000000,
        "ebitda": 40000000,
        "ebitdaratio": 0.0449438202,
        "operatingIncome": 2000000,
        "operatingIncomeRatio": 0.002247191,
        "totalOtherIncomeExpensesNet": 0,
        "incomeBeforeTax": 2000000,
        "incomeBeforeTaxRatio": 0.002247191,
        "incomeTaxExpense": -17000000,
        "netIncome": 20000000,
        "netIncomeRatio": 0.0224719101,
        "eps": 0.02,
        "epsdiluted": 0.02,
        "weightedAverageShsOut": 143000000,
        "weightedAverageShsOutDil": 150834000,
        "link": "https://www.sec.gov/Archives/edgar/data/28412/000104746909001746/0001047469-09-001746-index.htm",
        "finalLink": "https://www.sec.gov/Archives/edgar/data/28412/000104746909001746/a2190836z10-k.htm"
    },
    {
        "date": "2008-09-30",
        "symbol": "CMA",
        "reportedCurrency": "USD",
        "cik": "0000028412",
        "fillingDate": "2008-10-31",
        "acceptedDate": "2008-10-31 08:00:59",
        "calendarYear": "2008",
        "period": "Q3",
        "revenue": 975000000,
        "costOfRevenue": 434000000,
        "grossProfit": 541000000,
        "grossProfitRatio": 0.5548717949,
        "researchAndDevelopmentExpenses": 0,
        "generalAndAdministrativeExpenses": 394000000,
        "sellingAndMarketingExpenses": 0,
        "sellingGeneralAndAdministrativeExpenses": 394000000,
        "otherExpenses": 120000000,
        "operatingExpenses": 514000000,
        "costAndExpenses": 948000000,
        "interestIncome": 735000000,
        "interestExpense": 269000000,
        "depreciationAndAmortization": 30000000,
        "ebitda": 57000000,
        "ebitdaratio": 0.0584615385,
        "operatingIncome": 27000000,
        "operatingIncomeRatio": 0.0276923077,
        "totalOtherIncomeExpensesNet": 0,
        "incomeBeforeTax": 27000000,
        "incomeBeforeTaxRatio": 0.0276923077,
        "incomeTaxExpense": 0,
        "netIncome": 28000000,
        "netIncomeRatio": 0.0287179487,
        "eps": 0.19,
        "epsdiluted": 0.19,
        "weightedAverageShsOut": 151000000,
        "weightedAverageShsOutDil": 151000000,
        "link": "https://www.sec.gov/Archives/edgar/data/28412/000110465908067133/0001104659-08-067133-index.htm",
        "finalLink": "https://www.sec.gov/Archives/edgar/data/28412/000110465908067133/a08-26291_110q.htm"
    },
    {
        "date": "2008-06-30",
        "symbol": "CMA",
        "reportedCurrency": "USD",
        "cik": "0000028412",
        "fillingDate": "2008-07-31",
        "acceptedDate": "2008-07-31 06:01:13",
        "calendarYear": "2008",
        "period": "Q2",
        "revenue": 979000000,
        "costOfRevenue": 465000000,
        "grossProfit": 514000000,
        "grossProfitRatio": 0.5250255363,
        "researchAndDevelopmentExpenses": 0,
        "generalAndAdministrativeExpenses": 306000000,
        "sellingAndMarketingExpenses": 0,
        "sellingGeneralAndAdministrativeExpenses": 306000000,
        "otherExpenses": 117000000,
        "operatingExpenses": 423000000,
        "costAndExpenses": 888000000,
        "interestIncome": 737000000,
        "interestExpense": 295000000,
        "depreciationAndAmortization": 29000000,
        "ebitda": 120000000,
        "ebitdaratio": 0.1225740552,
        "operatingIncome": 91000000,
        "operatingIncomeRatio": 0.0929519918,
        "totalOtherIncomeExpensesNet": 0,
        "incomeBeforeTax": 91000000,
        "incomeBeforeTaxRatio": 0.0929519918,
        "incomeTaxExpense": 35000000,
        "netIncome": 56000000,
        "netIncomeRatio": 0.0572012257,
        "eps": 0.37,
        "epsdiluted": 0.37,
        "weightedAverageShsOut": 151000000,
        "weightedAverageShsOutDil": 151000000,
        "link": "https://www.sec.gov/Archives/edgar/data/28412/000095013408013711/0000950134-08-013711-index.htm",
        "finalLink": "https://www.sec.gov/Archives/edgar/data/28412/000095013408013711/d58748e10vq.htm"
    },
    {
        "date": "2008-03-31",
        "symbol": "CMA",
        "reportedCurrency": "USD",
        "cik": "0000028412",
        "fillingDate": "2008-04-29",
        "acceptedDate": "2008-04-29 07:01:21",
        "calendarYear": "2008",
        "period": "Q1",
        "revenue": 1100000000,
        "costOfRevenue": 546000000,
        "grossProfit": 554000000,
        "grossProfitRatio": 0.5036363636,
        "researchAndDevelopmentExpenses": 0,
        "generalAndAdministrativeExpenses": 305000000,
        "sellingAndMarketingExpenses": 0,
        "sellingGeneralAndAdministrativeExpenses": 305000000,
        "otherExpenses": 98000000,
        "operatingExpenses": 403000000,
        "costAndExpenses": 949000000,
        "interestIncome": 863000000,
        "interestExpense": 387000000,
        "depreciationAndAmortization": 26000000,
        "ebitda": 177000000,
        "ebitdaratio": 0.1609090909,
        "operatingIncome": 151000000,
        "operatingIncomeRatio": 0.1372727273,
        "totalOtherIncomeExpensesNet": 0,
        "incomeBeforeTax": 151000000,
        "incomeBeforeTaxRatio": 0.1372727273,
        "incomeTaxExpense": 41000000,
        "netIncome": 109000000,
        "netIncomeRatio": 0.0990909091,
        "eps": 0.72,
        "epsdiluted": 0.72,
        "weightedAverageShsOut": 151000000,
        "weightedAverageShsOutDil": 151000000,
        "link": "https://www.sec.gov/Archives/edgar/data/28412/000095013408007702/0000950134-08-007702-index.htm",
        "finalLink": "https://www.sec.gov/Archives/edgar/data/28412/000095013408007702/d56116e10vq.htm"
    },
    {
        "date": "2007-12-31",
        "symbol": "CMA",
        "reportedCurrency": "USD",
        "cik": "0000028412",
        "fillingDate": "2008-02-26",
        "acceptedDate": "2008-02-26 07:03:45",
        "calendarYear": "2007",
        "period": "Q4",
        "revenue": 1171000000,
        "costOfRevenue": 562000000,
        "grossProfit": 609000000,
        "grossProfitRatio": 0.5200683177,
        "researchAndDevelopmentExpenses": 0,
        "generalAndAdministrativeExpenses": 260000000,
        "sellingAndMarketingExpenses": 0,
        "sellingGeneralAndAdministrativeExpenses": 260000000,
        "otherExpenses": 188000000,
        "operatingExpenses": 448000000,
        "costAndExpenses": 1010000000,
        "interestIncome": 944000000,
        "interestExpense": 455000000,
        "depreciationAndAmortization": 29000000,
        "ebitda": 190000000,
        "ebitdaratio": 0.1622544833,
        "operatingIncome": 161000000,
        "operatingIncomeRatio": 0.1374893254,
        "totalOtherIncomeExpensesNet": 0,
        "incomeBeforeTax": 161000000,
        "incomeBeforeTaxRatio": 0.1374893254,
        "incomeTaxExpense": 44000000,
        "netIncome": 119000000,
        "netIncomeRatio": 0.1016225448,
        "eps": 0.79,
        "epsdiluted": 0.79,
        "weightedAverageShsOut": 151024000,
        "weightedAverageShsOutDil": 151024000,
        "link": "https://www.sec.gov/Archives/edgar/data/28412/000095012408000815/0000950124-08-000815-index.htm",
        "finalLink": "https://www.sec.gov/Archives/edgar/data/28412/000095012408000815/k23611e10vk.htm"
    },
    {
        "date": "2007-09-30",
        "symbol": "CMA",
        "reportedCurrency": "USD",
        "cik": "0000028412",
        "fillingDate": "2007-10-29",
        "acceptedDate": "2007-10-29 09:24:26",
        "calendarYear": "2007",
        "period": "Q3",
        "revenue": 1182000000,
        "costOfRevenue": 494000000,
        "grossProfit": 688000000,
        "grossProfitRatio": 0.5820642978,
        "researchAndDevelopmentExpenses": 0,
        "generalAndAdministrativeExpenses": 256000000,
        "sellingAndMarketingExpenses": 0,
        "sellingGeneralAndAdministrativeExpenses": 256000000,
        "otherExpenses": 167000000,
        "operatingExpenses": 423000000,
        "costAndExpenses": 917000000,
        "interestIncome": 952000000,
        "interestExpense": 449000000,
        "depreciationAndAmortization": 23000000,
        "ebitda": 288000000,
        "ebitdaratio": 0.2436548223,
        "operatingIncome": 265000000,
        "operatingIncomeRatio": 0.2241962775,
        "totalOtherIncomeExpensesNet": 0,
        "incomeBeforeTax": 265000000,
        "incomeBeforeTaxRatio": 0.2241962775,
        "incomeTaxExpense": 85000000,
        "netIncome": 181000000,
        "netIncomeRatio": 0.1531302876,
        "eps": 1.2,
        "epsdiluted": 1.18,
        "weightedAverageShsOut": 150833000,
        "weightedAverageShsOutDil": 153390000,
        "link": "https://www.sec.gov/Archives/edgar/data/28412/000095012407005397/0000950124-07-005397-index.htm",
        "finalLink": "https://www.sec.gov/Archives/edgar/data/28412/000095012407005397/k19626e10vq.htm"
    },
    {
        "date": "2007-06-30",
        "symbol": "CMA",
        "reportedCurrency": "USD",
        "cik": "0000028412",
        "fillingDate": "2007-08-01",
        "acceptedDate": "2007-08-01 10:46:26",
        "calendarYear": "2007",
        "period": "Q2",
        "revenue": 1158000000,
        "costOfRevenue": 460000000,
        "grossProfit": 698000000,
        "grossProfitRatio": 0.6027633851,
        "researchAndDevelopmentExpenses": 0,
        "generalAndAdministrativeExpenses": 265000000,
        "sellingAndMarketingExpenses": 0,
        "sellingGeneralAndAdministrativeExpenses": 265000000,
        "otherExpenses": 146000000,
        "operatingExpenses": 411000000,
        "costAndExpenses": 871000000,
        "interestIncome": 933000000,
        "interestExpense": 424000000,
        "depreciationAndAmortization": 22000000,
        "ebitda": 309000000,
        "ebitdaratio": 0.2668393782,
        "operatingIncome": 287000000,
        "operatingIncomeRatio": 0.2478411054,
        "totalOtherIncomeExpensesNet": 0,
        "incomeBeforeTax": 287000000,
        "incomeBeforeTaxRatio": 0.2478411054,
        "incomeTaxExpense": 91000000,
        "netIncome": 196000000,
        "netIncomeRatio": 0.1692573402,
        "eps": 1.28,
        "epsdiluted": 1.25,
        "weightedAverageShsOut": 153125000,
        "weightedAverageShsOutDil": 156800000,
        "link": "https://www.sec.gov/Archives/edgar/data/28412/000095012407003892/0000950124-07-003892-index.htm",
        "finalLink": "https://www.sec.gov/Archives/edgar/data/28412/000095012407003892/k17125e10vq.htm"
    },
    {
        "date": "2007-03-31",
        "symbol": "CMA",
        "reportedCurrency": "USD",
        "cik": "0000028412",
        "fillingDate": "2007-05-02",
        "acceptedDate": "2007-05-02 07:53:03",
        "calendarYear": "2007",
        "period": "Q1",
        "revenue": 1104000000,
        "costOfRevenue": 422000000,
        "grossProfit": 682000000,
        "grossProfitRatio": 0.6177536232,
        "researchAndDevelopmentExpenses": 0,
        "generalAndAdministrativeExpenses": 252000000,
        "sellingAndMarketingExpenses": 0,
        "sellingGeneralAndAdministrativeExpenses": 252000000,
        "otherExpenses": 155000000,
        "operatingExpenses": 407000000,
        "costAndExpenses": 829000000,
        "interestIncome": 901000000,
        "interestExpense": 399000000,
        "depreciationAndAmortization": 22000000,
        "ebitda": 297000000,
        "ebitdaratio": 0.2690217391,
        "operatingIncome": 275000000,
        "operatingIncomeRatio": 0.2490942029,
        "totalOtherIncomeExpensesNet": 0,
        "incomeBeforeTax": 275000000,
        "incomeBeforeTaxRatio": 0.2490942029,
        "incomeTaxExpense": 86000000,
        "netIncome": 190000000,
        "netIncomeRatio": 0.1721014493,
        "eps": 1.21,
        "epsdiluted": 1.19,
        "weightedAverageShsOut": 157025000,
        "weightedAverageShsOutDil": 159664000,
        "link": "https://www.sec.gov/Archives/edgar/data/28412/000095012407002602/0000950124-07-002602-index.htm",
        "finalLink": "https://www.sec.gov/Archives/edgar/data/28412/000095012407002602/k14559e10vq.htm"
    },
    {
        "date": "2006-12-31",
        "symbol": "CMA",
        "reportedCurrency": "USD",
        "cik": "0000028412",
        "fillingDate": "2007-02-27",
        "acceptedDate": "2007-02-27 13:22:06",
        "calendarYear": "2006",
        "period": "Q4",
        "revenue": 1135000000,
        "costOfRevenue": 437000000,
        "grossProfit": 698000000,
        "grossProfitRatio": 0.6149779736,
        "researchAndDevelopmentExpenses": 0,
        "generalAndAdministrativeExpenses": 265000000,
        "sellingAndMarketingExpenses": 0,
        "sellingGeneralAndAdministrativeExpenses": 265000000,
        "otherExpenses": 148000000,
        "operatingExpenses": 413000000,
        "costAndExpenses": 850000000,
        "interestIncome": 912000000,
        "interestExpense": 410000000,
        "depreciationAndAmortization": 24000000,
        "ebitda": 309000000,
        "ebitdaratio": 0.272246696,
        "operatingIncome": 285000000,
        "operatingIncomeRatio": 0.2511013216,
        "totalOtherIncomeExpensesNet": 0,
        "incomeBeforeTax": 285000000,
        "incomeBeforeTaxRatio": 0.2511013216,
        "incomeTaxExpense": 100000000,
        "netIncome": 299000000,
        "netIncomeRatio": 0.2634361233,
        "eps": 1.9,
        "epsdiluted": 1.89,
        "weightedAverageShsOut": 157073000,
        "weightedAverageShsOutDil": 158440000,
        "link": "https://www.sec.gov/Archives/edgar/data/28412/000095012407001147/0000950124-07-001147-index.htm",
        "finalLink": "https://www.sec.gov/Archives/edgar/data/28412/000095012407001147/k11704e10vk.htm"
    },
    {
        "date": "2006-09-30",
        "symbol": "CMA",
        "reportedCurrency": "USD",
        "cik": "0000028412",
        "fillingDate": "2006-10-30",
        "acceptedDate": "2006-10-30 16:14:24",
        "calendarYear": "2006",
        "period": "Q3",
        "revenue": 1088000000,
        "costOfRevenue": 406000000,
        "grossProfit": 682000000,
        "grossProfitRatio": 0.6268382353,
        "researchAndDevelopmentExpenses": 0,
        "generalAndAdministrativeExpenses": 250000000,
        "sellingAndMarketingExpenses": 0,
        "sellingGeneralAndAdministrativeExpenses": 250000000,
        "otherExpenses": 149000000,
        "operatingExpenses": 399000000,
        "costAndExpenses": 805000000,
        "interestIncome": 893000000,
        "interestExpense": 391000000,
        "depreciationAndAmortization": 18000000,
        "ebitda": 301000000,
        "ebitdaratio": 0.2766544118,
        "operatingIncome": 283000000,
        "operatingIncomeRatio": 0.2601102941,
        "totalOtherIncomeExpensesNet": 0,
        "incomeBeforeTax": 283000000,
        "incomeBeforeTaxRatio": 0.2601102941,
        "incomeTaxExpense": 88000000,
        "netIncome": 200000000,
        "netIncomeRatio": 0.1838235294,
        "eps": 1.25,
        "epsdiluted": 1.23,
        "weightedAverageShsOut": 160000000,
        "weightedAverageShsOutDil": 162602000,
        "link": "https://www.sec.gov/Archives/edgar/data/28412/000095012406006233/0000950124-06-006233-index.htm",
        "finalLink": "https://www.sec.gov/Archives/edgar/data/28412/000095012406006233/k09356e10vq.htm"
    },
    {
        "date": "2006-06-30",
        "symbol": "CMA",
        "reportedCurrency": "USD",
        "cik": "0000028412",
        "fillingDate": "2006-08-01",
        "acceptedDate": "2006-08-01 11:57:21",
        "calendarYear": "2006",
        "period": "Q2",
        "revenue": 1050000000,
        "costOfRevenue": 372000000,
        "grossProfit": 678000000,
        "grossProfitRatio": 0.6457142857,
        "researchAndDevelopmentExpenses": 0,
        "generalAndAdministrativeExpenses": 241000000,
        "sellingAndMarketingExpenses": 0,
        "sellingGeneralAndAdministrativeExpenses": 241000000,
        "otherExpenses": 150000000,
        "operatingExpenses": 391000000,
        "costAndExpenses": 763000000,
        "interestIncome": 847000000,
        "interestExpense": 345000000,
        "depreciationAndAmortization": 23000000,
        "ebitda": 310000000,
        "ebitdaratio": 0.2952380952,
        "operatingIncome": 287000000,
        "operatingIncomeRatio": 0.2733333333,
        "totalOtherIncomeExpensesNet": 0,
        "incomeBeforeTax": 287000000,
        "incomeBeforeTaxRatio": 0.2733333333,
        "incomeTaxExpense": 92000000,
        "netIncome": 200000000,
        "netIncomeRatio": 0.1904761905,
        "eps": 1.24,
        "epsdiluted": 1.22,
        "weightedAverageShsOut": 161290000,
        "weightedAverageShsOutDil": 163934000,
        "link": "https://www.sec.gov/Archives/edgar/data/28412/000095012406004080/0000950124-06-004080-index.htm",
        "finalLink": "https://www.sec.gov/Archives/edgar/data/28412/000095012406004080/k06891e10vq.htm"
    },
    {
        "date": "2006-03-31",
        "symbol": "CMA",
        "reportedCurrency": "USD",
        "cik": "0000028412",
        "fillingDate": "2006-05-03",
        "acceptedDate": "2006-05-03 15:20:09",
        "calendarYear": "2006",
        "period": "Q1",
        "revenue": 967000000,
        "costOfRevenue": 266000000,
        "grossProfit": 701000000,
        "grossProfitRatio": 0.7249224405,
        "researchAndDevelopmentExpenses": 0,
        "generalAndAdministrativeExpenses": 243000000,
        "sellingAndMarketingExpenses": 0,
        "sellingGeneralAndAdministrativeExpenses": 243000000,
        "otherExpenses": 186000000,
        "operatingExpenses": 429000000,
        "costAndExpenses": 695000000,
        "interestIncome": 772000000,
        "interestExpense": 293000000,
        "depreciationAndAmortization": 19000000,
        "ebitda": 291000000,
        "ebitdaratio": 0.3009307135,
        "operatingIncome": 272000000,
        "operatingIncomeRatio": 0.2812823164,
        "totalOtherIncomeExpensesNet": 0,
        "incomeBeforeTax": 272000000,
        "incomeBeforeTaxRatio": 0.2812823164,
        "incomeTaxExpense": 65000000,
        "netIncome": 194000000,
        "netIncomeRatio": 0.2006204757,
        "eps": 1.2,
        "epsdiluted": 1.18,
        "weightedAverageShsOut": 161667000,
        "weightedAverageShsOutDil": 164407000,
        "link": "https://www.sec.gov/Archives/edgar/data/28412/000095012406002439/0000950124-06-002439-index.htm",
        "finalLink": "https://www.sec.gov/Archives/edgar/data/28412/000095012406002439/k04743e10vq.htm"
    },
    {
        "date": "2005-12-31",
        "symbol": "CMA",
        "reportedCurrency": "USD",
        "cik": "0000028412",
        "fillingDate": "2006-03-03",
        "acceptedDate": "2006-03-03 12:21:31",
        "calendarYear": "2005",
        "period": "Q4",
        "revenue": 1026000000,
        "costOfRevenue": 224000000,
        "grossProfit": 802000000,
        "grossProfitRatio": 0.7816764133,
        "researchAndDevelopmentExpenses": 0,
        "generalAndAdministrativeExpenses": 272000000,
        "sellingAndMarketingExpenses": 0,
        "sellingGeneralAndAdministrativeExpenses": 272000000,
        "otherExpenses": 215000000,
        "operatingExpenses": 487000000,
        "costAndExpenses": 711000000,
        "interestIncome": 745000000,
        "interestExpense": 244000000,
        "depreciationAndAmortization": 32000000,
        "ebitda": 347000000,
        "ebitdaratio": 0.3382066277,
        "operatingIncome": 315000000,
        "operatingIncomeRatio": 0.3070175439,
        "totalOtherIncomeExpensesNet": 0,
        "incomeBeforeTax": 315000000,
        "incomeBeforeTaxRatio": 0.3070175439,
        "incomeTaxExpense": 108000000,
        "netIncome": 207000000,
        "netIncomeRatio": 0.201754386,
        "eps": 1.26,
        "epsdiluted": 1.24,
        "weightedAverageShsOut": 164923000,
        "weightedAverageShsOutDil": 166390000,
        "link": "https://www.sec.gov/Archives/edgar/data/28412/000095012406000963/0000950124-06-000963-index.htm",
        "finalLink": "https://www.sec.gov/Archives/edgar/data/28412/000095012406000963/z02267e10vk.htm"
    },
    {
        "date": "2005-09-30",
        "symbol": "CMA",
        "reportedCurrency": "USD",
        "cik": "0000028412",
        "fillingDate": "2005-11-03",
        "acceptedDate": "2005-11-03 17:16:30",
        "calendarYear": "2005",
        "period": "Q3",
        "revenue": 934000000,
        "costOfRevenue": 177000000,
        "grossProfit": 757000000,
        "grossProfitRatio": 0.8104925054,
        "researchAndDevelopmentExpenses": 0,
        "generalAndAdministrativeExpenses": 255000000,
        "sellingAndMarketingExpenses": 0,
        "sellingGeneralAndAdministrativeExpenses": 255000000,
        "otherExpenses": 156000000,
        "operatingExpenses": 411000000,
        "costAndExpenses": 588000000,
        "interestIncome": 719000000,
        "interestExpense": 207000000,
        "depreciationAndAmortization": 31000000,
        "ebitda": 377000000,
        "ebitdaratio": 0.403640257,
        "operatingIncome": 346000000,
        "operatingIncomeRatio": 0.3704496788,
        "totalOtherIncomeExpensesNet": 0,
        "incomeBeforeTax": 346000000,
        "incomeBeforeTaxRatio": 0.3704496788,
        "incomeTaxExpense": 113000000,
        "netIncome": 238000000,
        "netIncomeRatio": 0.2548179872,
        "eps": 1.43,
        "epsdiluted": 1.41,
        "weightedAverageShsOut": 166434000,
        "weightedAverageShsOutDil": 168794000,
        "link": "https://www.sec.gov/Archives/edgar/data/28412/000095012405006127/0000950124-05-006127-index.htm",
        "finalLink": "https://www.sec.gov/Archives/edgar/data/28412/000095012405006127/k99330e10vq.htm"
    },
    {
        "date": "2005-06-30",
        "symbol": "CMA",
        "reportedCurrency": "USD",
        "cik": "0000028412",
        "fillingDate": "2005-08-04",
        "acceptedDate": "2005-08-04 16:18:16",
        "calendarYear": "2005",
        "period": "Q2",
        "revenue": 874000000,
        "costOfRevenue": 174000000,
        "grossProfit": 700000000,
        "grossProfitRatio": 0.8009153318,
        "researchAndDevelopmentExpenses": 0,
        "generalAndAdministrativeExpenses": 241000000,
        "sellingAndMarketingExpenses": 0,
        "sellingGeneralAndAdministrativeExpenses": 241000000,
        "otherExpenses": 142000000,
        "operatingExpenses": 383000000,
        "costAndExpenses": 557000000,
        "interestIncome": 655000000,
        "interestExpense": 172000000,
        "depreciationAndAmortization": 34000000,
        "ebitda": 351000000,
        "ebitdaratio": 0.4016018307,
        "operatingIncome": 317000000,
        "operatingIncomeRatio": 0.3627002288,
        "totalOtherIncomeExpensesNet": 0,
        "incomeBeforeTax": 317000000,
        "incomeBeforeTaxRatio": 0.3627002288,
        "incomeTaxExpense": 100000000,
        "netIncome": 217000000,
        "netIncomeRatio": 0.2482837529,
        "eps": 1.29,
        "epsdiluted": 1.28,
        "weightedAverageShsOut": 168217000,
        "weightedAverageShsOutDil": 169531000,
        "link": "https://www.sec.gov/Archives/edgar/data/28412/000095012405004686/0000950124-05-004686-index.htm",
        "finalLink": "https://www.sec.gov/Archives/edgar/data/28412/000095012405004686/k97135e10vq.htm"
    },
    {
        "date": "2005-03-31",
        "symbol": "CMA",
        "reportedCurrency": "USD",
        "cik": "0000028412",
        "fillingDate": "2005-05-04",
        "acceptedDate": "2005-05-04 15:48:46",
        "calendarYear": "2005",
        "period": "Q1",
        "revenue": 817000000,
        "costOfRevenue": 148000000,
        "grossProfit": 669000000,
        "grossProfitRatio": 0.8188494492,
        "researchAndDevelopmentExpenses": 0,
        "generalAndAdministrativeExpenses": 236000000,
        "sellingAndMarketingExpenses": 0,
        "sellingGeneralAndAdministrativeExpenses": 236000000,
        "otherExpenses": 138000000,
        "operatingExpenses": 374000000,
        "costAndExpenses": 522000000,
        "interestIncome": 607000000,
        "interestExpense": 147000000,
        "depreciationAndAmortization": 29000000,
        "ebitda": 324000000,
        "ebitdaratio": 0.3965728274,
        "operatingIncome": 295000000,
        "operatingIncomeRatio": 0.3610771114,
        "totalOtherIncomeExpensesNet": 0,
        "incomeBeforeTax": 295000000,
        "incomeBeforeTaxRatio": 0.3610771114,
        "incomeTaxExpense": 96000000,
        "netIncome": 199000000,
        "netIncomeRatio": 0.2435740514,
        "eps": 1.18,
        "epsdiluted": 1.16,
        "weightedAverageShsOut": 168644000,
        "weightedAverageShsOutDil": 171552000,
        "link": "https://www.sec.gov/Archives/edgar/data/28412/000095012405002961/0000950124-05-002961-index.htm",
        "finalLink": "https://www.sec.gov/Archives/edgar/data/28412/000095012405002961/k94694e10vq.htm"
    },
    {
        "date": "2004-12-31",
        "symbol": "CMA",
        "reportedCurrency": "USD",
        "cik": "0000028412",
        "fillingDate": "2005-03-03",
        "acceptedDate": "2005-03-03 15:22:46",
        "calendarYear": "2004",
        "period": "Q4",
        "revenue": 794000000,
        "costOfRevenue": 104000000,
        "grossProfit": 690000000,
        "grossProfitRatio": 0.8690176322,
        "researchAndDevelopmentExpenses": 0,
        "generalAndAdministrativeExpenses": 233000000,
        "sellingAndMarketingExpenses": 0,
        "sellingGeneralAndAdministrativeExpenses": 233000000,
        "otherExpenses": 147000000,
        "operatingExpenses": 380000000,
        "costAndExpenses": 484000000,
        "interestIncome": 591000000,
        "interestExpense": 125000000,
        "depreciationAndAmortization": 32000000,
        "ebitda": 342000000,
        "ebitdaratio": 0.4307304786,
        "operatingIncome": 310000000,
        "operatingIncomeRatio": 0.3904282116,
        "totalOtherIncomeExpensesNet": 0,
        "incomeBeforeTax": 310000000,
        "incomeBeforeTaxRatio": 0.3904282116,
        "incomeTaxExpense": 103000000,
        "netIncome": 207000000,
        "netIncomeRatio": 0.2607052897,
        "eps": 1.21,
        "epsdiluted": 1.2,
        "weightedAverageShsOut": 170759000,
        "weightedAverageShsOutDil": 172190000,
        "link": "https://www.sec.gov/Archives/edgar/data/28412/000095012405001234/0000950124-05-001234-index.htm",
        "finalLink": "https://www.sec.gov/Archives/edgar/data/28412/000095012405001234/k92690e10vk.htm"
    },
    {
        "date": "2004-09-30",
        "symbol": "CMA",
        "reportedCurrency": "USD",
        "cik": "0000028412",
        "fillingDate": "2004-11-05",
        "acceptedDate": "2004-11-05 11:31:55",
        "calendarYear": "2004",
        "period": "Q3",
        "revenue": 764000000,
        "costOfRevenue": 107000000,
        "grossProfit": 657000000,
        "grossProfitRatio": 0.859947644,
        "researchAndDevelopmentExpenses": 0,
        "generalAndAdministrativeExpenses": 225000000,
        "sellingAndMarketingExpenses": 0,
        "sellingGeneralAndAdministrativeExpenses": 225000000,
        "otherExpenses": 147000000,
        "operatingExpenses": 372000000,
        "costAndExpenses": 479000000,
        "interestIncome": 558000000,
        "interestExpense": 107000000,
        "depreciationAndAmortization": 26000000,
        "ebitda": 311000000,
        "ebitdaratio": 0.4070680628,
        "operatingIncome": 285000000,
        "operatingIncomeRatio": 0.3730366492,
        "totalOtherIncomeExpensesNet": 0,
        "incomeBeforeTax": 285000000,
        "incomeBeforeTaxRatio": 0.3730366492,
        "incomeTaxExpense": 89000000,
        "netIncome": 196000000,
        "netIncomeRatio": 0.2565445026,
        "eps": 1.15,
        "epsdiluted": 1.13,
        "weightedAverageShsOut": 170435000,
        "weightedAverageShsOutDil": 173451000,
        "link": "https://www.sec.gov/Archives/edgar/data/28412/000095012404005341/0000950124-04-005341-index.htm",
        "finalLink": "https://www.sec.gov/Archives/edgar/data/28412/000095012404005341/k88654e10vq.htm"
    },
    {
        "date": "2004-06-30",
        "symbol": "CMA",
        "reportedCurrency": "USD",
        "cik": "0000028412",
        "fillingDate": "2004-08-06",
        "acceptedDate": "2004-08-06 11:18:01",
        "calendarYear": "2004",
        "period": "Q2",
        "revenue": 773000000,
        "costOfRevenue": 117000000,
        "grossProfit": 656000000,
        "grossProfitRatio": 0.8486416559,
        "researchAndDevelopmentExpenses": 0,
        "generalAndAdministrativeExpenses": 235000000,
        "sellingAndMarketingExpenses": 0,
        "sellingGeneralAndAdministrativeExpenses": 235000000,
        "otherExpenses": 137000000,
        "operatingExpenses": 372000000,
        "costAndExpenses": 489000000,
        "interestIncome": 545000000,
        "interestExpense": 97000000,
        "depreciationAndAmortization": 41000000,
        "ebitda": 325000000,
        "ebitdaratio": 0.4204398448,
        "operatingIncome": 284000000,
        "operatingIncomeRatio": 0.3673997413,
        "totalOtherIncomeExpensesNet": 0,
        "incomeBeforeTax": 284000000,
        "incomeBeforeTaxRatio": 0.3673997413,
        "incomeTaxExpense": 92000000,
        "netIncome": 192000000,
        "netIncomeRatio": 0.2483829237,
        "eps": 1.11,
        "epsdiluted": 1.1,
        "weightedAverageShsOut": 172973000,
        "weightedAverageShsOutDil": 174545000,
        "link": "https://www.sec.gov/Archives/edgar/data/28412/000095012404003628/0000950124-04-003628-index.htm",
        "finalLink": "https://www.sec.gov/Archives/edgar/data/28412/000095012404003628/k86597e10vq.htm"
    },
    {
        "date": "2004-03-31",
        "symbol": "CMA",
        "reportedCurrency": "USD",
        "cik": "0000028412",
        "fillingDate": "2004-05-05",
        "acceptedDate": "2004-05-05 16:12:03",
        "calendarYear": "2004",
        "period": "Q1",
        "revenue": 763000000,
        "costOfRevenue": 163000000,
        "grossProfit": 600000000,
        "grossProfitRatio": 0.7863695937,
        "researchAndDevelopmentExpenses": 0,
        "generalAndAdministrativeExpenses": 226000000,
        "sellingAndMarketingExpenses": 0,
        "sellingGeneralAndAdministrativeExpenses": 226000000,
        "otherExpenses": 143000000,
        "operatingExpenses": 369000000,
        "costAndExpenses": 532000000,
        "interestIncome": 543000000,
        "interestExpense": 98000000,
        "depreciationAndAmortization": 30000000,
        "ebitda": 261000000,
        "ebitdaratio": 0.3420707733,
        "operatingIncome": 231000000,
        "operatingIncomeRatio": 0.3027522936,
        "totalOtherIncomeExpensesNet": 0,
        "incomeBeforeTax": 231000000,
        "incomeBeforeTaxRatio": 0.3027522936,
        "incomeTaxExpense": 69000000,
        "netIncome": 162000000,
        "netIncomeRatio": 0.2123197903,
        "eps": 0.93,
        "epsdiluted": 0.92,
        "weightedAverageShsOut": 174194000,
        "weightedAverageShsOutDil": 176087000,
        "link": "https://www.sec.gov/Archives/edgar/data/28412/000095012404002051/0000950124-04-002051-index.htm",
        "finalLink": "https://www.sec.gov/Archives/edgar/data/28412/000095012404002051/k85051e10vq.htm"
    },
    {
        "date": "2003-12-31",
        "symbol": "CMA",
        "reportedCurrency": "USD",
        "cik": "0000028412",
        "fillingDate": "2004-03-09",
        "acceptedDate": "2004-03-09 12:35:10",
        "calendarYear": "2003",
        "period": "Q4",
        "revenue": 780000000,
        "costOfRevenue": 180000000,
        "grossProfit": 600000000,
        "grossProfitRatio": 0.7692307692,
        "researchAndDevelopmentExpenses": 0,
        "generalAndAdministrativeExpenses": 227000000,
        "sellingAndMarketingExpenses": 0,
        "sellingGeneralAndAdministrativeExpenses": 227000000,
        "otherExpenses": 152000000,
        "operatingExpenses": 379000000,
        "costAndExpenses": 559000000,
        "interestIncome": 560000000,
        "interestExpense": 103000000,
        "depreciationAndAmortization": 46000000,
        "ebitda": 267000000,
        "ebitdaratio": 0.3423076923,
        "operatingIncome": 221000000,
        "operatingIncomeRatio": 0.2833333333,
        "totalOtherIncomeExpensesNet": 0,
        "incomeBeforeTax": 221000000,
        "incomeBeforeTaxRatio": 0.2833333333,
        "incomeTaxExpense": 63000000,
        "netIncome": 158000000,
        "netIncomeRatio": 0.2025641026,
        "eps": 0.9,
        "epsdiluted": 0.89,
        "weightedAverageShsOut": 175513000,
        "weightedAverageShsOutDil": 177444000,
        "link": "https://www.sec.gov/Archives/edgar/data/28412/000095012404000754/0000950124-04-000754-index.htm",
        "finalLink": "https://www.sec.gov/Archives/edgar/data/28412/000095012404000754/k83434e10vk.htm"
    },
    {
        "date": "2003-09-30",
        "symbol": "CMA",
        "reportedCurrency": "USD",
        "cik": "0000028412",
        "fillingDate": "2003-11-13",
        "acceptedDate": "2003-11-13 13:40:59",
        "calendarYear": "2003",
        "period": "Q3",
        "revenue": 800000000,
        "costOfRevenue": 197000000,
        "grossProfit": 603000000,
        "grossProfitRatio": 0.75375,
        "researchAndDevelopmentExpenses": 0,
        "generalAndAdministrativeExpenses": 229000000,
        "sellingAndMarketingExpenses": 0,
        "sellingGeneralAndAdministrativeExpenses": 229000000,
        "otherExpenses": 148000000,
        "operatingExpenses": 377000000,
        "costAndExpenses": 574000000,
        "interestIncome": 579000000,
        "interestExpense": 114000000,
        "depreciationAndAmortization": 18000000,
        "ebitda": 244000000,
        "ebitdaratio": 0.305,
        "operatingIncome": 226000000,
        "operatingIncomeRatio": 0.2825,
        "totalOtherIncomeExpensesNet": 0,
        "incomeBeforeTax": 226000000,
        "incomeBeforeTaxRatio": 0.2825,
        "incomeTaxExpense": 69000000,
        "netIncome": 157000000,
        "netIncomeRatio": 0.19625,
        "eps": 0.9,
        "epsdiluted": 0.89,
        "weightedAverageShsOut": 174444000,
        "weightedAverageShsOutDil": 176404000,
        "link": "https://www.sec.gov/Archives/edgar/data/28412/000095012403003637/0000950124-03-003637-index.htm",
        "finalLink": "https://www.sec.gov/Archives/edgar/data/28412/000095012403003637/k80488e10vq.htm"
    },
    {
        "date": "2003-06-30",
        "symbol": "CMA",
        "reportedCurrency": "USD",
        "cik": "0000028412",
        "fillingDate": "2003-08-14",
        "acceptedDate": "2003-08-14 13:46:10",
        "calendarYear": "2003",
        "period": "Q2",
        "revenue": 853000000,
        "costOfRevenue": 245000000,
        "grossProfit": 608000000,
        "grossProfitRatio": 0.7127784291,
        "researchAndDevelopmentExpenses": 0,
        "generalAndAdministrativeExpenses": 219000000,
        "sellingAndMarketingExpenses": 0,
        "sellingGeneralAndAdministrativeExpenses": 219000000,
        "otherExpenses": 141000000,
        "operatingExpenses": 360000000,
        "costAndExpenses": 605000000,
        "interestIncome": 627000000,
        "interestExpense": 134000000,
        "depreciationAndAmortization": 20000000,
        "ebitda": 268000000,
        "ebitdaratio": 0.3141852286,
        "operatingIncome": 248000000,
        "operatingIncomeRatio": 0.2907385698,
        "totalOtherIncomeExpensesNet": 0,
        "incomeBeforeTax": 248000000,
        "incomeBeforeTaxRatio": 0.2907385698,
        "incomeTaxExpense": 78000000,
        "netIncome": 170000000,
        "netIncomeRatio": 0.1992966002,
        "eps": 0.98,
        "epsdiluted": 0.97,
        "weightedAverageShsOut": 173469000,
        "weightedAverageShsOutDil": 175258000,
        "link": "https://www.sec.gov/Archives/edgar/data/28412/000095012403002772/0000950124-03-002772-index.htm",
        "finalLink": "https://www.sec.gov/Archives/edgar/data/28412/000095012403002772/k78892e10vq.htm"
    },
    {
        "date": "2003-03-31",
        "symbol": "CMA",
        "reportedCurrency": "USD",
        "cik": "0000028412",
        "fillingDate": "2003-05-14",
        "acceptedDate": "2003-05-14 13:10:09",
        "calendarYear": "2003",
        "period": "Q1",
        "revenue": 866000000,
        "costOfRevenue": 241000000,
        "grossProfit": 625000000,
        "grossProfitRatio": 0.7217090069,
        "researchAndDevelopmentExpenses": 0,
        "generalAndAdministrativeExpenses": 222000000,
        "sellingAndMarketingExpenses": 0,
        "sellingGeneralAndAdministrativeExpenses": 222000000,
        "otherExpenses": 145000000,
        "operatingExpenses": 367000000,
        "costAndExpenses": 608000000,
        "interestIncome": 646000000,
        "interestExpense": 135000000,
        "depreciationAndAmortization": 15000000,
        "ebitda": 273000000,
        "ebitdaratio": 0.3152424942,
        "operatingIncome": 258000000,
        "operatingIncomeRatio": 0.2979214781,
        "totalOtherIncomeExpensesNet": 0,
        "incomeBeforeTax": 258000000,
        "incomeBeforeTaxRatio": 0.2979214781,
        "incomeTaxExpense": 82000000,
        "netIncome": 176000000,
        "netIncomeRatio": 0.2032332564,
        "eps": 1.01,
        "epsdiluted": 1,
        "weightedAverageShsOut": 174257000,
        "weightedAverageShsOutDil": 176000000,
        "link": "https://www.sec.gov/Archives/edgar/data/28412/000095012403001738/0000950124-03-001738-index.htm",
        "finalLink": "https://www.sec.gov/Archives/edgar/data/28412/000095012403001738/k76727e10vq.htm"
    },
    {
        "date": "2002-12-31",
        "symbol": "CMA",
        "reportedCurrency": "USD",
        "cik": "0000028412",
        "fillingDate": "2003-03-31",
        "acceptedDate": "2003-03-31 15:45:34",
        "calendarYear": "2002",
        "period": "Q4",
        "revenue": 940000000,
        "costOfRevenue": 255000000,
        "grossProfit": 685000000,
        "grossProfitRatio": 0.7287234043,
        "researchAndDevelopmentExpenses": 0,
        "generalAndAdministrativeExpenses": 214000000,
        "sellingAndMarketingExpenses": 0,
        "sellingGeneralAndAdministrativeExpenses": 214000000,
        "otherExpenses": 172000000,
        "operatingExpenses": 386000000,
        "costAndExpenses": 641000000,
        "interestIncome": 686000000,
        "interestExpense": 153000000,
        "depreciationAndAmortization": 15000000,
        "ebitda": 314000000,
        "ebitdaratio": 0.3340425532,
        "operatingIncome": 299000000,
        "operatingIncomeRatio": 0.3180851064,
        "totalOtherIncomeExpensesNet": 0,
        "incomeBeforeTax": 299000000,
        "incomeBeforeTaxRatio": 0.3180851064,
        "incomeTaxExpense": 93000000,
        "netIncome": 206000000,
        "netIncomeRatio": 0.2191489362,
        "eps": 1.19,
        "epsdiluted": 1.15,
        "weightedAverageShsOut": 173640000,
        "weightedAverageShsOutDil": 179320000,
        "link": "https://www.sec.gov/Archives/edgar/data/28412/000095012403001029/0000950124-03-001029-index.htm",
        "finalLink": "https://www.sec.gov/Archives/edgar/data/28412/000095012403001029/k74575e10vk.htm"
    },
    {
        "date": "2002-09-30",
        "symbol": "CMA",
        "reportedCurrency": "USD",
        "cik": "0000028412",
        "fillingDate": "2002-11-14",
        "acceptedDate": "2002-11-14 11:02:28",
        "calendarYear": "2002",
        "period": "Q3",
        "revenue": 910000000,
        "costOfRevenue": 451000000,
        "grossProfit": 459000000,
        "grossProfitRatio": 0.5043956044,
        "researchAndDevelopmentExpenses": 0,
        "generalAndAdministrativeExpenses": 214000000,
        "sellingAndMarketingExpenses": 0,
        "sellingGeneralAndAdministrativeExpenses": 214000000,
        "otherExpenses": 219000000,
        "operatingExpenses": 433000000,
        "costAndExpenses": 884000000,
        "interestIncome": 694000000,
        "interestExpense": 166000000,
        "depreciationAndAmortization": 25000000,
        "ebitda": 51000000,
        "ebitdaratio": 0.056043956,
        "operatingIncome": 26000000,
        "operatingIncomeRatio": 0.0285714286,
        "totalOtherIncomeExpensesNet": 0,
        "incomeBeforeTax": 26000000,
        "incomeBeforeTaxRatio": 0.0285714286,
        "incomeTaxExpense": 2000000,
        "netIncome": 24000000,
        "netIncomeRatio": 0.0263736264,
        "eps": 0.14,
        "epsdiluted": 0.14,
        "weightedAverageShsOut": 174000000,
        "weightedAverageShsOutDil": 176000000,
        "link": "https://www.sec.gov/Archives/edgar/data/28412/000095012402003537/0000950124-02-003537-index.htm",
        "finalLink": "https://www.sec.gov/Archives/edgar/data/28412/000095012402003537/k72350e10vq.txt"
    },
    {
        "date": "2002-06-30",
        "symbol": "CMA",
        "reportedCurrency": "USD",
        "cik": "0000028412",
        "fillingDate": "2002-08-13",
        "acceptedDate": "2002-08-12 20:29:08",
        "calendarYear": "2002",
        "period": "Q2",
        "revenue": 927000000,
        "costOfRevenue": 307000000,
        "grossProfit": 620000000,
        "grossProfitRatio": 0.668824164,
        "researchAndDevelopmentExpenses": 0,
        "generalAndAdministrativeExpenses": 208000000,
        "sellingAndMarketingExpenses": 0,
        "sellingGeneralAndAdministrativeExpenses": 208000000,
        "otherExpenses": 140000000,
        "operatingExpenses": 348000000,
        "costAndExpenses": 655000000,
        "interestIncome": 705000000,
        "interestExpense": 174000000,
        "depreciationAndAmortization": 16000000,
        "ebitda": 288000000,
        "ebitdaratio": 0.3106796117,
        "operatingIncome": 272000000,
        "operatingIncomeRatio": 0.2934196332,
        "totalOtherIncomeExpensesNet": 0,
        "incomeBeforeTax": 272000000,
        "incomeBeforeTaxRatio": 0.2934196332,
        "incomeTaxExpense": 88000000,
        "netIncome": 184000000,
        "netIncomeRatio": 0.1984897519,
        "eps": 1.05,
        "epsdiluted": 1.03,
        "weightedAverageShsOut": 175410000,
        "weightedAverageShsOutDil": 178330000,
        "link": "https://www.sec.gov/Archives/edgar/data/28412/000095013702004334/0000950137-02-004334-index.htm",
        "finalLink": "https://www.sec.gov/Archives/edgar/data/28412/000095013702004334/k71180e10vq.txt"
    },
    {
        "date": "2002-03-30",
        "symbol": "CMA",
        "reportedCurrency": "USD",
        "cik": "0000028412",
        "fillingDate": "2002-05-14",
        "acceptedDate": "2002-05-14 17:03:48",
        "calendarYear": "2002",
        "period": "Q1",
        "revenue": 909000000,
        "costOfRevenue": 247000000,
        "grossProfit": 662000000,
        "grossProfitRatio": 0.7282728273,
        "researchAndDevelopmentExpenses": 0,
        "generalAndAdministrativeExpenses": 197000000,
        "sellingAndMarketingExpenses": 0,
        "sellingGeneralAndAdministrativeExpenses": 197000000,
        "otherExpenses": 139000000,
        "operatingExpenses": 336000000,
        "costAndExpenses": 583000000,
        "interestIncome": 712000000,
        "interestExpense": 172000000,
        "depreciationAndAmortization": 15000000,
        "ebitda": 341000000,
        "ebitdaratio": 0.3751375138,
        "operatingIncome": 326000000,
        "operatingIncomeRatio": 0.3586358636,
        "totalOtherIncomeExpensesNet": 0,
        "incomeBeforeTax": 326000000,
        "incomeBeforeTaxRatio": 0.3586358636,
        "incomeTaxExpense": 112000000,
        "netIncome": 214000000,
        "netIncomeRatio": 0.2354235424,
        "eps": 1.22,
        "epsdiluted": 1.2,
        "weightedAverageShsOut": 175410000,
        "weightedAverageShsOutDil": 178330000,
        "link": "https://www.sec.gov/Archives/edgar/data/28412/000095012402001793/0000950124-02-001793-index.htm",
        "finalLink": "https://www.sec.gov/Archives/edgar/data/28412/000095012402001793/k69552e10-q.txt"
    },
    {
        "date": "2001-12-31",
        "symbol": "CMA",
        "reportedCurrency": "USD",
        "cik": "0000028412",
        "fillingDate": "2002-04-01",
        "acceptedDate": "2002-04-01 00:00:00",
        "calendarYear": "2001",
        "period": "Q4",
        "revenue": 970304000,
        "costOfRevenue": 287886000,
        "grossProfit": 682418000,
        "grossProfitRatio": 0.7033032946,
        "researchAndDevelopmentExpenses": 0,
        "generalAndAdministrativeExpenses": 200869000,
        "sellingAndMarketingExpenses": 0,
        "sellingGeneralAndAdministrativeExpenses": 200869000,
        "otherExpenses": 170561000,
        "operatingExpenses": 371430000,
        "costAndExpenses": 659316000,
        "interestIncome": 755012000,
        "interestExpense": 218886000,
        "depreciationAndAmortization": 23909000,
        "ebitda": 334897000,
        "ebitdaratio": 0.3451464696,
        "operatingIncome": 310988000,
        "operatingIncomeRatio": 0.3205057384,
        "totalOtherIncomeExpensesNet": 0,
        "incomeBeforeTax": 310988000,
        "incomeBeforeTaxRatio": 0.3205057384,
        "incomeTaxExpense": 112009000,
        "netIncome": 198979000,
        "netIncomeRatio": 0.2050687207,
        "eps": 0.81,
        "epsdiluted": 1.11,
        "weightedAverageShsOut": 177033000,
        "weightedAverageShsOutDil": 179783000,
        "link": "https://www.sec.gov/Archives/edgar/data/28412/000095012402001144/0000950124-02-001144-index.htm",
        "finalLink": "https://www.sec.gov/Archives/edgar/data/28412/000095012402001144/k66465e10-k.txt"
    },
    {
        "date": "2001-09-30",
        "symbol": "CMA",
        "reportedCurrency": "USD",
        "cik": "0000028412",
        "fillingDate": "2001-11-13",
        "acceptedDate": "2001-11-13 00:00:00",
        "calendarYear": "2001",
        "period": "Q3",
        "revenue": 1039000000,
        "costOfRevenue": 355000000,
        "grossProfit": 684000000,
        "grossProfitRatio": 0.6583253128,
        "researchAndDevelopmentExpenses": 0,
        "generalAndAdministrativeExpenses": 198000000,
        "sellingAndMarketingExpenses": 0,
        "sellingGeneralAndAdministrativeExpenses": 198000000,
        "otherExpenses": 167000000,
        "operatingExpenses": 365000000,
        "costAndExpenses": 720000000,
        "interestIncome": 824000000,
        "interestExpense": 297000000,
        "depreciationAndAmortization": 24000000,
        "ebitda": 343000000,
        "ebitdaratio": 0.3301251203,
        "operatingIncome": 319000000,
        "operatingIncomeRatio": 0.3070259865,
        "totalOtherIncomeExpensesNet": 0,
        "incomeBeforeTax": 319000000,
        "incomeBeforeTaxRatio": 0.3070259865,
        "incomeTaxExpense": 110000000,
        "netIncome": 209000000,
        "netIncomeRatio": 0.2011549567,
        "eps": 1.17,
        "epsdiluted": 1.14,
        "weightedAverageShsOut": 177975000,
        "weightedAverageShsOutDil": 177975000,
        "link": "https://www.sec.gov/Archives/edgar/data/28412/000095012401503943/0000950124-01-503943-index.htm",
        "finalLink": "https://www.sec.gov/Archives/edgar/data/28412/000095012401503943/k65970e10-q.txt"
    },
    {
        "date": "2001-06-30",
        "symbol": "CMA",
        "reportedCurrency": "USD",
        "cik": "0000028412",
        "fillingDate": "2001-08-13",
        "acceptedDate": "2001-08-13 00:00:00",
        "calendarYear": "2001",
        "period": "Q2",
        "revenue": 1077000000,
        "costOfRevenue": 385000000,
        "grossProfit": 692000000,
        "grossProfitRatio": 0.6425255339,
        "researchAndDevelopmentExpenses": 0,
        "generalAndAdministrativeExpenses": 203000000,
        "sellingAndMarketingExpenses": 0,
        "sellingGeneralAndAdministrativeExpenses": 203000000,
        "otherExpenses": 169000000,
        "operatingExpenses": 372000000,
        "costAndExpenses": 757000000,
        "interestIncome": 875000000,
        "interestExpense": 348000000,
        "depreciationAndAmortization": 32757000,
        "ebitda": 352757000,
        "ebitdaratio": 0.327536676,
        "operatingIncome": 320000000,
        "operatingIncomeRatio": 0.2971216342,
        "totalOtherIncomeExpensesNet": 0,
        "incomeBeforeTax": 320000000,
        "incomeBeforeTaxRatio": 0.2971216342,
        "incomeTaxExpense": 112000000,
        "netIncome": 208000000,
        "netIncomeRatio": 0.1931290622,
        "eps": 1.15,
        "epsdiluted": 1.13,
        "weightedAverageShsOut": 177975000,
        "weightedAverageShsOutDil": 177975000,
        "link": "https://www.sec.gov/Archives/edgar/data/28412/000095012401502790/0000950124-01-502790-index.htm",
        "finalLink": "https://www.sec.gov/Archives/edgar/data/28412/000095012401502790/k64479e10-q.txt"
    },
    {
        "date": "2001-03-31",
        "symbol": "CMA",
        "reportedCurrency": "USD",
        "cik": "0000028412",
        "fillingDate": "2001-05-15",
        "acceptedDate": "2001-05-15 00:00:00",
        "calendarYear": "2001",
        "period": "Q1",
        "revenue": 1110442000,
        "costOfRevenue": 500168000,
        "grossProfit": 610274000,
        "grossProfitRatio": 0.5495775556,
        "researchAndDevelopmentExpenses": 0,
        "generalAndAdministrativeExpenses": 206776000,
        "sellingAndMarketingExpenses": 0,
        "sellingGeneralAndAdministrativeExpenses": 206776000,
        "otherExpenses": 243201000,
        "operatingExpenses": 449977000,
        "costAndExpenses": 950145000,
        "interestIncome": 940460000,
        "interestExpense": 428168000,
        "depreciationAndAmortization": 17243000,
        "ebitda": 177540000,
        "ebitdaratio": 0.1598822811,
        "operatingIncome": 160297000,
        "operatingIncomeRatio": 0.1443542301,
        "totalOtherIncomeExpensesNet": 0,
        "incomeBeforeTax": 160297000,
        "incomeBeforeTaxRatio": 0.1443542301,
        "incomeTaxExpense": 66705000,
        "netIncome": 93592000,
        "netIncomeRatio": 0.0842835556,
        "eps": 0.5,
        "epsdiluted": 0.5,
        "weightedAverageShsOut": 178634000,
        "weightedAverageShsOutDil": 178634000,
        "link": "https://www.sec.gov/Archives/edgar/data/28412/000095012401501231/0000950124-01-501231-index.htm",
        "finalLink": "https://www.sec.gov/Archives/edgar/data/28412/000095012401501231/k62594e10-q.txt"
    },
    {
        "date": "2000-12-31",
        "symbol": "CMA",
        "reportedCurrency": "USD",
        "cik": "0000028412",
        "fillingDate": "2001-04-02",
        "acceptedDate": "2001-04-02 00:00:00",
        "calendarYear": "2000",
        "period": "Q4",
        "revenue": 1064557000,
        "costOfRevenue": 470910000,
        "grossProfit": 593647000,
        "grossProfitRatio": 0.5576469837,
        "researchAndDevelopmentExpenses": 0,
        "generalAndAdministrativeExpenses": 165219000,
        "sellingAndMarketingExpenses": 0,
        "sellingGeneralAndAdministrativeExpenses": 165219000,
        "otherExpenses": 129726000,
        "operatingExpenses": 294945000,
        "costAndExpenses": 765855000,
        "interestIncome": 861518000,
        "interestExpense": 438910000,
        "depreciationAndAmortization": 22639000,
        "ebitda": 321341000,
        "ebitdaratio": 0.3018541985,
        "operatingIncome": 298702000,
        "operatingIncomeRatio": 0.2805880756,
        "totalOtherIncomeExpensesNet": 0,
        "incomeBeforeTax": 298702000,
        "incomeBeforeTaxRatio": 0.2805880756,
        "incomeTaxExpense": 104484000,
        "netIncome": 194218000,
        "netIncomeRatio": 0.1824402075,
        "eps": 1.1,
        "epsdiluted": 1.08,
        "weightedAverageShsOut": 176020000,
        "weightedAverageShsOutDil": 179935000,
        "link": "https://www.sec.gov/Archives/edgar/data/28412/000095012401001926/0000950124-01-001926-index.htm",
        "finalLink": "https://www.sec.gov/Archives/edgar/data/28412/000095012401001926/k61292e10-k.txt"
    },
    {
        "date": "2000-09-30",
        "symbol": "CMA",
        "reportedCurrency": "USD",
        "cik": "0000028412",
        "fillingDate": "2000-11-14",
        "acceptedDate": "2000-11-14 00:00:00",
        "calendarYear": "2000",
        "period": "Q3",
        "revenue": 1192975000,
        "costOfRevenue": 488592000,
        "grossProfit": 704383000,
        "grossProfitRatio": 0.5904423814,
        "researchAndDevelopmentExpenses": 0,
        "generalAndAdministrativeExpenses": 215151000,
        "sellingAndMarketingExpenses": 0,
        "sellingGeneralAndAdministrativeExpenses": 215151000,
        "otherExpenses": 160253000,
        "operatingExpenses": 375404000,
        "costAndExpenses": 863996000,
        "interestIncome": 948974000,
        "interestExpense": 445292000,
        "depreciationAndAmortization": 26792000,
        "ebitda": 355771000,
        "ebitdaratio": 0.2982216727,
        "operatingIncome": 328979000,
        "operatingIncomeRatio": 0.2757635323,
        "totalOtherIncomeExpensesNet": 0,
        "incomeBeforeTax": 328979000,
        "incomeBeforeTaxRatio": 0.2757635323,
        "incomeTaxExpense": 113921000,
        "netIncome": 215058000,
        "netIncomeRatio": 0.1802703326,
        "eps": 1.19,
        "epsdiluted": 1.17,
        "weightedAverageShsOut": 176689000,
        "weightedAverageShsOutDil": 179476000,
        "link": "https://www.sec.gov/Archives/edgar/data/28412/000095012400006905/0000950124-00-006905-index.htm",
        "finalLink": "https://www.sec.gov/Archives/edgar/data/28412/000095012400006905/k58598e10-q.txt"
    },
    {
        "date": "2000-06-30",
        "symbol": "CMA",
        "reportedCurrency": "USD",
        "cik": "0000028412",
        "fillingDate": "2000-08-11",
        "acceptedDate": "2000-08-11 00:00:00",
        "calendarYear": "2000",
        "period": "Q2",
        "revenue": 1152579000,
        "costOfRevenue": 469636000,
        "grossProfit": 682943000,
        "grossProfitRatio": 0.5925346549,
        "researchAndDevelopmentExpenses": 0,
        "generalAndAdministrativeExpenses": 209150000,
        "sellingAndMarketingExpenses": 0,
        "sellingGeneralAndAdministrativeExpenses": 209150000,
        "otherExpenses": 157092000,
        "operatingExpenses": 366242000,
        "costAndExpenses": 835878000,
        "interestIncome": 910729000,
        "interestExpense": 413036000,
        "depreciationAndAmortization": 41495000,
        "ebitda": 358196000,
        "ebitdaratio": 0.3107778295,
        "operatingIncome": 316701000,
        "operatingIncomeRatio": 0.274775959,
        "totalOtherIncomeExpensesNet": 0,
        "incomeBeforeTax": 316701000,
        "incomeBeforeTaxRatio": 0.274775959,
        "incomeTaxExpense": 110651000,
        "netIncome": 206050000,
        "netIncomeRatio": 0.1787729952,
        "eps": 1.19,
        "epsdiluted": 1.19,
        "weightedAverageShsOut": 156472000,
        "weightedAverageShsOutDil": 156472000,
        "link": "https://www.sec.gov/Archives/edgar/data/28412/000095012400004848/0000950124-00-004848-index.htm",
        "finalLink": "https://www.sec.gov/Archives/edgar/data/28412/000095012400004848/e10-q.txt"
    },
    {
        "date": "2000-03-31",
        "symbol": "CMA",
        "reportedCurrency": "USD",
        "cik": "0000028412",
        "fillingDate": "2000-05-15",
        "acceptedDate": "2000-05-15 00:00:00",
        "calendarYear": "2000",
        "period": "Q1",
        "revenue": 1126239000,
        "costOfRevenue": 454718000,
        "grossProfit": 671521000,
        "grossProfitRatio": 0.5962508846,
        "researchAndDevelopmentExpenses": 0,
        "generalAndAdministrativeExpenses": 211827000,
        "sellingAndMarketingExpenses": 0,
        "sellingGeneralAndAdministrativeExpenses": 211827000,
        "otherExpenses": 154968000,
        "operatingExpenses": 366795000,
        "costAndExpenses": 821513000,
        "interestIncome": 871419000,
        "interestExpense": 387824000,
        "depreciationAndAmortization": 10725000,
        "ebitda": 315451000,
        "ebitdaratio": 0.2800924138,
        "operatingIncome": 304726000,
        "operatingIncomeRatio": 0.2705695683,
        "totalOtherIncomeExpensesNet": 0,
        "incomeBeforeTax": 304726000,
        "incomeBeforeTaxRatio": 0.2705695683,
        "incomeTaxExpense": 107695000,
        "netIncome": 197031000,
        "netIncomeRatio": 0.1749459928,
        "eps": 1.09,
        "epsdiluted": 1.08,
        "weightedAverageShsOut": 176879000,
        "weightedAverageShsOutDil": 179232000,
        "link": "https://www.sec.gov/Archives/edgar/data/28412/000095012400003193/0000950124-00-003193-index.html",
        "finalLink": "https://www.sec.gov/Archives/edgar/data/28412/000095012400003193/0000950124-00-003193.txt"
    },
    {
        "date": "1999-12-31",
        "symbol": "CMA",
        "reportedCurrency": "USD",
        "cik": "0000028412",
        "fillingDate": "2000-03-30",
        "acceptedDate": "2000-03-30 00:00:00",
        "calendarYear": "1999",
        "period": "Q4",
        "revenue": 924700000,
        "costOfRevenue": 366600000,
        "grossProfit": 558100000,
        "grossProfitRatio": 0.6035470964,
        "researchAndDevelopmentExpenses": 0,
        "generalAndAdministrativeExpenses": 165400000,
        "sellingAndMarketingExpenses": 0,
        "sellingGeneralAndAdministrativeExpenses": 165400000,
        "otherExpenses": 122300000,
        "operatingExpenses": 287700000,
        "costAndExpenses": 654300000,
        "interestIncome": 729800000,
        "interestExpense": 321600000,
        "depreciationAndAmortization": 22800000,
        "ebitda": 293200000,
        "ebitdaratio": 0.3170758084,
        "operatingIncome": 270400000,
        "operatingIncomeRatio": 0.292419163,
        "totalOtherIncomeExpensesNet": 0,
        "incomeBeforeTax": 270400000,
        "incomeBeforeTaxRatio": 0.292419163,
        "incomeTaxExpense": 94700000,
        "netIncome": 175700000,
        "netIncomeRatio": 0.19000757,
        "eps": 0.74,
        "epsdiluted": 1.04,
        "weightedAverageShsOut": 166720000,
        "weightedAverageShsOutDil": 168746500,
        "link": "https://www.sec.gov/Archives/edgar/data/28412/000095012400001741/0000950124-00-001741-index.html",
        "finalLink": "https://www.sec.gov/Archives/edgar/data/28412/000095012400001741/0000950124-00-001741.txt"
    },
    {
        "date": "1999-09-30",
        "symbol": "CMA",
        "reportedCurrency": "USD",
        "cik": "0000028412",
        "fillingDate": "1999-11-12",
        "acceptedDate": "1999-11-12 00:00:00",
        "calendarYear": "1999",
        "period": "Q3",
        "revenue": 842400000,
        "costOfRevenue": 302500000,
        "grossProfit": 539900000,
        "grossProfitRatio": 0.6409069326,
        "researchAndDevelopmentExpenses": 0,
        "generalAndAdministrativeExpenses": 159900000,
        "sellingAndMarketingExpenses": 0,
        "sellingGeneralAndAdministrativeExpenses": 159900000,
        "otherExpenses": 117000000,
        "operatingExpenses": 276900000,
        "costAndExpenses": 579400000,
        "interestIncome": 671900000,
        "interestExpense": 281500000,
        "depreciationAndAmortization": 22700000,
        "ebitda": 285700000,
        "ebitdaratio": 0.3391500475,
        "operatingIncome": 263000000,
        "operatingIncomeRatio": 0.3122032289,
        "totalOtherIncomeExpensesNet": 0,
        "incomeBeforeTax": 263000000,
        "incomeBeforeTaxRatio": 0.3122032289,
        "incomeTaxExpense": 92600000,
        "netIncome": 170400000,
        "netIncomeRatio": 0.2022792023,
        "eps": 1.06,
        "epsdiluted": 1.05,
        "weightedAverageShsOut": 156698000,
        "weightedAverageShsOutDil": 158190000,
        "link": "https://www.sec.gov/Archives/edgar/data/28412/000095012499005949/0000950124-99-005949-index.html",
        "finalLink": "https://www.sec.gov/Archives/edgar/data/28412/000095012499005949/0000950124-99-005949.txt"
    },
    {
        "date": "1999-06-30",
        "symbol": "CMA",
        "reportedCurrency": "USD",
        "cik": "0000028412",
        "fillingDate": "1999-08-13",
        "acceptedDate": "1999-08-13 00:00:00",
        "calendarYear": "1999",
        "period": "Q2",
        "revenue": 836200000,
        "costOfRevenue": 289900000,
        "grossProfit": 546300000,
        "grossProfitRatio": 0.6533126046,
        "researchAndDevelopmentExpenses": 0,
        "generalAndAdministrativeExpenses": 162600000,
        "sellingAndMarketingExpenses": 0,
        "sellingGeneralAndAdministrativeExpenses": 162600000,
        "otherExpenses": 126300000,
        "operatingExpenses": 288900000,
        "costAndExpenses": 578800000,
        "interestIncome": 641500000,
        "interestExpense": 261900000,
        "depreciationAndAmortization": 22630000,
        "ebitda": 280030000,
        "ebitdaratio": 0.334883999,
        "operatingIncome": 257400000,
        "operatingIncomeRatio": 0.3078210954,
        "totalOtherIncomeExpensesNet": 0,
        "incomeBeforeTax": 257400000,
        "incomeBeforeTaxRatio": 0.3078210954,
        "incomeTaxExpense": 90000000,
        "netIncome": 167400000,
        "netIncomeRatio": 0.2001913418,
        "eps": 1.04,
        "epsdiluted": 1.03,
        "weightedAverageShsOut": 156827000,
        "weightedAverageShsOutDil": 158350000,
        "link": "https://www.sec.gov/Archives/edgar/data/28412/000095012499004731/0000950124-99-004731-index.html",
        "finalLink": "https://www.sec.gov/Archives/edgar/data/28412/000095012499004731/0000950124-99-004731.txt"
    },
    {
        "date": "1999-03-31",
        "symbol": "CMA",
        "reportedCurrency": "USD",
        "cik": "0000028412",
        "fillingDate": "1999-05-13",
        "acceptedDate": "1999-05-13 00:00:00",
        "calendarYear": "1999",
        "period": "Q1",
        "revenue": 786329000,
        "costOfRevenue": 280603000,
        "grossProfit": 505726000,
        "grossProfitRatio": 0.643148097,
        "researchAndDevelopmentExpenses": 0,
        "generalAndAdministrativeExpenses": 152483000,
        "sellingAndMarketingExpenses": 0,
        "sellingGeneralAndAdministrativeExpenses": 152483000,
        "otherExpenses": 110931000,
        "operatingExpenses": 263414000,
        "costAndExpenses": 544017000,
        "interestIncome": 629435000,
        "interestExpense": 260603000,
        "depreciationAndAmortization": 22670000,
        "ebitda": 264982000,
        "ebitdaratio": 0.3369861725,
        "operatingIncome": 242312000,
        "operatingIncomeRatio": 0.3081560009,
        "totalOtherIncomeExpensesNet": 0,
        "incomeBeforeTax": 242312000,
        "incomeBeforeTaxRatio": 0.3081560009,
        "incomeTaxExpense": 83200000,
        "netIncome": 159112000,
        "netIncomeRatio": 0.2023478722,
        "eps": 0.99,
        "epsdiluted": 0.98,
        "weightedAverageShsOut": 155857000,
        "weightedAverageShsOutDil": 158434000,
        "link": "https://www.sec.gov/Archives/edgar/data/28412/000002841299000002/0000028412-99-000002-index.html",
        "finalLink": "https://www.sec.gov/Archives/edgar/data/28412/0000028412-99-000002.txt"
    },
    {
        "date": "1998-12-31",
        "symbol": "CMA",
        "reportedCurrency": "USD",
        "cik": "0000028412",
        "fillingDate": "1999-03-29",
        "acceptedDate": "1999-03-29 00:00:00",
        "calendarYear": "1998",
        "period": "Q4",
        "revenue": 819400000,
        "costOfRevenue": 317300000,
        "grossProfit": 502100000,
        "grossProfitRatio": 0.6127654381,
        "researchAndDevelopmentExpenses": 0,
        "generalAndAdministrativeExpenses": 150300000,
        "sellingAndMarketingExpenses": 0,
        "sellingGeneralAndAdministrativeExpenses": 150300000,
        "otherExpenses": 112700000,
        "operatingExpenses": 263000000,
        "costAndExpenses": 580300000,
        "interestIncome": 652100000,
        "interestExpense": 281300000,
        "depreciationAndAmortization": 23100000,
        "ebitda": 262200000,
        "ebitdaratio": 0.3199902368,
        "operatingIncome": 239100000,
        "operatingIncomeRatio": 0.2917988772,
        "totalOtherIncomeExpensesNet": 0,
        "incomeBeforeTax": 239100000,
        "incomeBeforeTaxRatio": 0.2917988772,
        "incomeTaxExpense": 81300000,
        "netIncome": 157800000,
        "netIncomeRatio": 0.1925799365,
        "eps": 1.02,
        "epsdiluted": 1,
        "weightedAverageShsOut": 155013000,
        "weightedAverageShsOutDil": 158227000,
        "link": "https://www.sec.gov/Archives/edgar/data/28412/000106731299000084/0001067312-99-000084-index.html",
        "finalLink": "https://www.sec.gov/Archives/edgar/data/28412/0001067312-99-000084.txt"
    },
    {
        "date": "1998-09-30",
        "symbol": "CMA",
        "reportedCurrency": "USD",
        "cik": "0000028412",
        "fillingDate": "1998-11-13",
        "acceptedDate": "1998-11-13 00:00:00",
        "calendarYear": "1998",
        "period": "Q3",
        "revenue": 791700000,
        "costOfRevenue": 300200000,
        "grossProfit": 491500000,
        "grossProfitRatio": 0.6208159656,
        "researchAndDevelopmentExpenses": 0,
        "generalAndAdministrativeExpenses": 142300000,
        "sellingAndMarketingExpenses": 0,
        "sellingGeneralAndAdministrativeExpenses": 142300000,
        "otherExpenses": 111500000,
        "operatingExpenses": 253800000,
        "costAndExpenses": 554000000,
        "interestIncome": 639600000,
        "interestExpense": 279200000,
        "depreciationAndAmortization": 36600000,
        "ebitda": 274300000,
        "ebitdaratio": 0.3464696223,
        "operatingIncome": 237700000,
        "operatingIncomeRatio": 0.3002399899,
        "totalOtherIncomeExpensesNet": 0,
        "incomeBeforeTax": 237700000,
        "incomeBeforeTaxRatio": 0.3002399899,
        "incomeTaxExpense": 83200000,
        "netIncome": 154500000,
        "netIncomeRatio": 0.1951496779,
        "eps": 0.97,
        "epsdiluted": 0.95,
        "weightedAverageShsOut": 154845000,
        "weightedAverageShsOutDil": 158105000,
        "link": "https://www.sec.gov/Archives/edgar/data/28412/000002841298000007/0000028412-98-000007-index.html",
        "finalLink": "https://www.sec.gov/Archives/edgar/data/28412/"
    },
    {
        "date": "1998-06-30",
        "symbol": "CMA",
        "reportedCurrency": "USD",
        "cik": "0000028412",
        "fillingDate": "1998-08-06",
        "acceptedDate": "1998-08-06 00:00:00",
        "calendarYear": "1998",
        "period": "Q2",
        "revenue": 800100000,
        "costOfRevenue": 314800000,
        "grossProfit": 485300000,
        "grossProfitRatio": 0.6065491814,
        "researchAndDevelopmentExpenses": 0,
        "generalAndAdministrativeExpenses": 138000000,
        "sellingAndMarketingExpenses": 0,
        "sellingGeneralAndAdministrativeExpenses": 138000000,
        "otherExpenses": 115300000,
        "operatingExpenses": 253300000,
        "costAndExpenses": 568100000,
        "interestIncome": 651300000,
        "interestExpense": 286800000,
        "depreciationAndAmortization": 7500000,
        "ebitda": 239500000,
        "ebitdaratio": 0.2993375828,
        "operatingIncome": 232000000,
        "operatingIncomeRatio": 0.2899637545,
        "totalOtherIncomeExpensesNet": 0,
        "incomeBeforeTax": 232000000,
        "incomeBeforeTaxRatio": 0.2899637545,
        "incomeTaxExpense": 81600000,
        "netIncome": 150400000,
        "netIncomeRatio": 0.1879765029,
        "eps": 0.94,
        "epsdiluted": 0.92,
        "weightedAverageShsOut": 155426000,
        "weightedAverageShsOutDil": 158804000,
        "link": "https://www.sec.gov/Archives/edgar/data/28412/000002841298000005/0000028412-98-000005-index.html",
        "finalLink": "https://www.sec.gov/Archives/edgar/data/28412/0000028412-98-000005.txt"
    },
    {
        "date": "1998-03-31",
        "symbol": "CMA",
        "reportedCurrency": "USD",
        "cik": "0000028412",
        "fillingDate": "1998-05-15",
        "acceptedDate": "1998-05-15 00:00:00",
        "calendarYear": "1998",
        "period": "Q1",
        "revenue": 808800000,
        "costOfRevenue": 336300000,
        "grossProfit": 472500000,
        "grossProfitRatio": 0.5841988131,
        "researchAndDevelopmentExpenses": 0,
        "generalAndAdministrativeExpenses": 134800000,
        "sellingAndMarketingExpenses": 0,
        "sellingGeneralAndAdministrativeExpenses": 134800000,
        "otherExpenses": 115100000,
        "operatingExpenses": 249900000,
        "costAndExpenses": 586200000,
        "interestIncome": 673900000,
        "interestExpense": 308300000,
        "depreciationAndAmortization": 20800000,
        "ebitda": 243400000,
        "ebitdaratio": 0.3009396637,
        "operatingIncome": 222600000,
        "operatingIncomeRatio": 0.2752225519,
        "totalOtherIncomeExpensesNet": 0,
        "incomeBeforeTax": 222600000,
        "incomeBeforeTaxRatio": 0.2752225519,
        "incomeTaxExpense": 78200000,
        "netIncome": 144400000,
        "netIncomeRatio": 0.1785361029,
        "eps": 0.89,
        "epsdiluted": 0.88,
        "weightedAverageShsOut": 157416000,
        "weightedAverageShsOutDil": 159205000,
        "link": "https://www.sec.gov/Archives/edgar/data/28412/000095012498003002/0000950124-98-003002-index.html",
        "finalLink": "https://www.sec.gov/Archives/edgar/data/28412/0000950124-98-003002.txt"
    },
    {
        "date": "1997-12-31",
        "symbol": "CMA",
        "reportedCurrency": "USD",
        "cik": "0000028412",
        "fillingDate": "1998-03-31",
        "acceptedDate": "1998-03-31 00:00:00",
        "calendarYear": "1997",
        "period": "Q4",
        "revenue": 823000000,
        "costOfRevenue": 353300000,
        "grossProfit": 469700000,
        "grossProfitRatio": 0.5707168894,
        "researchAndDevelopmentExpenses": 0,
        "generalAndAdministrativeExpenses": 135200000,
        "sellingAndMarketingExpenses": 0,
        "sellingGeneralAndAdministrativeExpenses": 135200000,
        "otherExpenses": 122100000,
        "operatingExpenses": 257300000,
        "costAndExpenses": 610600000,
        "interestIncome": 682200000,
        "interestExpense": 316300000,
        "depreciationAndAmortization": 21400000,
        "ebitda": 233800000,
        "ebitdaratio": 0.2840826245,
        "operatingIncome": 212400000,
        "operatingIncomeRatio": 0.2580801944,
        "totalOtherIncomeExpensesNet": 0,
        "incomeBeforeTax": 212400000,
        "incomeBeforeTaxRatio": 0.2580801944,
        "incomeTaxExpense": 72400000,
        "netIncome": 140000000,
        "netIncomeRatio": 0.170109356,
        "eps": 0.89,
        "epsdiluted": 0.87,
        "weightedAverageShsOut": 157735000,
        "weightedAverageShsOutDil": 161592000,
        "link": "https://www.sec.gov/Archives/edgar/data/28412/000095012498001867/0000950124-98-001867-index.html",
        "finalLink": "https://www.sec.gov/Archives/edgar/data/28412/0000950124-98-001867.txt"
    },
    {
        "date": "1997-09-30",
        "symbol": "CMA",
        "reportedCurrency": "USD",
        "cik": "0000028412",
        "fillingDate": "1997-11-13",
        "acceptedDate": "1997-11-13 00:00:00",
        "calendarYear": "1997",
        "period": "Q3",
        "revenue": 811000000,
        "costOfRevenue": 347100000,
        "grossProfit": 463900000,
        "grossProfitRatio": 0.5720098644,
        "researchAndDevelopmentExpenses": 0,
        "generalAndAdministrativeExpenses": 135300000,
        "sellingAndMarketingExpenses": 0,
        "sellingGeneralAndAdministrativeExpenses": 135300000,
        "otherExpenses": 117300000,
        "operatingExpenses": 252600000,
        "costAndExpenses": 599700000,
        "interestIncome": 674700000,
        "interestExpense": 313100000,
        "depreciationAndAmortization": 21600000,
        "ebitda": 232900000,
        "ebitdaratio": 0.2871763255,
        "operatingIncome": 211300000,
        "operatingIncomeRatio": 0.2605425401,
        "totalOtherIncomeExpensesNet": 0,
        "incomeBeforeTax": 211300000,
        "incomeBeforeTaxRatio": 0.2605425401,
        "incomeTaxExpense": 74200000,
        "netIncome": 137100000,
        "netIncomeRatio": 0.1690505549,
        "eps": 0.84,
        "epsdiluted": 0.83,
        "weightedAverageShsOut": 158095000,
        "weightedAverageShsOutDil": 160000000,
        "link": "https://www.sec.gov/Archives/edgar/data/28412/000002841297000010/0000028412-97-000010-index.html",
        "finalLink": "https://www.sec.gov/Archives/edgar/data/28412/0000028412-97-000010.txt"
    },
    {
        "date": "1997-06-30",
        "symbol": "CMA",
        "reportedCurrency": "USD",
        "cik": "0000028412",
        "fillingDate": "1997-08-08",
        "acceptedDate": "1997-08-08 00:00:00",
        "calendarYear": "1997",
        "period": "Q2",
        "revenue": 784700000,
        "costOfRevenue": 333800000,
        "grossProfit": 450900000,
        "grossProfitRatio": 0.5746145024,
        "researchAndDevelopmentExpenses": 0,
        "generalAndAdministrativeExpenses": 135400000,
        "sellingAndMarketingExpenses": 0,
        "sellingGeneralAndAdministrativeExpenses": 135400000,
        "otherExpenses": 113800000,
        "operatingExpenses": 249200000,
        "costAndExpenses": 583000000,
        "interestIncome": 663300000,
        "interestExpense": 299800000,
        "depreciationAndAmortization": 21400000,
        "ebitda": 223100000,
        "ebitdaratio": 0.2843124761,
        "operatingIncome": 201700000,
        "operatingIncomeRatio": 0.2570409074,
        "totalOtherIncomeExpensesNet": 0,
        "incomeBeforeTax": 201700000,
        "incomeBeforeTaxRatio": 0.2570409074,
        "incomeTaxExpense": 72000000,
        "netIncome": 129700000,
        "netIncomeRatio": 0.1652860966,
        "eps": 0.79,
        "epsdiluted": 0.78,
        "weightedAverageShsOut": 158734000,
        "weightedAverageShsOutDil": 160769000,
        "link": "https://www.sec.gov/Archives/edgar/data/28412/000002841297000008/0000028412-97-000008-index.html",
        "finalLink": "https://www.sec.gov/Archives/edgar/data/28412/0000028412-97-000008.txt"
    },
    {
        "date": "1997-03-31",
        "symbol": "CMA",
        "reportedCurrency": "USD",
        "cik": "0000028412",
        "fillingDate": "1997-05-15",
        "acceptedDate": "1997-05-15 00:00:00",
        "calendarYear": "1997",
        "period": "Q1",
        "revenue": 756700000,
        "costOfRevenue": 316500000,
        "grossProfit": 440200000,
        "grossProfitRatio": 0.5817364874,
        "researchAndDevelopmentExpenses": 0,
        "generalAndAdministrativeExpenses": 132900000,
        "sellingAndMarketingExpenses": 0,
        "sellingGeneralAndAdministrativeExpenses": 132900000,
        "otherExpenses": 115800000,
        "operatingExpenses": 248700000,
        "costAndExpenses": 565200000,
        "interestIncome": 627300000,
        "interestExpense": 275500000,
        "depreciationAndAmortization": 22500000,
        "ebitda": 214000000,
        "ebitdaratio": 0.2828069248,
        "operatingIncome": 191500000,
        "operatingIncomeRatio": 0.2530725519,
        "totalOtherIncomeExpensesNet": 0,
        "incomeBeforeTax": 191500000,
        "incomeBeforeTaxRatio": 0.2530725519,
        "incomeTaxExpense": 67700000,
        "netIncome": 123800000,
        "netIncomeRatio": 0.1636051275,
        "eps": 0.75,
        "epsdiluted": 0.74,
        "weightedAverageShsOut": 159333000,
        "weightedAverageShsOutDil": 161486000,
        "link": "https://www.sec.gov/Archives/edgar/data/28412/000002841297000002/0000028412-97-000002-index.html",
        "finalLink": "https://www.sec.gov/Archives/edgar/data/28412/0000028412-97-000002.txt"
    },
    {
        "date": "1996-12-31",
        "symbol": "CMA",
        "reportedCurrency": "USD",
        "cik": "0000028412",
        "fillingDate": "1997-03-31",
        "acceptedDate": "1997-03-31 00:00:00",
        "calendarYear": "1996",
        "period": "Q4",
        "revenue": 765300000,
        "costOfRevenue": 311500000,
        "grossProfit": 453800000,
        "grossProfitRatio": 0.5929700771,
        "researchAndDevelopmentExpenses": 0,
        "generalAndAdministrativeExpenses": 136800000,
        "sellingAndMarketingExpenses": 0,
        "sellingGeneralAndAdministrativeExpenses": 136800000,
        "otherExpenses": 219500000,
        "operatingExpenses": 356300000,
        "costAndExpenses": 667800000,
        "interestIncome": 632800000,
        "interestExpense": 279500000,
        "depreciationAndAmortization": 24500000,
        "ebitda": 122000000,
        "ebitdaratio": 0.1594146087,
        "operatingIncome": 97500000,
        "operatingIncomeRatio": 0.1274010192,
        "totalOtherIncomeExpensesNet": 0,
        "incomeBeforeTax": 97500000,
        "incomeBeforeTaxRatio": 0.1274010192,
        "incomeTaxExpense": 36600000,
        "netIncome": 60900000,
        "netIncomeRatio": 0.0795766366,
        "eps": 0.39,
        "epsdiluted": 0.38,
        "weightedAverageShsOut": 156096000,
        "weightedAverageShsOutDil": 159499000,
        "link": "https://www.sec.gov/Archives/edgar/data/28412/000091205797011149/0000912057-97-011149-index.html",
        "finalLink": "https://www.sec.gov/Archives/edgar/data/28412/0000912057-97-011149.txt"
    },
    {
        "date": "1996-09-30",
        "symbol": "CMA",
        "reportedCurrency": "USD",
        "cik": "0000028412",
        "fillingDate": "1996-11-14",
        "acceptedDate": "1996-11-14 00:00:00",
        "calendarYear": "1996",
        "period": "Q3",
        "revenue": 749800000,
        "costOfRevenue": 308700000,
        "grossProfit": 441100000,
        "grossProfitRatio": 0.5882902107,
        "researchAndDevelopmentExpenses": 0,
        "generalAndAdministrativeExpenses": 135100000,
        "sellingAndMarketingExpenses": 0,
        "sellingGeneralAndAdministrativeExpenses": 135100000,
        "otherExpenses": 118600000,
        "operatingExpenses": 253700000,
        "costAndExpenses": 562400000,
        "interestIncome": 633500000,
        "interestExpense": 280200000,
        "depreciationAndAmortization": 23500000,
        "ebitda": 210900000,
        "ebitdaratio": 0.2812750067,
        "operatingIncome": 187400000,
        "operatingIncomeRatio": 0.2499333156,
        "totalOtherIncomeExpensesNet": 0,
        "incomeBeforeTax": 187400000,
        "incomeBeforeTaxRatio": 0.2499333156,
        "incomeTaxExpense": 65900000,
        "netIncome": 121500000,
        "netIncomeRatio": 0.1620432115,
        "eps": 0.71,
        "epsdiluted": 0.7,
        "weightedAverageShsOut": 171127000,
        "weightedAverageShsOutDil": 173571000,
        "link": "https://www.sec.gov/Archives/edgar/data/28412/000002841296000016/0000028412-96-000016-index.html",
        "finalLink": "https://www.sec.gov/Archives/edgar/data/28412/"
    },
    {
        "date": "1996-06-30",
        "symbol": "CMA",
        "reportedCurrency": "USD",
        "cik": "0000028412",
        "fillingDate": "1996-08-09",
        "acceptedDate": "1996-08-09 00:00:00",
        "calendarYear": "1996",
        "period": "Q2",
        "revenue": 763000000,
        "costOfRevenue": 310700000,
        "grossProfit": 452300000,
        "grossProfitRatio": 0.5927916121,
        "researchAndDevelopmentExpenses": 0,
        "generalAndAdministrativeExpenses": 143000000,
        "sellingAndMarketingExpenses": 0,
        "sellingGeneralAndAdministrativeExpenses": 143000000,
        "otherExpenses": 127200000,
        "operatingExpenses": 270200000,
        "costAndExpenses": 580900000,
        "interestIncome": 642200000,
        "interestExpense": 285700000,
        "depreciationAndAmortization": 24600000,
        "ebitda": 206700000,
        "ebitdaratio": 0.270904325,
        "operatingIncome": 182100000,
        "operatingIncomeRatio": 0.2386631717,
        "totalOtherIncomeExpensesNet": 0,
        "incomeBeforeTax": 182100000,
        "incomeBeforeTaxRatio": 0.2386631717,
        "incomeTaxExpense": 63900000,
        "netIncome": 118200000,
        "netIncomeRatio": 0.15491481,
        "eps": 0.68,
        "epsdiluted": 0.67,
        "weightedAverageShsOut": 173824000,
        "weightedAverageShsOutDil": 176418000,
        "link": "https://www.sec.gov/Archives/edgar/data/28412/000002841296000013/0000028412-96-000013-index.html",
        "finalLink": "https://www.sec.gov/Archives/edgar/data/28412/0000028412-96-000013.txt"
    },
    {
        "date": "1996-03-31",
        "symbol": "CMA",
        "reportedCurrency": "USD",
        "cik": "0000028412",
        "fillingDate": "1996-05-15",
        "acceptedDate": "1996-05-15 00:00:00",
        "calendarYear": "1996",
        "period": "Q1",
        "revenue": 791900000,
        "costOfRevenue": 333700000,
        "grossProfit": 458200000,
        "grossProfitRatio": 0.5786084102,
        "researchAndDevelopmentExpenses": 0,
        "generalAndAdministrativeExpenses": 145900000,
        "sellingAndMarketingExpenses": 0,
        "sellingGeneralAndAdministrativeExpenses": 145900000,
        "otherExpenses": 133100000,
        "operatingExpenses": 279000000,
        "costAndExpenses": 612700000,
        "interestIncome": 654500000,
        "interestExpense": 305200000,
        "depreciationAndAmortization": 25000000,
        "ebitda": 204200000,
        "ebitdaratio": 0.257860841,
        "operatingIncome": 179200000,
        "operatingIncomeRatio": 0.2262911984,
        "totalOtherIncomeExpensesNet": 0,
        "incomeBeforeTax": 179200000,
        "incomeBeforeTaxRatio": 0.2262911984,
        "incomeTaxExpense": 62600000,
        "netIncome": 116600000,
        "netIncomeRatio": 0.1472408132,
        "eps": 0.65,
        "epsdiluted": 0.65,
        "weightedAverageShsOut": 179385000,
        "weightedAverageShsOutDil": 179385000,
        "link": "https://www.sec.gov/Archives/edgar/data/28412/000002841296000010/0000028412-96-000010-index.html",
        "finalLink": "https://www.sec.gov/Archives/edgar/data/28412/0000028412-96-000010.txt"
    },
    {
        "date": "1995-12-31",
        "symbol": "CMA",
        "reportedCurrency": "USD",
        "cik": "0000028412",
        "fillingDate": "1996-03-29",
        "acceptedDate": "1996-03-29 00:00:00",
        "calendarYear": "1995",
        "period": "Q4",
        "revenue": 799700000,
        "costOfRevenue": 362600000,
        "grossProfit": 437100000,
        "grossProfitRatio": 0.5465799675,
        "researchAndDevelopmentExpenses": 0,
        "generalAndAdministrativeExpenses": 141800000,
        "sellingAndMarketingExpenses": 0,
        "sellingGeneralAndAdministrativeExpenses": 141800000,
        "otherExpenses": 135200000,
        "operatingExpenses": 277000000,
        "costAndExpenses": 639600000,
        "interestIncome": 670600000,
        "interestExpense": 329600000,
        "depreciationAndAmortization": 24100000,
        "ebitda": 184200000,
        "ebitdaratio": 0.2303363761,
        "operatingIncome": 160100000,
        "operatingIncomeRatio": 0.200200075,
        "totalOtherIncomeExpensesNet": 0,
        "incomeBeforeTax": 160100000,
        "incomeBeforeTaxRatio": 0.200200075,
        "incomeTaxExpense": 53600000,
        "netIncome": 106500000,
        "netIncomeRatio": 0.1331749406,
        "eps": 0.63,
        "epsdiluted": 0.63,
        "weightedAverageShsOut": 168676000,
        "weightedAverageShsOutDil": 168676000,
        "link": "https://www.sec.gov/Archives/edgar/data/28412/000095012496001434/0000950124-96-001434-index.html",
        "finalLink": "https://www.sec.gov/Archives/edgar/data/28412/"
    },
    {
        "date": "1995-09-30",
        "symbol": "CMA",
        "reportedCurrency": "USD",
        "cik": "0000028412",
        "fillingDate": "1995-11-01",
        "acceptedDate": "1995-11-01 00:00:00",
        "calendarYear": "1995",
        "period": "Q3",
        "revenue": 789800000,
        "costOfRevenue": 364400000,
        "grossProfit": 425400000,
        "grossProfitRatio": 0.5386173715,
        "researchAndDevelopmentExpenses": 0,
        "generalAndAdministrativeExpenses": 142500000,
        "sellingAndMarketingExpenses": 0,
        "sellingGeneralAndAdministrativeExpenses": 142500000,
        "otherExpenses": 122400000,
        "operatingExpenses": 264900000,
        "costAndExpenses": 629300000,
        "interestIncome": 661700000,
        "interestExpense": 338400000,
        "depreciationAndAmortization": 23600000,
        "ebitda": 184100000,
        "ebitdaratio": 0.2330969866,
        "operatingIncome": 160500000,
        "operatingIncomeRatio": 0.2032160041,
        "totalOtherIncomeExpensesNet": 0,
        "incomeBeforeTax": 160500000,
        "incomeBeforeTaxRatio": 0.2032160041,
        "incomeTaxExpense": 55200000,
        "netIncome": 105300000,
        "netIncomeRatio": 0.1333248924,
        "eps": 0.61,
        "epsdiluted": 0.61,
        "weightedAverageShsOut": 172623000,
        "weightedAverageShsOutDil": 172623000,
        "link": "https://www.sec.gov/Archives/edgar/data/28412/000002841295000044/0000028412-95-000044-index.html",
        "finalLink": "https://www.sec.gov/Archives/edgar/data/28412/0000028412-95-000044.txt"
    },
    {
        "date": "1995-06-30",
        "symbol": "CMA",
        "reportedCurrency": "USD",
        "cik": "0000028412",
        "fillingDate": "1995-08-11",
        "acceptedDate": "1995-08-11 00:00:00",
        "calendarYear": "1995",
        "period": "Q2",
        "revenue": 781900000,
        "costOfRevenue": 352400000,
        "grossProfit": 429500000,
        "grossProfitRatio": 0.5493029799,
        "researchAndDevelopmentExpenses": 0,
        "generalAndAdministrativeExpenses": 140800000,
        "sellingAndMarketingExpenses": 0,
        "sellingGeneralAndAdministrativeExpenses": 140800000,
        "otherExpenses": 135300000,
        "operatingExpenses": 276100000,
        "costAndExpenses": 628500000,
        "interestIncome": 660000000,
        "interestExpense": 336900000,
        "depreciationAndAmortization": 22100000,
        "ebitda": 175500000,
        "ebitdaratio": 0.2244532549,
        "operatingIncome": 153400000,
        "operatingIncomeRatio": 0.1961887709,
        "totalOtherIncomeExpensesNet": 0,
        "incomeBeforeTax": 153400000,
        "incomeBeforeTaxRatio": 0.1961887709,
        "incomeTaxExpense": 51900000,
        "netIncome": 101500000,
        "netIncomeRatio": 0.1298119964,
        "eps": 0.57,
        "epsdiluted": 0.57,
        "weightedAverageShsOut": 178070000,
        "weightedAverageShsOutDil": 178070000,
        "link": "https://www.sec.gov/Archives/edgar/data/28412/000002841295000042/0000028412-95-000042-index.html",
        "finalLink": "https://www.sec.gov/Archives/edgar/data/28412/"
    },
    {
        "date": "1995-03-31",
        "symbol": "CMA",
        "reportedCurrency": "USD",
        "cik": "0000028412",
        "fillingDate": "1995-05-12",
        "acceptedDate": "1995-05-12 00:00:00",
        "calendarYear": "1995",
        "period": "Q1",
        "revenue": 741100000,
        "costOfRevenue": 321100000,
        "grossProfit": 420000000,
        "grossProfitRatio": 0.5667251383,
        "researchAndDevelopmentExpenses": 0,
        "generalAndAdministrativeExpenses": 137100000,
        "sellingAndMarketingExpenses": 0,
        "sellingGeneralAndAdministrativeExpenses": 137100000,
        "otherExpenses": 131300000,
        "operatingExpenses": 268400000,
        "costAndExpenses": 589500000,
        "interestIncome": 621600000,
        "interestExpense": 309100000,
        "depreciationAndAmortization": 23200000,
        "ebitda": 174800000,
        "ebitdaratio": 0.2358656052,
        "operatingIncome": 151600000,
        "operatingIncomeRatio": 0.204560788,
        "totalOtherIncomeExpensesNet": 0,
        "incomeBeforeTax": 151600000,
        "incomeBeforeTaxRatio": 0.204560788,
        "incomeTaxExpense": 51600000,
        "netIncome": 100000000,
        "netIncomeRatio": 0.1349345567,
        "eps": 0.57,
        "epsdiluted": 0.57,
        "weightedAverageShsOut": 175439000,
        "weightedAverageShsOutDil": 175439000,
        "link": "https://www.sec.gov/Archives/edgar/data/28412/000002841295000036/0000028412-95-000036-index.html",
        "finalLink": "https://www.sec.gov/Archives/edgar/data/28412/0000028412-95-000036.txt"
    },
    {
        "date": "1994-12-31",
        "symbol": "CMA",
        "reportedCurrency": "USD",
        "cik": "0000028412",
        "fillingDate": "1995-03-29",
        "acceptedDate": "1995-03-29 00:00:00",
        "calendarYear": "1994",
        "period": "Q4",
        "revenue": 704100000,
        "costOfRevenue": 281200000,
        "grossProfit": 422900000,
        "grossProfitRatio": 0.6006249112,
        "researchAndDevelopmentExpenses": 0,
        "generalAndAdministrativeExpenses": 142200000,
        "sellingAndMarketingExpenses": 0,
        "sellingGeneralAndAdministrativeExpenses": 142200000,
        "otherExpenses": 136700000,
        "operatingExpenses": 278900000,
        "costAndExpenses": 560100000,
        "interestIncome": 581500000,
        "interestExpense": 269200000,
        "depreciationAndAmortization": 23900000,
        "ebitda": 167900000,
        "ebitdaratio": 0.238460446,
        "operatingIncome": 144000000,
        "operatingIncomeRatio": 0.2045164039,
        "totalOtherIncomeExpensesNet": 0,
        "incomeBeforeTax": 144000000,
        "incomeBeforeTaxRatio": 0.2045164039,
        "incomeTaxExpense": 47400000,
        "netIncome": 96600000,
        "netIncomeRatio": 0.137196421,
        "eps": 0.54,
        "epsdiluted": 0.54,
        "weightedAverageShsOut": 177375000,
        "weightedAverageShsOutDil": 177375000,
        "link": "https://www.sec.gov/Archives/edgar/data/28412/000095012495000935/0000950124-95-000935-index.html",
        "finalLink": "https://www.sec.gov/Archives/edgar/data/28412/"
    },
    {
        "date": "1994-09-30",
        "symbol": "CMA",
        "reportedCurrency": "USD",
        "cik": "0000028412",
        "fillingDate": "1994-11-14",
        "acceptedDate": "1994-11-14 00:00:00",
        "calendarYear": "1994",
        "period": "Q3",
        "revenue": 657500000,
        "costOfRevenue": 241900000,
        "grossProfit": 415600000,
        "grossProfitRatio": 0.6320912548,
        "researchAndDevelopmentExpenses": 0,
        "generalAndAdministrativeExpenses": 138500000,
        "sellingAndMarketingExpenses": 0,
        "sellingGeneralAndAdministrativeExpenses": 138500000,
        "otherExpenses": 124600000,
        "operatingExpenses": 263100000,
        "costAndExpenses": 505000000,
        "interestIncome": 540900000,
        "interestExpense": 227900000,
        "depreciationAndAmortization": 22100000,
        "ebitda": 174600000,
        "ebitdaratio": 0.2655513308,
        "operatingIncome": 152500000,
        "operatingIncomeRatio": 0.2319391635,
        "totalOtherIncomeExpensesNet": 0,
        "incomeBeforeTax": 152500000,
        "incomeBeforeTaxRatio": 0.2319391635,
        "incomeTaxExpense": 51900000,
        "netIncome": 100600000,
        "netIncomeRatio": 0.1530038023,
        "eps": 0.56,
        "epsdiluted": 0.56,
        "weightedAverageShsOut": 179643000,
        "weightedAverageShsOutDil": 179643000,
        "link": "https://www.sec.gov/Archives/edgar/data/28412/000002841294000025/0000028412-94-000025-index.html",
        "finalLink": "https://www.sec.gov/Archives/edgar/data/28412/"
    },
    {
        "date": "1994-06-30",
        "symbol": "CMA",
        "reportedCurrency": "USD",
        "cik": "0000028412",
        "fillingDate": "1994-08-12",
        "acceptedDate": "1994-08-12 00:00:00",
        "calendarYear": "1994",
        "period": "Q2",
        "revenue": 629500000,
        "costOfRevenue": 214500000,
        "grossProfit": 415000000,
        "grossProfitRatio": 0.6592533757,
        "researchAndDevelopmentExpenses": 0,
        "generalAndAdministrativeExpenses": 136200000,
        "sellingAndMarketingExpenses": 0,
        "sellingGeneralAndAdministrativeExpenses": 136200000,
        "otherExpenses": 128700000,
        "operatingExpenses": 264900000,
        "costAndExpenses": 479400000,
        "interestIncome": 514100000,
        "interestExpense": 199500000,
        "depreciationAndAmortization": 22700000,
        "ebitda": 172800000,
        "ebitdaratio": 0.2745035743,
        "operatingIncome": 150100000,
        "operatingIncomeRatio": 0.2384432089,
        "totalOtherIncomeExpensesNet": 0,
        "incomeBeforeTax": 150100000,
        "incomeBeforeTaxRatio": 0.2384432089,
        "incomeTaxExpense": 50900000,
        "netIncome": 99200000,
        "netIncomeRatio": 0.1575853852,
        "eps": 0.55,
        "epsdiluted": 0.55,
        "weightedAverageShsOut": 180364000,
        "weightedAverageShsOutDil": 180364000,
        "link": "https://www.sec.gov/Archives/edgar/data/28412/000002841294000020/0000028412-94-000020-index.html",
        "finalLink": "https://www.sec.gov/Archives/edgar/data/28412/0000028412-94-000020.txt"
    },
    {
        "date": "1994-03-31",
        "symbol": "CMA",
        "reportedCurrency": "USD",
        "cik": "0000028412",
        "fillingDate": "1994-05-13",
        "acceptedDate": "1994-05-13 00:00:00",
        "calendarYear": "1994",
        "period": "Q1",
        "revenue": 567300000,
        "costOfRevenue": 180100000,
        "grossProfit": 387200000,
        "grossProfitRatio": 0.6825312886,
        "researchAndDevelopmentExpenses": 0,
        "generalAndAdministrativeExpenses": 131700000,
        "sellingAndMarketingExpenses": 0,
        "sellingGeneralAndAdministrativeExpenses": 131700000,
        "otherExpenses": 119900000,
        "operatingExpenses": 251600000,
        "costAndExpenses": 431700000,
        "interestIncome": 455400000,
        "interestExpense": 165100000,
        "depreciationAndAmortization": 20800000,
        "ebitda": 156400000,
        "ebitdaratio": 0.2756918738,
        "operatingIncome": 135600000,
        "operatingIncomeRatio": 0.2390269699,
        "totalOtherIncomeExpensesNet": 0,
        "incomeBeforeTax": 135600000,
        "incomeBeforeTaxRatio": 0.2390269699,
        "incomeTaxExpense": 44700000,
        "netIncome": 90900000,
        "netIncomeRatio": 0.1602326811,
        "eps": 0.53,
        "epsdiluted": 0.53,
        "weightedAverageShsOut": 171509000,
        "weightedAverageShsOutDil": 171509000,
        "link": "https://www.sec.gov/Archives/edgar/data/28412/000002841294000014/0000028412-94-000014-index.html",
        "finalLink": "https://www.sec.gov/Archives/edgar/data/28412/0000028412-94-000014.txt"
    },
    {
        "date": "1993-12-31",
        "symbol": "CMA",
        "reportedCurrency": "USD",
        "cik": "0000028412",
        "fillingDate": "1994-03-30",
        "acceptedDate": "1994-03-30 00:00:00",
        "calendarYear": "1993",
        "period": "Q4",
        "revenue": 582900000,
        "costOfRevenue": 177500000,
        "grossProfit": 405400000,
        "grossProfitRatio": 0.6954880769,
        "researchAndDevelopmentExpenses": 0,
        "generalAndAdministrativeExpenses": 125500000,
        "sellingAndMarketingExpenses": 0,
        "sellingGeneralAndAdministrativeExpenses": 125500000,
        "otherExpenses": 151400000,
        "operatingExpenses": 276900000,
        "costAndExpenses": 454400000,
        "interestIncome": 451600000,
        "interestExpense": 163500000,
        "depreciationAndAmortization": 13500000,
        "ebitda": 142000000,
        "ebitdaratio": 0.2436095385,
        "operatingIncome": 128500000,
        "operatingIncomeRatio": 0.2204494768,
        "totalOtherIncomeExpensesNet": 0,
        "incomeBeforeTax": 128500000,
        "incomeBeforeTaxRatio": 0.2204494768,
        "incomeTaxExpense": 38400000,
        "netIncome": 90100000,
        "netIncomeRatio": 0.1545719677,
        "eps": 0.53,
        "epsdiluted": 0.51,
        "weightedAverageShsOut": 168936000,
        "weightedAverageShsOutDil": 176405000,
        "link": "https://www.sec.gov/Archives/edgar/data/28412/000095012494000655/0000950124-94-000655-index.html",
        "finalLink": "https://www.sec.gov/Archives/edgar/data/28412/0000950124-94-000655.txt"
    },
    {
        "date": "1993-09-30",
        "symbol": "CMA",
        "reportedCurrency": "USD",
        "cik": "0000028412",
        "fillingDate": "1993-09-30",
        "acceptedDate": "1993-09-30 00:00:00",
        "calendarYear": "1993",
        "period": "Q3",
        "revenue": 548100000,
        "costOfRevenue": 173200000,
        "grossProfit": 374900000,
        "grossProfitRatio": 0.6839992702,
        "researchAndDevelopmentExpenses": 0,
        "generalAndAdministrativeExpenses": 133100000,
        "sellingAndMarketingExpenses": 0,
        "sellingGeneralAndAdministrativeExpenses": 133100000,
        "otherExpenses": 120700000,
        "operatingExpenses": 253800000,
        "costAndExpenses": 427000000,
        "interestIncome": 438100000,
        "interestExpense": 158200000,
        "depreciationAndAmortization": 13600000,
        "ebitda": 134700000,
        "ebitdaratio": 0.2457580733,
        "operatingIncome": 121100000,
        "operatingIncomeRatio": 0.220945083,
        "totalOtherIncomeExpensesNet": 0,
        "incomeBeforeTax": 121100000,
        "incomeBeforeTaxRatio": 0.220945083,
        "incomeTaxExpense": 37400000,
        "netIncome": 83700000,
        "netIncomeRatio": 0.1527093596,
        "eps": 0.47,
        "epsdiluted": 0.47,
        "weightedAverageShsOut": 178085000,
        "weightedAverageShsOutDil": 178085000,
        "link": null,
        "finalLink": null
    },
    {
        "date": "1993-06-30",
        "symbol": "CMA",
        "reportedCurrency": "USD",
        "cik": "0000028412",
        "fillingDate": "1993-06-30",
        "acceptedDate": "1993-06-30 00:00:00",
        "calendarYear": "1993",
        "period": "Q2",
        "revenue": 557500000,
        "costOfRevenue": 180400000,
        "grossProfit": 377100000,
        "grossProfitRatio": 0.6764125561,
        "researchAndDevelopmentExpenses": 0,
        "generalAndAdministrativeExpenses": 135400000,
        "sellingAndMarketingExpenses": 0,
        "sellingGeneralAndAdministrativeExpenses": 135400000,
        "otherExpenses": 119900000,
        "operatingExpenses": 255300000,
        "costAndExpenses": 435700000,
        "interestIncome": 446000000,
        "interestExpense": 162400000,
        "depreciationAndAmortization": 14300000,
        "ebitda": 136100000,
        "ebitdaratio": 0.2441255605,
        "operatingIncome": 121800000,
        "operatingIncomeRatio": 0.2184753363,
        "totalOtherIncomeExpensesNet": 0,
        "incomeBeforeTax": 121800000,
        "incomeBeforeTaxRatio": 0.2184753363,
        "incomeTaxExpense": 38100000,
        "netIncome": 83700000,
        "netIncomeRatio": 0.1501345291,
        "eps": 0.47,
        "epsdiluted": 0.47,
        "weightedAverageShsOut": 178085000,
        "weightedAverageShsOutDil": 178085000,
        "link": null,
        "finalLink": null
    },
    {
        "date": "1993-03-31",
        "symbol": "CMA",
        "reportedCurrency": "USD",
        "cik": "0000028412",
        "fillingDate": "1993-03-31",
        "acceptedDate": "1993-03-31 00:00:00",
        "calendarYear": "1993",
        "period": "Q1",
        "revenue": 544000000,
        "costOfRevenue": 183100000,
        "grossProfit": 360900000,
        "grossProfitRatio": 0.6634191176,
        "researchAndDevelopmentExpenses": 0,
        "generalAndAdministrativeExpenses": 131200000,
        "sellingAndMarketingExpenses": 0,
        "sellingGeneralAndAdministrativeExpenses": 131200000,
        "otherExpenses": 115800000,
        "operatingExpenses": 247000000,
        "costAndExpenses": 430100000,
        "interestIncome": 436200000,
        "interestExpense": 161100000,
        "depreciationAndAmortization": 13100000,
        "ebitda": 127000000,
        "ebitdaratio": 0.2334558824,
        "operatingIncome": 113900000,
        "operatingIncomeRatio": 0.209375,
        "totalOtherIncomeExpensesNet": 0,
        "incomeBeforeTax": 113900000,
        "incomeBeforeTaxRatio": 0.209375,
        "incomeTaxExpense": 33200000,
        "netIncome": 80700000,
        "netIncomeRatio": 0.1483455882,
        "eps": 0.46,
        "epsdiluted": 0.45,
        "weightedAverageShsOut": 175435000,
        "weightedAverageShsOutDil": 179333000,
        "link": null,
        "finalLink": null
    },
    {
        "date": "1992-12-31",
        "symbol": "CMA",
        "reportedCurrency": "USD",
        "cik": "0000028412",
        "fillingDate": "1992-12-31",
        "acceptedDate": "1992-12-31 00:00:00",
        "calendarYear": "1992",
        "period": "Q4",
        "revenue": 543700000,
        "costOfRevenue": 194900000,
        "grossProfit": 348800000,
        "grossProfitRatio": 0.6415302557,
        "researchAndDevelopmentExpenses": 0,
        "generalAndAdministrativeExpenses": 127300000,
        "sellingAndMarketingExpenses": 0,
        "sellingGeneralAndAdministrativeExpenses": 127300000,
        "otherExpenses": 109200000,
        "operatingExpenses": 236500000,
        "costAndExpenses": 431400000,
        "interestIncome": 443100000,
        "interestExpense": 168900000,
        "depreciationAndAmortization": 13100000,
        "ebitda": 125400000,
        "ebitdaratio": 0.2306418981,
        "operatingIncome": 112300000,
        "operatingIncomeRatio": 0.2065477285,
        "totalOtherIncomeExpensesNet": 0,
        "incomeBeforeTax": 112300000,
        "incomeBeforeTaxRatio": 0.2065477285,
        "incomeTaxExpense": 28300000,
        "netIncome": 84000000,
        "netIncomeRatio": 0.1544969652,
        "eps": 0.48,
        "epsdiluted": 0.47,
        "weightedAverageShsOut": 175309000,
        "weightedAverageShsOutDil": 177500000,
        "link": null,
        "finalLink": null
    },
    {
        "date": "1992-09-30",
        "symbol": "CMA",
        "reportedCurrency": "USD",
        "cik": "0000028412",
        "fillingDate": "1992-09-30",
        "acceptedDate": "1992-09-30 00:00:00",
        "calendarYear": "1992",
        "period": "Q3",
        "revenue": 556400000,
        "costOfRevenue": 210500000,
        "grossProfit": 345900000,
        "grossProfitRatio": 0.6216750539,
        "researchAndDevelopmentExpenses": 0,
        "generalAndAdministrativeExpenses": 126100000,
        "sellingAndMarketingExpenses": 0,
        "sellingGeneralAndAdministrativeExpenses": 126100000,
        "otherExpenses": 102800000,
        "operatingExpenses": 228900000,
        "costAndExpenses": 439400000,
        "interestIncome": 455000000,
        "interestExpense": 183500000,
        "depreciationAndAmortization": 12800000,
        "ebitda": 129800000,
        "ebitdaratio": 0.2332854062,
        "operatingIncome": 117000000,
        "operatingIncomeRatio": 0.2102803738,
        "totalOtherIncomeExpensesNet": 0,
        "incomeBeforeTax": 117000000,
        "incomeBeforeTaxRatio": 0.2102803738,
        "incomeTaxExpense": 33900000,
        "netIncome": 83100000,
        "netIncomeRatio": 0.1493529835,
        "eps": 0.47,
        "epsdiluted": 0.47,
        "weightedAverageShsOut": 176809000,
        "weightedAverageShsOutDil": 176809000,
        "link": null,
        "finalLink": null
    },
    {
        "date": "1992-06-30",
        "symbol": "CMA",
        "reportedCurrency": "USD",
        "cik": "0000028412",
        "fillingDate": "1992-06-30",
        "acceptedDate": "1992-06-30 00:00:00",
        "calendarYear": "1992",
        "period": "Q2",
        "revenue": 574800000,
        "costOfRevenue": 236000000,
        "grossProfit": 338800000,
        "grossProfitRatio": 0.5894224078,
        "researchAndDevelopmentExpenses": 0,
        "generalAndAdministrativeExpenses": 123200000,
        "sellingAndMarketingExpenses": 0,
        "sellingGeneralAndAdministrativeExpenses": 123200000,
        "otherExpenses": 237300000,
        "operatingExpenses": 360500000,
        "costAndExpenses": 596500000,
        "interestIncome": 476500000,
        "interestExpense": 205300000,
        "depreciationAndAmortization": 17400000,
        "ebitda": -4300000,
        "ebitdaratio": -0.0074808629,
        "operatingIncome": -21700000,
        "operatingIncomeRatio": -0.0377522617,
        "totalOtherIncomeExpensesNet": 0,
        "incomeBeforeTax": -21700000,
        "incomeBeforeTaxRatio": -0.0377522617,
        "incomeTaxExpense": -6300000,
        "netIncome": -15400000,
        "netIncomeRatio": -0.0267919276,
        "eps": -0.09,
        "epsdiluted": -0.09,
        "weightedAverageShsOut": 171111000,
        "weightedAverageShsOutDil": 171111000,
        "link": null,
        "finalLink": null
    },
    {
        "date": "1992-03-31",
        "symbol": "CMA",
        "reportedCurrency": "USD",
        "cik": "0000028412",
        "fillingDate": "1992-03-31",
        "acceptedDate": "1992-03-31 00:00:00",
        "calendarYear": "1992",
        "period": "Q1",
        "revenue": 329700000,
        "costOfRevenue": 137800000,
        "grossProfit": 191900000,
        "grossProfitRatio": 0.5820442827,
        "researchAndDevelopmentExpenses": 0,
        "generalAndAdministrativeExpenses": 69500000,
        "sellingAndMarketingExpenses": 0,
        "sellingGeneralAndAdministrativeExpenses": 69500000,
        "otherExpenses": 59600000,
        "operatingExpenses": 129100000,
        "costAndExpenses": 266900000,
        "interestIncome": 281100000,
        "interestExpense": 120500000,
        "depreciationAndAmortization": 8000000,
        "ebitda": 70800000,
        "ebitdaratio": 0.2147406733,
        "operatingIncome": 62800000,
        "operatingIncomeRatio": 0.1904761905,
        "totalOtherIncomeExpensesNet": 0,
        "incomeBeforeTax": 62800000,
        "incomeBeforeTaxRatio": 0.1904761905,
        "incomeTaxExpense": 19500000,
        "netIncome": 43300000,
        "netIncomeRatio": 0.1313315135,
        "eps": 0.45,
        "epsdiluted": 0.45,
        "weightedAverageShsOut": 96222000,
        "weightedAverageShsOutDil": 96222000,
        "link": null,
        "finalLink": null
    },
    {
        "date": "1991-12-31",
        "symbol": "CMA",
        "reportedCurrency": "USD",
        "cik": "0000028412",
        "fillingDate": "1991-12-31",
        "acceptedDate": "1991-12-31 00:00:00",
        "calendarYear": "1991",
        "period": "Q4",
        "revenue": 350200000,
        "costOfRevenue": 161500000,
        "grossProfit": 188700000,
        "grossProfitRatio": 0.5388349515,
        "researchAndDevelopmentExpenses": 0,
        "generalAndAdministrativeExpenses": 128700000,
        "sellingAndMarketingExpenses": 0,
        "sellingGeneralAndAdministrativeExpenses": 128700000,
        "otherExpenses": 800000,
        "operatingExpenses": 129500000,
        "costAndExpenses": 291000000,
        "interestIncome": 299300000,
        "interestExpense": 143500000,
        "depreciationAndAmortization": 3600000,
        "ebitda": 62800000,
        "ebitdaratio": 0.1793260994,
        "operatingIncome": 59200000,
        "operatingIncomeRatio": 0.1690462593,
        "totalOtherIncomeExpensesNet": 0,
        "incomeBeforeTax": 59200000,
        "incomeBeforeTaxRatio": 0.1690462593,
        "incomeTaxExpense": 17300000,
        "netIncome": 41900000,
        "netIncomeRatio": 0.1196459166,
        "eps": 0.44,
        "epsdiluted": 0.44,
        "weightedAverageShsOut": 95480000,
        "weightedAverageShsOutDil": 95480000,
        "link": null,
        "finalLink": null
    },
    {
        "date": "1991-09-30",
        "symbol": "CMA",
        "reportedCurrency": "USD",
        "cik": "0000028412",
        "fillingDate": "1991-09-30",
        "acceptedDate": "1991-09-30 00:00:00",
        "calendarYear": "1991",
        "period": "Q3",
        "revenue": 349900000,
        "costOfRevenue": 168000000,
        "grossProfit": 181900000,
        "grossProfitRatio": 0.5198628179,
        "researchAndDevelopmentExpenses": 0,
        "generalAndAdministrativeExpenses": 67700000,
        "sellingAndMarketingExpenses": 0,
        "sellingGeneralAndAdministrativeExpenses": 67700000,
        "otherExpenses": 60100000,
        "operatingExpenses": 127800000,
        "costAndExpenses": 295800000,
        "interestIncome": 304800000,
        "interestExpense": 154000000,
        "depreciationAndAmortization": 24900000,
        "ebitda": 79000000,
        "ebitdaratio": 0.2257787939,
        "operatingIncome": 54100000,
        "operatingIncomeRatio": 0.1546156045,
        "totalOtherIncomeExpensesNet": 0,
        "incomeBeforeTax": 54100000,
        "incomeBeforeTaxRatio": 0.1546156045,
        "incomeTaxExpense": 15800000,
        "netIncome": 38300000,
        "netIncomeRatio": 0.1094598457,
        "eps": 0.4,
        "epsdiluted": 0.4,
        "weightedAverageShsOut": 95750000,
        "weightedAverageShsOutDil": 95750000,
        "link": null,
        "finalLink": null
    },
    {
        "date": "1991-06-30",
        "symbol": "CMA",
        "reportedCurrency": "USD",
        "cik": "0000028412",
        "fillingDate": "1991-06-30",
        "acceptedDate": "1991-06-30 00:00:00",
        "calendarYear": "1991",
        "period": "Q2",
        "revenue": 346200000,
        "costOfRevenue": 169400000,
        "grossProfit": 176800000,
        "grossProfitRatio": 0.5106874639,
        "researchAndDevelopmentExpenses": 0,
        "generalAndAdministrativeExpenses": 64900000,
        "sellingAndMarketingExpenses": 0,
        "sellingGeneralAndAdministrativeExpenses": 64900000,
        "otherExpenses": 58100000,
        "operatingExpenses": 123000000,
        "costAndExpenses": 292400000,
        "interestIncome": 301800000,
        "interestExpense": 156100000,
        "depreciationAndAmortization": -8700000,
        "ebitda": 45100000,
        "ebitdaratio": 0.1302715194,
        "operatingIncome": 53800000,
        "operatingIncomeRatio": 0.155401502,
        "totalOtherIncomeExpensesNet": 0,
        "incomeBeforeTax": 53800000,
        "incomeBeforeTaxRatio": 0.155401502,
        "incomeTaxExpense": 16000000,
        "netIncome": 37800000,
        "netIncomeRatio": 0.1091854419,
        "eps": 0.43,
        "epsdiluted": 0.43,
        "weightedAverageShsOut": 87907000,
        "weightedAverageShsOutDil": 87907000,
        "link": null,
        "finalLink": null
    },
    {
        "date": "1991-03-31",
        "symbol": "CMA",
        "reportedCurrency": "USD",
        "cik": "0000028412",
        "fillingDate": "1991-03-31",
        "acceptedDate": "1991-03-31 00:00:00",
        "calendarYear": "1991",
        "period": "Q1",
        "revenue": 355200000,
        "costOfRevenue": 183300000,
        "grossProfit": 171900000,
        "grossProfitRatio": 0.4839527027,
        "researchAndDevelopmentExpenses": 0,
        "generalAndAdministrativeExpenses": 63700000,
        "sellingAndMarketingExpenses": 0,
        "sellingGeneralAndAdministrativeExpenses": 63700000,
        "otherExpenses": 58000000,
        "operatingExpenses": 121700000,
        "costAndExpenses": 305000000,
        "interestIncome": 313200000,
        "interestExpense": 170700000,
        "depreciationAndAmortization": 7800000,
        "ebitda": 58000000,
        "ebitdaratio": 0.1632882883,
        "operatingIncome": 50200000,
        "operatingIncomeRatio": 0.1413288288,
        "totalOtherIncomeExpensesNet": 0,
        "incomeBeforeTax": 50200000,
        "incomeBeforeTaxRatio": 0.1413288288,
        "incomeTaxExpense": 14800000,
        "netIncome": 35400000,
        "netIncomeRatio": 0.0996621622,
        "eps": 0.41,
        "epsdiluted": 0.41,
        "weightedAverageShsOut": 86341000,
        "weightedAverageShsOutDil": 86341000,
        "link": null,
        "finalLink": null
    },
    {
        "date": "1990-12-31",
        "symbol": "CMA",
        "reportedCurrency": "USD",
        "cik": "0000028412",
        "fillingDate": "1990-12-31",
        "acceptedDate": "1990-12-31 00:00:00",
        "calendarYear": "1990",
        "period": "Q4",
        "revenue": 348600000,
        "costOfRevenue": 194000000,
        "grossProfit": 154600000,
        "grossProfitRatio": 0.4434882387,
        "researchAndDevelopmentExpenses": 0,
        "generalAndAdministrativeExpenses": 61000000,
        "sellingAndMarketingExpenses": 0,
        "sellingGeneralAndAdministrativeExpenses": 61000000,
        "otherExpenses": 51900000,
        "operatingExpenses": 112900000,
        "costAndExpenses": 306900000,
        "interestIncome": 306300000,
        "interestExpense": 175700000,
        "depreciationAndAmortization": 9900000,
        "ebitda": 51600000,
        "ebitdaratio": 0.148020654,
        "operatingIncome": 41700000,
        "operatingIncomeRatio": 0.1196213425,
        "totalOtherIncomeExpensesNet": 0,
        "incomeBeforeTax": 41700000,
        "incomeBeforeTaxRatio": 0.1196213425,
        "incomeTaxExpense": 10300000,
        "netIncome": 31400000,
        "netIncomeRatio": 0.0900745841,
        "eps": 0.41,
        "epsdiluted": 0.4,
        "weightedAverageShsOut": 76582000,
        "weightedAverageShsOutDil": 78475000,
        "link": null,
        "finalLink": null
    },
    {
        "date": "1990-09-30",
        "symbol": "CMA",
        "reportedCurrency": "USD",
        "cik": "0000028412",
        "fillingDate": "1990-09-30",
        "acceptedDate": "1990-09-30 00:00:00",
        "calendarYear": "1990",
        "period": "Q3",
        "revenue": 329600000,
        "costOfRevenue": 179300000,
        "grossProfit": 150300000,
        "grossProfitRatio": 0.4560072816,
        "researchAndDevelopmentExpenses": 0,
        "generalAndAdministrativeExpenses": 58900000,
        "sellingAndMarketingExpenses": 0,
        "sellingGeneralAndAdministrativeExpenses": 58900000,
        "otherExpenses": 46600000,
        "operatingExpenses": 105500000,
        "costAndExpenses": 284800000,
        "interestIncome": 289100000,
        "interestExpense": 165800000,
        "depreciationAndAmortization": 7900000,
        "ebitda": 52700000,
        "ebitdaratio": 0.1598907767,
        "operatingIncome": 44800000,
        "operatingIncomeRatio": 0.1359223301,
        "totalOtherIncomeExpensesNet": 0,
        "incomeBeforeTax": 44800000,
        "incomeBeforeTaxRatio": 0.1359223301,
        "incomeTaxExpense": 11500000,
        "netIncome": 33300000,
        "netIncomeRatio": 0.1010315534,
        "eps": 0.44,
        "epsdiluted": 0.43,
        "weightedAverageShsOut": 75682000,
        "weightedAverageShsOutDil": 77442000,
        "link": null,
        "finalLink": null
    },
    {
        "date": "1990-06-30",
        "symbol": "CMA",
        "reportedCurrency": "USD",
        "cik": "0000028412",
        "fillingDate": "1990-06-30",
        "acceptedDate": "1990-06-30 00:00:00",
        "calendarYear": "1990",
        "period": "Q2",
        "revenue": 325500000,
        "costOfRevenue": 180900000,
        "grossProfit": 144600000,
        "grossProfitRatio": 0.4442396313,
        "researchAndDevelopmentExpenses": 0,
        "generalAndAdministrativeExpenses": 56800000,
        "sellingAndMarketingExpenses": 0,
        "sellingGeneralAndAdministrativeExpenses": 56800000,
        "otherExpenses": 45300000,
        "operatingExpenses": 102100000,
        "costAndExpenses": 283000000,
        "interestIncome": 287300000,
        "interestExpense": 165900000,
        "depreciationAndAmortization": 5800000,
        "ebitda": 48300000,
        "ebitdaratio": 0.1483870968,
        "operatingIncome": 42500000,
        "operatingIncomeRatio": 0.1305683564,
        "totalOtherIncomeExpensesNet": 0,
        "incomeBeforeTax": 42500000,
        "incomeBeforeTaxRatio": 0.1305683564,
        "incomeTaxExpense": 10300000,
        "netIncome": 32200000,
        "netIncomeRatio": 0.0989247312,
        "eps": 0.43,
        "epsdiluted": 0.41,
        "weightedAverageShsOut": 74884000,
        "weightedAverageShsOutDil": 78537000,
        "link": null,
        "finalLink": null
    },
    {
        "date": "1990-03-31",
        "symbol": "CMA",
        "reportedCurrency": "USD",
        "cik": "0000028412",
        "fillingDate": "1990-03-31",
        "acceptedDate": "1990-03-31 00:00:00",
        "calendarYear": "1990",
        "period": "Q1",
        "revenue": 320600000,
        "costOfRevenue": 177800000,
        "grossProfit": 142800000,
        "grossProfitRatio": 0.4454148472,
        "researchAndDevelopmentExpenses": 0,
        "generalAndAdministrativeExpenses": 55700000,
        "sellingAndMarketingExpenses": 0,
        "sellingGeneralAndAdministrativeExpenses": 55700000,
        "otherExpenses": 44700000,
        "operatingExpenses": 100400000,
        "costAndExpenses": 278200000,
        "interestIncome": 283100000,
        "interestExpense": 166300000,
        "depreciationAndAmortization": 6100000,
        "ebitda": 48500000,
        "ebitdaratio": 0.1512788522,
        "operatingIncome": 42400000,
        "operatingIncomeRatio": 0.1322520274,
        "totalOtherIncomeExpensesNet": 0,
        "incomeBeforeTax": 42400000,
        "incomeBeforeTaxRatio": 0.1322520274,
        "incomeTaxExpense": 10900000,
        "netIncome": 31500000,
        "netIncomeRatio": 0.0982532751,
        "eps": 0.41,
        "epsdiluted": 0.41,
        "weightedAverageShsOut": 76829000,
        "weightedAverageShsOutDil": 76829000,
        "link": null,
        "finalLink": null
    },
    {
        "date": "1989-12-31",
        "symbol": "CMA",
        "reportedCurrency": "USD",
        "cik": "0000028412",
        "fillingDate": "1989-12-31",
        "acceptedDate": "1989-12-30 19:00:00",
        "calendarYear": "1989",
        "period": "Q4",
        "revenue": 0,
        "costOfRevenue": 0,
        "grossProfit": 0,
        "grossProfitRatio": 0,
        "researchAndDevelopmentExpenses": 0,
        "generalAndAdministrativeExpenses": 0,
        "sellingAndMarketingExpenses": 0,
        "sellingGeneralAndAdministrativeExpenses": 0,
        "otherExpenses": 0,
        "operatingExpenses": 0,
        "costAndExpenses": 0,
        "interestIncome": 0,
        "interestExpense": 0,
        "depreciationAndAmortization": 0,
        "ebitda": 0,
        "ebitdaratio": 0,
        "operatingIncome": 0,
        "operatingIncomeRatio": 0,
        "totalOtherIncomeExpensesNet": 0,
        "incomeBeforeTax": 0,
        "incomeBeforeTaxRatio": 0,
        "incomeTaxExpense": 0,
        "netIncome": 0,
        "netIncomeRatio": 0,
        "eps": 0.39,
        "epsdiluted": 0.38,
        "weightedAverageShsOut": 73982000,
        "weightedAverageShsOutDil": 73982000,
        "link": null,
        "finalLink": null
    },
    {
        "date": "1989-09-30",
        "symbol": "CMA",
        "reportedCurrency": "USD",
        "cik": "0000028412",
        "fillingDate": "1989-09-30",
        "acceptedDate": "1989-09-29 20:00:00",
        "calendarYear": "1989",
        "period": "Q3",
        "revenue": 0,
        "costOfRevenue": 0,
        "grossProfit": 0,
        "grossProfitRatio": 0,
        "researchAndDevelopmentExpenses": 0,
        "generalAndAdministrativeExpenses": 0,
        "sellingAndMarketingExpenses": 0,
        "sellingGeneralAndAdministrativeExpenses": 0,
        "otherExpenses": 0,
        "operatingExpenses": 0,
        "costAndExpenses": 0,
        "interestIncome": 0,
        "interestExpense": 0,
        "depreciationAndAmortization": 0,
        "ebitda": 0,
        "ebitdaratio": 0,
        "operatingIncome": 0,
        "operatingIncomeRatio": 0,
        "totalOtherIncomeExpensesNet": 0,
        "incomeBeforeTax": 0,
        "incomeBeforeTaxRatio": 0,
        "incomeTaxExpense": 0,
        "netIncome": 0,
        "netIncomeRatio": 0,
        "eps": -0.14,
        "epsdiluted": -0.14,
        "weightedAverageShsOut": 71244000,
        "weightedAverageShsOutDil": 71244000,
        "link": null,
        "finalLink": null
    },
    {
        "date": "1989-06-30",
        "symbol": "CMA",
        "reportedCurrency": "USD",
        "cik": "0000028412",
        "fillingDate": "1989-06-30",
        "acceptedDate": "1989-06-29 20:00:00",
        "calendarYear": "1989",
        "period": "Q2",
        "revenue": 0,
        "costOfRevenue": 0,
        "grossProfit": 0,
        "grossProfitRatio": 0,
        "researchAndDevelopmentExpenses": 0,
        "generalAndAdministrativeExpenses": 0,
        "sellingAndMarketingExpenses": 0,
        "sellingGeneralAndAdministrativeExpenses": 0,
        "otherExpenses": 0,
        "operatingExpenses": 0,
        "costAndExpenses": 0,
        "interestIncome": 0,
        "interestExpense": 0,
        "depreciationAndAmortization": 0,
        "ebitda": 0,
        "ebitdaratio": 0,
        "operatingIncome": 0,
        "operatingIncomeRatio": 0,
        "totalOtherIncomeExpensesNet": 0,
        "incomeBeforeTax": 0,
        "incomeBeforeTaxRatio": 0,
        "incomeTaxExpense": 0,
        "netIncome": 0,
        "netIncomeRatio": 0,
        "eps": 0.41,
        "epsdiluted": 0.41,
        "weightedAverageShsOut": 71052000,
        "weightedAverageShsOutDil": 71052000,
        "link": null,
        "finalLink": null
    },
    {
        "date": "1989-03-31",
        "symbol": "CMA",
        "reportedCurrency": "USD",
        "cik": "0000028412",
        "fillingDate": "1989-03-31",
        "acceptedDate": "1989-03-30 19:00:00",
        "calendarYear": "1989",
        "period": "Q1",
        "revenue": 0,
        "costOfRevenue": 0,
        "grossProfit": 0,
        "grossProfitRatio": 0,
        "researchAndDevelopmentExpenses": 0,
        "generalAndAdministrativeExpenses": 0,
        "sellingAndMarketingExpenses": 0,
        "sellingGeneralAndAdministrativeExpenses": 0,
        "otherExpenses": 0,
        "operatingExpenses": 0,
        "costAndExpenses": 0,
        "interestIncome": 0,
        "interestExpense": 0,
        "depreciationAndAmortization": 0,
        "ebitda": 0,
        "ebitdaratio": 0,
        "operatingIncome": 0,
        "operatingIncomeRatio": 0,
        "totalOtherIncomeExpensesNet": 0,
        "incomeBeforeTax": 0,
        "incomeBeforeTaxRatio": 0,
        "incomeTaxExpense": 0,
        "netIncome": 0,
        "netIncomeRatio": 0,
        "eps": 0.37,
        "epsdiluted": 0.36,
        "weightedAverageShsOut": 70747000,
        "weightedAverageShsOutDil": 70747000,
        "link": null,
        "finalLink": null
    },
    {
        "date": "1988-12-31",
        "symbol": "CMA",
        "reportedCurrency": "USD",
        "cik": "0000028412",
        "fillingDate": "1988-12-31",
        "acceptedDate": "1988-12-30 19:00:00",
        "calendarYear": "1988",
        "period": "Q4",
        "revenue": 0,
        "costOfRevenue": 0,
        "grossProfit": 0,
        "grossProfitRatio": 0,
        "researchAndDevelopmentExpenses": 0,
        "generalAndAdministrativeExpenses": 0,
        "sellingAndMarketingExpenses": 0,
        "sellingGeneralAndAdministrativeExpenses": 0,
        "otherExpenses": 0,
        "operatingExpenses": 0,
        "costAndExpenses": 0,
        "interestIncome": 0,
        "interestExpense": 0,
        "depreciationAndAmortization": 0,
        "ebitda": 0,
        "ebitdaratio": 0,
        "operatingIncome": 0,
        "operatingIncomeRatio": 0,
        "totalOtherIncomeExpensesNet": 0,
        "incomeBeforeTax": 0,
        "incomeBeforeTaxRatio": 0,
        "incomeTaxExpense": 0,
        "netIncome": 0,
        "netIncomeRatio": 0,
        "eps": 0.38,
        "epsdiluted": 0.38,
        "weightedAverageShsOut": 70603000,
        "weightedAverageShsOutDil": 70603000,
        "link": null,
        "finalLink": null
    },
    {
        "date": "1988-09-30",
        "symbol": "CMA",
        "reportedCurrency": "USD",
        "cik": "0000028412",
        "fillingDate": "1988-09-30",
        "acceptedDate": "1988-09-29 20:00:00",
        "calendarYear": "1988",
        "period": "Q3",
        "revenue": 0,
        "costOfRevenue": 0,
        "grossProfit": 0,
        "grossProfitRatio": 0,
        "researchAndDevelopmentExpenses": 0,
        "generalAndAdministrativeExpenses": 0,
        "sellingAndMarketingExpenses": 0,
        "sellingGeneralAndAdministrativeExpenses": 0,
        "otherExpenses": 0,
        "operatingExpenses": 0,
        "costAndExpenses": 0,
        "interestIncome": 0,
        "interestExpense": 0,
        "depreciationAndAmortization": 0,
        "ebitda": 0,
        "ebitdaratio": 0,
        "operatingIncome": 0,
        "operatingIncomeRatio": 0,
        "totalOtherIncomeExpensesNet": 0,
        "incomeBeforeTax": 0,
        "incomeBeforeTaxRatio": 0,
        "incomeTaxExpense": 0,
        "netIncome": 0,
        "netIncomeRatio": 0,
        "eps": 0.39,
        "epsdiluted": 0.38,
        "weightedAverageShsOut": 70513000,
        "weightedAverageShsOutDil": 70513000,
        "link": null,
        "finalLink": null
    },
    {
        "date": "1988-06-30",
        "symbol": "CMA",
        "reportedCurrency": "USD",
        "cik": "0000028412",
        "fillingDate": "1988-06-30",
        "acceptedDate": "1988-06-29 20:00:00",
        "calendarYear": "1988",
        "period": "Q2",
        "revenue": 0,
        "costOfRevenue": 0,
        "grossProfit": 0,
        "grossProfitRatio": 0,
        "researchAndDevelopmentExpenses": 0,
        "generalAndAdministrativeExpenses": 0,
        "sellingAndMarketingExpenses": 0,
        "sellingGeneralAndAdministrativeExpenses": 0,
        "otherExpenses": 0,
        "operatingExpenses": 0,
        "costAndExpenses": 0,
        "interestIncome": 0,
        "interestExpense": 0,
        "depreciationAndAmortization": 0,
        "ebitda": 0,
        "ebitdaratio": 0,
        "operatingIncome": 0,
        "operatingIncomeRatio": 0,
        "totalOtherIncomeExpensesNet": 0,
        "incomeBeforeTax": 0,
        "incomeBeforeTaxRatio": 0,
        "incomeTaxExpense": 0,
        "netIncome": 0,
        "netIncomeRatio": 0,
        "eps": 0.38,
        "epsdiluted": 0.37,
        "weightedAverageShsOut": 70147000,
        "weightedAverageShsOutDil": 70147000,
        "link": null,
        "finalLink": null
    },
    {
        "date": "1988-03-31",
        "symbol": "CMA",
        "reportedCurrency": "USD",
        "cik": "0000028412",
        "fillingDate": "1988-03-31",
        "acceptedDate": "1988-03-30 19:00:00",
        "calendarYear": "1988",
        "period": "Q1",
        "revenue": 0,
        "costOfRevenue": 0,
        "grossProfit": 0,
        "grossProfitRatio": 0,
        "researchAndDevelopmentExpenses": 0,
        "generalAndAdministrativeExpenses": 0,
        "sellingAndMarketingExpenses": 0,
        "sellingGeneralAndAdministrativeExpenses": 0,
        "otherExpenses": 0,
        "operatingExpenses": 0,
        "costAndExpenses": 0,
        "interestIncome": 0,
        "interestExpense": 0,
        "depreciationAndAmortization": 0,
        "ebitda": 0,
        "ebitdaratio": 0,
        "operatingIncome": 0,
        "operatingIncomeRatio": 0,
        "totalOtherIncomeExpensesNet": 0,
        "incomeBeforeTax": 0,
        "incomeBeforeTaxRatio": 0,
        "incomeTaxExpense": 0,
        "netIncome": 0,
        "netIncomeRatio": 0,
        "eps": 0.37,
        "epsdiluted": 0.35,
        "weightedAverageShsOut": 70027000,
        "weightedAverageShsOutDil": 70027000,
        "link": null,
        "finalLink": null
    },
    {
        "date": "1987-12-31",
        "symbol": "CMA",
        "reportedCurrency": "USD",
        "cik": "0000028412",
        "fillingDate": "1987-12-31",
        "acceptedDate": "1987-12-30 19:00:00",
        "calendarYear": "1987",
        "period": "Q4",
        "revenue": 0,
        "costOfRevenue": 0,
        "grossProfit": 0,
        "grossProfitRatio": 0,
        "researchAndDevelopmentExpenses": 0,
        "generalAndAdministrativeExpenses": 0,
        "sellingAndMarketingExpenses": 0,
        "sellingGeneralAndAdministrativeExpenses": 0,
        "otherExpenses": 0,
        "operatingExpenses": 0,
        "costAndExpenses": 0,
        "interestIncome": 0,
        "interestExpense": 0,
        "depreciationAndAmortization": 0,
        "ebitda": 0,
        "ebitdaratio": 0,
        "operatingIncome": 0,
        "operatingIncomeRatio": 0,
        "totalOtherIncomeExpensesNet": 0,
        "incomeBeforeTax": 0,
        "incomeBeforeTaxRatio": 0,
        "incomeTaxExpense": 0,
        "netIncome": 0,
        "netIncomeRatio": 0,
        "eps": 0.31,
        "epsdiluted": 0.3,
        "weightedAverageShsOut": 69787000,
        "weightedAverageShsOutDil": 69787000,
        "link": null,
        "finalLink": null
    },
    {
        "date": "1987-09-30",
        "symbol": "CMA",
        "reportedCurrency": "USD",
        "cik": "0000028412",
        "fillingDate": "1987-09-30",
        "acceptedDate": "1987-09-29 20:00:00",
        "calendarYear": "1987",
        "period": "Q3",
        "revenue": 0,
        "costOfRevenue": 0,
        "grossProfit": 0,
        "grossProfitRatio": 0,
        "researchAndDevelopmentExpenses": 0,
        "generalAndAdministrativeExpenses": 0,
        "sellingAndMarketingExpenses": 0,
        "sellingGeneralAndAdministrativeExpenses": 0,
        "otherExpenses": 0,
        "operatingExpenses": 0,
        "costAndExpenses": 0,
        "interestIncome": 0,
        "interestExpense": 0,
        "depreciationAndAmortization": 0,
        "ebitda": 0,
        "ebitdaratio": 0,
        "operatingIncome": 0,
        "operatingIncomeRatio": 0,
        "totalOtherIncomeExpensesNet": 0,
        "incomeBeforeTax": 0,
        "incomeBeforeTaxRatio": 0,
        "incomeTaxExpense": 0,
        "netIncome": 0,
        "netIncomeRatio": 0,
        "eps": 0.33,
        "epsdiluted": 0.31,
        "weightedAverageShsOut": 47931000,
        "weightedAverageShsOutDil": 47931000,
        "link": null,
        "finalLink": null
    },
    {
        "date": "1987-06-30",
        "symbol": "CMA",
        "reportedCurrency": "USD",
        "cik": "0000028412",
        "fillingDate": "1987-06-30",
        "acceptedDate": "1987-06-29 20:00:00",
        "calendarYear": "1987",
        "period": "Q2",
        "revenue": 0,
        "costOfRevenue": 0,
        "grossProfit": 0,
        "grossProfitRatio": 0,
        "researchAndDevelopmentExpenses": 0,
        "generalAndAdministrativeExpenses": 0,
        "sellingAndMarketingExpenses": 0,
        "sellingGeneralAndAdministrativeExpenses": 0,
        "otherExpenses": 0,
        "operatingExpenses": 0,
        "costAndExpenses": 0,
        "interestIncome": 0,
        "interestExpense": 0,
        "depreciationAndAmortization": 0,
        "ebitda": 0,
        "ebitdaratio": 0,
        "operatingIncome": 0,
        "operatingIncomeRatio": 0,
        "totalOtherIncomeExpensesNet": 0,
        "incomeBeforeTax": 0,
        "incomeBeforeTaxRatio": 0,
        "incomeTaxExpense": 0,
        "netIncome": 0,
        "netIncomeRatio": 0,
        "eps": 0.02,
        "epsdiluted": 0.02,
        "weightedAverageShsOut": 47742000,
        "weightedAverageShsOutDil": 47742000,
        "link": null,
        "finalLink": null
    },
    {
        "date": "1987-03-31",
        "symbol": "CMA",
        "reportedCurrency": "USD",
        "cik": "0000028412",
        "fillingDate": "1987-03-31",
        "acceptedDate": "1987-03-30 19:00:00",
        "calendarYear": "1987",
        "period": "Q1",
        "revenue": 0,
        "costOfRevenue": 0,
        "grossProfit": 0,
        "grossProfitRatio": 0,
        "researchAndDevelopmentExpenses": 0,
        "generalAndAdministrativeExpenses": 0,
        "sellingAndMarketingExpenses": 0,
        "sellingGeneralAndAdministrativeExpenses": 0,
        "otherExpenses": 0,
        "operatingExpenses": 0,
        "costAndExpenses": 0,
        "interestIncome": 0,
        "interestExpense": 0,
        "depreciationAndAmortization": 0,
        "ebitda": 0,
        "ebitdaratio": 0,
        "operatingIncome": 0,
        "operatingIncomeRatio": 0,
        "totalOtherIncomeExpensesNet": 0,
        "incomeBeforeTax": 0,
        "incomeBeforeTaxRatio": 0,
        "incomeTaxExpense": 0,
        "netIncome": 0,
        "netIncomeRatio": 0,
        "eps": 0.27,
        "epsdiluted": 0.26,
        "weightedAverageShsOut": 47715000,
        "weightedAverageShsOutDil": 47715000,
        "link": null,
        "finalLink": null
    },
    {
        "date": "1986-12-31",
        "symbol": "CMA",
        "reportedCurrency": "USD",
        "cik": "0000028412",
        "fillingDate": "1986-12-31",
        "acceptedDate": "1986-12-30 19:00:00",
        "calendarYear": "1986",
        "period": "Q4",
        "revenue": 0,
        "costOfRevenue": 0,
        "grossProfit": 0,
        "grossProfitRatio": 0,
        "researchAndDevelopmentExpenses": 0,
        "generalAndAdministrativeExpenses": 0,
        "sellingAndMarketingExpenses": 0,
        "sellingGeneralAndAdministrativeExpenses": 0,
        "otherExpenses": 0,
        "operatingExpenses": 0,
        "costAndExpenses": 0,
        "interestIncome": 0,
        "interestExpense": 0,
        "depreciationAndAmortization": 0,
        "ebitda": 0,
        "ebitdaratio": 0,
        "operatingIncome": 0,
        "operatingIncomeRatio": 0,
        "totalOtherIncomeExpensesNet": 0,
        "incomeBeforeTax": 0,
        "incomeBeforeTaxRatio": 0,
        "incomeTaxExpense": 0,
        "netIncome": 0,
        "netIncomeRatio": 0,
        "eps": 0.25,
        "epsdiluted": 0.24,
        "weightedAverageShsOut": 71322000,
        "weightedAverageShsOutDil": 71322000,
        "link": null,
        "finalLink": null
    },
    {
        "date": "1986-09-30",
        "symbol": "CMA",
        "reportedCurrency": "USD",
        "cik": "0000028412",
        "fillingDate": "1986-09-30",
        "acceptedDate": "1986-09-29 20:00:00",
        "calendarYear": "1986",
        "period": "Q3",
        "revenue": 0,
        "costOfRevenue": 0,
        "grossProfit": 0,
        "grossProfitRatio": 0,
        "researchAndDevelopmentExpenses": 0,
        "generalAndAdministrativeExpenses": 0,
        "sellingAndMarketingExpenses": 0,
        "sellingGeneralAndAdministrativeExpenses": 0,
        "otherExpenses": 0,
        "operatingExpenses": 0,
        "costAndExpenses": 0,
        "interestIncome": 0,
        "interestExpense": 0,
        "depreciationAndAmortization": 0,
        "ebitda": 0,
        "ebitdaratio": 0,
        "operatingIncome": 0,
        "operatingIncomeRatio": 0,
        "totalOtherIncomeExpensesNet": 0,
        "incomeBeforeTax": 0,
        "incomeBeforeTaxRatio": 0,
        "incomeTaxExpense": 0,
        "netIncome": 0,
        "netIncomeRatio": 0,
        "eps": 0.21,
        "epsdiluted": 0.21,
        "weightedAverageShsOut": 70585000,
        "weightedAverageShsOutDil": 70585000,
        "link": null,
        "finalLink": null
    },
    {
        "date": "1986-06-30",
        "symbol": "CMA",
        "reportedCurrency": "USD",
        "cik": "0000028412",
        "fillingDate": "1986-06-30",
        "acceptedDate": "1986-06-29 20:00:00",
        "calendarYear": "1986",
        "period": "Q2",
        "revenue": 0,
        "costOfRevenue": 0,
        "grossProfit": 0,
        "grossProfitRatio": 0,
        "researchAndDevelopmentExpenses": 0,
        "generalAndAdministrativeExpenses": 0,
        "sellingAndMarketingExpenses": 0,
        "sellingGeneralAndAdministrativeExpenses": 0,
        "otherExpenses": 0,
        "operatingExpenses": 0,
        "costAndExpenses": 0,
        "interestIncome": 0,
        "interestExpense": 0,
        "depreciationAndAmortization": 0,
        "ebitda": 0,
        "ebitdaratio": 0,
        "operatingIncome": 0,
        "operatingIncomeRatio": 0,
        "totalOtherIncomeExpensesNet": 0,
        "incomeBeforeTax": 0,
        "incomeBeforeTaxRatio": 0,
        "incomeTaxExpense": 0,
        "netIncome": 0,
        "netIncomeRatio": 0,
        "eps": 0.18,
        "epsdiluted": 0.17,
        "weightedAverageShsOut": 70585000,
        "weightedAverageShsOutDil": 70585000,
        "link": null,
        "finalLink": null
    },
    {
        "date": "1986-03-31",
        "symbol": "CMA",
        "reportedCurrency": "USD",
        "cik": "0000028412",
        "fillingDate": "1986-03-31",
        "acceptedDate": "1986-03-30 19:00:00",
        "calendarYear": "1986",
        "period": "Q1",
        "revenue": 0,
        "costOfRevenue": 0,
        "grossProfit": 0,
        "grossProfitRatio": 0,
        "researchAndDevelopmentExpenses": 0,
        "generalAndAdministrativeExpenses": 0,
        "sellingAndMarketingExpenses": 0,
        "sellingGeneralAndAdministrativeExpenses": 0,
        "otherExpenses": 0,
        "operatingExpenses": 0,
        "costAndExpenses": 0,
        "interestIncome": 0,
        "interestExpense": 0,
        "depreciationAndAmortization": 0,
        "ebitda": 0,
        "ebitdaratio": 0,
        "operatingIncome": 0,
        "operatingIncomeRatio": 0,
        "totalOtherIncomeExpensesNet": 0,
        "incomeBeforeTax": 0,
        "incomeBeforeTaxRatio": 0,
        "incomeTaxExpense": 0,
        "netIncome": 0,
        "netIncomeRatio": 0,
        "eps": 0.17,
        "epsdiluted": 0.16,
        "weightedAverageShsOut": 70435000,
        "weightedAverageShsOutDil": 70435000,
        "link": null,
        "finalLink": null
    },
    {
        "date": "1985-12-31",
        "symbol": "CMA",
        "reportedCurrency": "USD",
        "cik": "0000028412",
        "fillingDate": "1985-12-31",
        "acceptedDate": "1985-12-30 19:00:00",
        "calendarYear": "1985",
        "period": "Q4",
        "revenue": 0,
        "costOfRevenue": 0,
        "grossProfit": 0,
        "grossProfitRatio": 0,
        "researchAndDevelopmentExpenses": 0,
        "generalAndAdministrativeExpenses": 0,
        "sellingAndMarketingExpenses": 0,
        "sellingGeneralAndAdministrativeExpenses": 0,
        "otherExpenses": 0,
        "operatingExpenses": 0,
        "costAndExpenses": 0,
        "interestIncome": 0,
        "interestExpense": 0,
        "depreciationAndAmortization": 0,
        "ebitda": 0,
        "ebitdaratio": 0,
        "operatingIncome": 0,
        "operatingIncomeRatio": 0,
        "totalOtherIncomeExpensesNet": 0,
        "incomeBeforeTax": 0,
        "incomeBeforeTaxRatio": 0,
        "incomeTaxExpense": 0,
        "netIncome": 0,
        "netIncomeRatio": 0,
        "eps": 0.14,
        "epsdiluted": 0.13,
        "weightedAverageShsOut": 70216000,
        "weightedAverageShsOutDil": 70216000,
        "link": null,
        "finalLink": null
    },
    {
        "date": "1985-09-30",
        "symbol": "CMA",
        "reportedCurrency": "USD",
        "cik": "0000028412",
        "fillingDate": "1985-09-30",
        "acceptedDate": "1985-09-29 20:00:00",
        "calendarYear": "1985",
        "period": "Q3",
        "revenue": 0,
        "costOfRevenue": 0,
        "grossProfit": 0,
        "grossProfitRatio": 0,
        "researchAndDevelopmentExpenses": 0,
        "generalAndAdministrativeExpenses": 0,
        "sellingAndMarketingExpenses": 0,
        "sellingGeneralAndAdministrativeExpenses": 0,
        "otherExpenses": 0,
        "operatingExpenses": 0,
        "costAndExpenses": 0,
        "interestIncome": 0,
        "interestExpense": 0,
        "depreciationAndAmortization": 0,
        "ebitda": 0,
        "ebitdaratio": 0,
        "operatingIncome": 0,
        "operatingIncomeRatio": 0,
        "totalOtherIncomeExpensesNet": 0,
        "incomeBeforeTax": 0,
        "incomeBeforeTaxRatio": 0,
        "incomeTaxExpense": 0,
        "netIncome": 0,
        "netIncomeRatio": 0,
        "eps": 0.11,
        "epsdiluted": 0.11,
        "weightedAverageShsOut": 69913000,
        "weightedAverageShsOutDil": 69913000,
        "link": null,
        "finalLink": null
    }
]