[
    {
        "date": "2025-09-30",
        "symbol": "CNA",
        "reportedCurrency": "USD",
        "cik": "0000021175",
        "fillingDate": "2025-11-03",
        "acceptedDate": "2025-11-03 06:34:52",
        "calendarYear": "2025",
        "period": "Q3",
        "revenue": 3817000000,
        "costOfRevenue": 0,
        "grossProfit": 0,
        "grossProfitRatio": 0,
        "researchAndDevelopmentExpenses": 0,
        "generalAndAdministrativeExpenses": 0,
        "sellingAndMarketingExpenses": 0,
        "sellingGeneralAndAdministrativeExpenses": 0,
        "otherExpenses": 0,
        "operatingExpenses": 0,
        "costAndExpenses": 0,
        "interestIncome": 0,
        "interestExpense": 36000000,
        "depreciationAndAmortization": 0,
        "ebitda": 0,
        "ebitdaratio": 0,
        "operatingIncome": 0,
        "operatingIncomeRatio": 0,
        "totalOtherIncomeExpensesNet": 0,
        "incomeBeforeTax": 513000000,
        "incomeBeforeTaxRatio": 0.1343987425,
        "incomeTaxExpense": -110000000,
        "netIncome": 403000000,
        "netIncomeRatio": 0.1055802987,
        "eps": 1.49,
        "epsdiluted": 1.48,
        "weightedAverageShsOut": 271100000,
        "weightedAverageShsOutDil": 272300000,
        "link": "https://www.sec.gov/Archives/edgar/data/21175/000002117525000097/0000021175-25-000097-index.htm",
        "finalLink": "https://www.sec.gov/Archives/edgar/data/21175/000002117525000097/cna-20250930.htm"
    },
    {
        "date": "2025-06-30",
        "symbol": "CNA",
        "reportedCurrency": "USD",
        "cik": "0000021175",
        "fillingDate": "2025-08-04",
        "acceptedDate": "2025-08-04 06:25:11",
        "calendarYear": "2025",
        "period": "Q2",
        "revenue": 3717000000,
        "costOfRevenue": 2554000000,
        "grossProfit": 1082000000,
        "grossProfitRatio": 0.2910949691,
        "researchAndDevelopmentExpenses": 0,
        "generalAndAdministrativeExpenses": 0,
        "sellingAndMarketingExpenses": 0,
        "sellingGeneralAndAdministrativeExpenses": 0,
        "otherExpenses": 702000000,
        "operatingExpenses": 702000000,
        "costAndExpenses": 3306000000,
        "interestIncome": 0,
        "interestExpense": 31000000,
        "depreciationAndAmortization": 18000000,
        "ebitda": 411000000,
        "ebitdaratio": 0.1105730428,
        "operatingIncome": 411000000,
        "operatingIncomeRatio": 0.1105730428,
        "totalOtherIncomeExpensesNet": -31000000,
        "incomeBeforeTax": 380000000,
        "incomeBeforeTaxRatio": 0.1022329836,
        "incomeTaxExpense": -81000000,
        "netIncome": 299000000,
        "netIncomeRatio": 0.080441216,
        "eps": 1.1,
        "epsdiluted": 1.1,
        "weightedAverageShsOut": 271100000,
        "weightedAverageShsOutDil": 272200000,
        "link": "https://www.sec.gov/Archives/edgar/data/21175/000002117525000074/0000021175-25-000074-index.htm",
        "finalLink": "https://www.sec.gov/Archives/edgar/data/21175/000002117525000074/cna-20250630.htm"
    },
    {
        "date": "2025-03-31",
        "symbol": "CNA",
        "reportedCurrency": "USD",
        "cik": "0000021175",
        "fillingDate": "2025-05-05",
        "acceptedDate": "2025-05-05 06:33:15",
        "calendarYear": "2025",
        "period": "Q1",
        "revenue": 3627000000,
        "costOfRevenue": 2498000000,
        "grossProfit": 3627000000,
        "grossProfitRatio": 1,
        "researchAndDevelopmentExpenses": 0,
        "generalAndAdministrativeExpenses": 0,
        "sellingAndMarketingExpenses": 0,
        "sellingGeneralAndAdministrativeExpenses": 0,
        "otherExpenses": 724000000,
        "operatingExpenses": 724000000,
        "costAndExpenses": 3246000000,
        "interestIncome": 0,
        "interestExpense": 32000000,
        "depreciationAndAmortization": 17000000,
        "ebitda": 398000000,
        "ebitdaratio": 0.1097325613,
        "operatingIncome": 381000000,
        "operatingIncomeRatio": 0.1050454921,
        "totalOtherIncomeExpensesNet": -32000000,
        "incomeBeforeTax": 349000000,
        "incomeBeforeTaxRatio": 0.0962227736,
        "incomeTaxExpense": -75000000,
        "netIncome": 274000000,
        "netIncomeRatio": 0.0755445272,
        "eps": 1.01,
        "epsdiluted": 1,
        "weightedAverageShsOut": 271300000,
        "weightedAverageShsOutDil": 272600000,
        "link": "https://www.sec.gov/Archives/edgar/data/21175/000002117525000049/0000021175-25-000049-index.htm",
        "finalLink": "https://www.sec.gov/Archives/edgar/data/21175/000002117525000049/cna-20250331.htm"
    },
    {
        "date": "2024-12-31",
        "symbol": "CNA",
        "reportedCurrency": "USD",
        "cik": "0000021175",
        "fillingDate": "2025-02-11",
        "acceptedDate": "2025-02-11 10:26:27",
        "calendarYear": "2024",
        "period": "Q4",
        "revenue": 3613000000,
        "costOfRevenue": 0,
        "grossProfit": 1121000000,
        "grossProfitRatio": 0.310268475,
        "researchAndDevelopmentExpenses": 0,
        "generalAndAdministrativeExpenses": 0,
        "sellingAndMarketingExpenses": 0,
        "sellingGeneralAndAdministrativeExpenses": 0,
        "otherExpenses": 3592000000,
        "operatingExpenses": 3592000000,
        "costAndExpenses": 3592000000,
        "interestIncome": 0,
        "interestExpense": 32000000,
        "depreciationAndAmortization": 16000000,
        "ebitda": 69000000,
        "ebitdaratio": 0.0190977027,
        "operatingIncome": 53000000,
        "operatingIncomeRatio": 0.0146692499,
        "totalOtherIncomeExpensesNet": -32000000,
        "incomeBeforeTax": 21000000,
        "incomeBeforeTaxRatio": 0.0058123443,
        "incomeTaxExpense": 0,
        "netIncome": 21000000,
        "netIncomeRatio": 0.0058123443,
        "eps": 0.0774,
        "epsdiluted": 0.077,
        "weightedAverageShsOut": 271300000,
        "weightedAverageShsOutDil": 272900000,
        "link": "https://www.sec.gov/Archives/edgar/data/21175/000002117525000008/0000021175-25-000008-index.htm",
        "finalLink": "https://www.sec.gov/Archives/edgar/data/21175/000002117525000008/cna-20241231.htm"
    },
    {
        "date": "2024-09-30",
        "symbol": "CNA",
        "reportedCurrency": "USD",
        "cik": "0000021175",
        "fillingDate": "2024-11-04",
        "acceptedDate": "2024-11-04 06:23:24",
        "calendarYear": "2024",
        "period": "Q3",
        "revenue": 3618000000,
        "costOfRevenue": 362000000,
        "grossProfit": 3256000000,
        "grossProfitRatio": 0.8999447208,
        "researchAndDevelopmentExpenses": 0,
        "generalAndAdministrativeExpenses": 0,
        "sellingAndMarketingExpenses": 0,
        "sellingGeneralAndAdministrativeExpenses": 0,
        "otherExpenses": 2863000000,
        "operatingExpenses": 2863000000,
        "costAndExpenses": 3225000000,
        "interestIncome": 0,
        "interestExpense": 32000000,
        "depreciationAndAmortization": 17000000,
        "ebitda": 410000000,
        "ebitdaratio": 0.1133222775,
        "operatingIncome": 393000000,
        "operatingIncomeRatio": 0.1086235489,
        "totalOtherIncomeExpensesNet": -32000000,
        "incomeBeforeTax": 361000000,
        "incomeBeforeTaxRatio": 0.0997788834,
        "incomeTaxExpense": 78000000,
        "netIncome": 283000000,
        "netIncomeRatio": 0.0782200111,
        "eps": 1.04,
        "epsdiluted": 1.04,
        "weightedAverageShsOut": 271300000,
        "weightedAverageShsOutDil": 272700000,
        "link": "https://www.sec.gov/Archives/edgar/data/21175/000002117524000095/0000021175-24-000095-index.htm",
        "finalLink": "https://www.sec.gov/Archives/edgar/data/21175/000002117524000095/cna-20240930.htm"
    },
    {
        "date": "2024-06-30",
        "symbol": "CNA",
        "reportedCurrency": "USD",
        "cik": "0000021175",
        "fillingDate": "2024-07-29",
        "acceptedDate": "2024-07-29 07:43:05",
        "calendarYear": "2024",
        "period": "Q2",
        "revenue": 3519000000,
        "costOfRevenue": 2317000000,
        "grossProfit": 3141000000,
        "grossProfitRatio": 0.8925831202,
        "researchAndDevelopmentExpenses": 0,
        "generalAndAdministrativeExpenses": 0,
        "sellingAndMarketingExpenses": 0,
        "sellingGeneralAndAdministrativeExpenses": 0,
        "otherExpenses": 726000000,
        "operatingExpenses": 726000000,
        "costAndExpenses": 3083000000,
        "interestIncome": 0,
        "interestExpense": 34000000,
        "depreciationAndAmortization": 18000000,
        "ebitda": 454000000,
        "ebitdaratio": 0.1290139244,
        "operatingIncome": 436000000,
        "operatingIncomeRatio": 0.1238988349,
        "totalOtherIncomeExpensesNet": -34000000,
        "incomeBeforeTax": 402000000,
        "incomeBeforeTaxRatio": 0.1142369991,
        "incomeTaxExpense": 85000000,
        "netIncome": 317000000,
        "netIncomeRatio": 0.0900824098,
        "eps": 1.17,
        "epsdiluted": 1.17,
        "weightedAverageShsOut": 271600000,
        "weightedAverageShsOutDil": 272600000,
        "link": "https://www.sec.gov/Archives/edgar/data/21175/000002117524000056/0000021175-24-000056-index.htm",
        "finalLink": "https://www.sec.gov/Archives/edgar/data/21175/000002117524000056/cna-20240630.htm"
    },
    {
        "date": "2024-03-31",
        "symbol": "CNA",
        "reportedCurrency": "USD",
        "cik": "0000021175",
        "fillingDate": "2024-05-06",
        "acceptedDate": "2024-05-06 09:54:20",
        "calendarYear": "2024",
        "period": "Q1",
        "revenue": 3444000000,
        "costOfRevenue": 2251000000,
        "grossProfit": 1139000000,
        "grossProfitRatio": 0.3307200929,
        "researchAndDevelopmentExpenses": 0,
        "generalAndAdministrativeExpenses": 0,
        "sellingAndMarketingExpenses": 0,
        "sellingGeneralAndAdministrativeExpenses": 0,
        "otherExpenses": 712000000,
        "operatingExpenses": 712000000,
        "costAndExpenses": 2982000000,
        "interestIncome": 0,
        "interestExpense": 35000000,
        "depreciationAndAmortization": 16000000,
        "ebitda": 478000000,
        "ebitdaratio": 0.1387921022,
        "operatingIncome": 462000000,
        "operatingIncomeRatio": 0.1341463415,
        "totalOtherIncomeExpensesNet": -35000000,
        "incomeBeforeTax": 427000000,
        "incomeBeforeTaxRatio": 0.1239837398,
        "incomeTaxExpense": 89000000,
        "netIncome": 338000000,
        "netIncomeRatio": 0.0981416957,
        "eps": 1.24,
        "epsdiluted": 1.24,
        "weightedAverageShsOut": 271600000,
        "weightedAverageShsOutDil": 272700000,
        "link": "https://www.sec.gov/Archives/edgar/data/21175/000002117524000039/0000021175-24-000039-index.htm",
        "finalLink": "https://www.sec.gov/Archives/edgar/data/21175/000002117524000039/cna-20240331.htm"
    },
    {
        "date": "2023-12-31",
        "symbol": "CNA",
        "reportedCurrency": "USD",
        "cik": "0000021175",
        "fillingDate": "2024-02-06",
        "acceptedDate": "2024-02-06 07:33:17",
        "calendarYear": "2023",
        "period": "Q4",
        "revenue": 3507000000,
        "costOfRevenue": 0,
        "grossProfit": 3507000000,
        "grossProfitRatio": 1,
        "researchAndDevelopmentExpenses": 0,
        "generalAndAdministrativeExpenses": 0,
        "sellingAndMarketingExpenses": 0,
        "sellingGeneralAndAdministrativeExpenses": 0,
        "otherExpenses": 2981000000,
        "operatingExpenses": 2981000000,
        "costAndExpenses": 3013000000,
        "interestIncome": 0,
        "interestExpense": 34000000,
        "depreciationAndAmortization": 29000000,
        "ebitda": 523000000,
        "ebitdaratio": 0.1491303108,
        "operatingIncome": 494000000,
        "operatingIncomeRatio": 0.1408611349,
        "totalOtherIncomeExpensesNet": -34000000,
        "incomeBeforeTax": 460000000,
        "incomeBeforeTaxRatio": 0.131166239,
        "incomeTaxExpense": 93000000,
        "netIncome": 367000000,
        "netIncomeRatio": 0.1046478472,
        "eps": 1.35,
        "epsdiluted": 1.35,
        "weightedAverageShsOut": 271300000,
        "weightedAverageShsOutDil": 272200000,
        "link": "https://www.sec.gov/Archives/edgar/data/21175/000002117524000007/0000021175-24-000007-index.htm",
        "finalLink": "https://www.sec.gov/Archives/edgar/data/21175/000002117524000007/cna-20231231.htm"
    },
    {
        "date": "2023-09-30",
        "symbol": "CNA",
        "reportedCurrency": "USD",
        "cik": "0000021175",
        "fillingDate": "2023-10-30",
        "acceptedDate": "2023-10-30 09:57:58",
        "calendarYear": "2023",
        "period": "Q3",
        "revenue": 3336000000,
        "costOfRevenue": 338000000,
        "grossProfit": 3336000000,
        "grossProfitRatio": 1,
        "researchAndDevelopmentExpenses": 0,
        "generalAndAdministrativeExpenses": 0,
        "sellingAndMarketingExpenses": 0,
        "sellingGeneralAndAdministrativeExpenses": 0,
        "otherExpenses": 0,
        "operatingExpenses": 0,
        "costAndExpenses": 2976000000,
        "interestIncome": 0,
        "interestExpense": 34000000,
        "depreciationAndAmortization": 16000000,
        "ebitda": 376000000,
        "ebitdaratio": 0.1127098321,
        "operatingIncome": 360000000,
        "operatingIncomeRatio": 0.1079136691,
        "totalOtherIncomeExpensesNet": -34000000,
        "incomeBeforeTax": 326000000,
        "incomeBeforeTaxRatio": 0.0977218225,
        "incomeTaxExpense": 68000000,
        "netIncome": 258000000,
        "netIncomeRatio": 0.0773381295,
        "eps": 0.95,
        "epsdiluted": 0.95,
        "weightedAverageShsOut": 271200000,
        "weightedAverageShsOutDil": 272300000,
        "link": "https://www.sec.gov/Archives/edgar/data/21175/000002117523000065/0000021175-23-000065-index.htm",
        "finalLink": "https://www.sec.gov/Archives/edgar/data/21175/000002117523000065/cna-20230930.htm"
    },
    {
        "date": "2023-06-30",
        "symbol": "CNA",
        "reportedCurrency": "USD",
        "cik": "0000021175",
        "fillingDate": "2023-07-31",
        "acceptedDate": "2023-07-31 10:00:16",
        "calendarYear": "2023",
        "period": "Q2",
        "revenue": 3249000000,
        "costOfRevenue": 346000000,
        "grossProfit": 2903000000,
        "grossProfitRatio": 0.8935056941,
        "researchAndDevelopmentExpenses": 0,
        "generalAndAdministrativeExpenses": 0,
        "sellingAndMarketingExpenses": 0,
        "sellingGeneralAndAdministrativeExpenses": 0,
        "otherExpenses": -2956000000,
        "operatingExpenses": -2956000000,
        "costAndExpenses": 2888000000,
        "interestIncome": 0,
        "interestExpense": 31000000,
        "depreciationAndAmortization": 16000000,
        "ebitda": 408000000,
        "ebitdaratio": 0.1255771006,
        "operatingIncome": -53000000,
        "operatingIncomeRatio": -0.0163127116,
        "totalOtherIncomeExpensesNet": 414000000,
        "incomeBeforeTax": 361000000,
        "incomeBeforeTaxRatio": 0.1111111111,
        "incomeTaxExpense": 78000000,
        "netIncome": 283000000,
        "netIncomeRatio": 0.0871037242,
        "eps": 1.04,
        "epsdiluted": 1.04,
        "weightedAverageShsOut": 271200000,
        "weightedAverageShsOutDil": 272000000,
        "link": "https://www.sec.gov/Archives/edgar/data/21175/000002117523000056/0000021175-23-000056-index.htm",
        "finalLink": "https://www.sec.gov/Archives/edgar/data/21175/000002117523000056/cna-20230630.htm"
    },
    {
        "date": "2023-03-31",
        "symbol": "CNA",
        "reportedCurrency": "USD",
        "cik": "0000021175",
        "fillingDate": "2023-05-01",
        "acceptedDate": "2023-05-01 10:07:35",
        "calendarYear": "2023",
        "period": "Q1",
        "revenue": 3127000000,
        "costOfRevenue": 0,
        "grossProfit": 3127000000,
        "grossProfitRatio": 1,
        "researchAndDevelopmentExpenses": 0,
        "generalAndAdministrativeExpenses": 0,
        "sellingAndMarketingExpenses": 0,
        "sellingGeneralAndAdministrativeExpenses": 0,
        "otherExpenses": 3127000000,
        "operatingExpenses": 3127000000,
        "costAndExpenses": 3127000000,
        "interestIncome": 0,
        "interestExpense": 28000000,
        "depreciationAndAmortization": 12000000,
        "ebitda": 411000000,
        "ebitdaratio": 0.131435881,
        "operatingIncome": 0,
        "operatingIncomeRatio": 0,
        "totalOtherIncomeExpensesNet": 371000000,
        "incomeBeforeTax": 371000000,
        "incomeBeforeTaxRatio": 0.1186440678,
        "incomeTaxExpense": 74000000,
        "netIncome": 297000000,
        "netIncomeRatio": 0.0949792133,
        "eps": 1.09,
        "epsdiluted": 1.09,
        "weightedAverageShsOut": 272300000,
        "weightedAverageShsOutDil": 272300000,
        "link": "https://www.sec.gov/Archives/edgar/data/21175/000002117523000039/0000021175-23-000039-index.htm",
        "finalLink": "https://www.sec.gov/Archives/edgar/data/21175/000002117523000039/cna-20230331.htm"
    },
    {
        "date": "2022-12-31",
        "symbol": "CNA",
        "reportedCurrency": "USD",
        "cik": "0000021175",
        "fillingDate": "2023-02-07",
        "acceptedDate": "2023-02-07 16:39:12",
        "calendarYear": "2022",
        "period": "Q4",
        "revenue": 3249000000,
        "costOfRevenue": 346000000,
        "grossProfit": 2903000000,
        "grossProfitRatio": 0.8935056941,
        "researchAndDevelopmentExpenses": 0,
        "generalAndAdministrativeExpenses": 0,
        "sellingAndMarketingExpenses": 0,
        "sellingGeneralAndAdministrativeExpenses": 0,
        "otherExpenses": -2753000000,
        "operatingExpenses": -2753000000,
        "costAndExpenses": 2888000000,
        "interestIncome": 0,
        "interestExpense": 28000000,
        "depreciationAndAmortization": 13000000,
        "ebitda": 335000000,
        "ebitdaratio": 0.1031086488,
        "operatingIncome": 205000000,
        "operatingIncomeRatio": 0.0630963373,
        "totalOtherIncomeExpensesNet": 89000000,
        "incomeBeforeTax": 361000000,
        "incomeBeforeTaxRatio": 0.1111111111,
        "incomeTaxExpense": 78000000,
        "netIncome": 248000000,
        "netIncomeRatio": 0.0763311788,
        "eps": 1.04,
        "epsdiluted": 1.04,
        "weightedAverageShsOut": 271300000,
        "weightedAverageShsOutDil": 272000000,
        "link": "https://www.sec.gov/Archives/edgar/data/21175/000002117523000006/0000021175-23-000006-index.htm",
        "finalLink": "https://www.sec.gov/Archives/edgar/data/21175/000002117523000006/cna-20221231.htm"
    },
    {
        "date": "2022-09-30",
        "symbol": "CNA",
        "reportedCurrency": "USD",
        "cik": "0000021175",
        "fillingDate": "2022-10-31",
        "acceptedDate": "2022-10-31 10:15:22",
        "calendarYear": "2022",
        "period": "Q3",
        "revenue": 3152000000,
        "costOfRevenue": 346000000,
        "grossProfit": 2806000000,
        "grossProfitRatio": 0.8902284264,
        "researchAndDevelopmentExpenses": 0,
        "generalAndAdministrativeExpenses": 0,
        "sellingAndMarketingExpenses": 0,
        "sellingGeneralAndAdministrativeExpenses": 0,
        "otherExpenses": -2753000000,
        "operatingExpenses": -2753000000,
        "costAndExpenses": 2781000000,
        "interestIncome": 0,
        "interestExpense": 28000000,
        "depreciationAndAmortization": 13000000,
        "ebitda": -10000000,
        "ebitdaratio": -0.0031725888,
        "operatingIncome": 399000000,
        "operatingIncomeRatio": 0.1265862944,
        "totalOtherIncomeExpensesNet": -51000000,
        "incomeBeforeTax": 371000000,
        "incomeBeforeTaxRatio": 0.1177030457,
        "incomeTaxExpense": 74000000,
        "netIncome": 297000000,
        "netIncomeRatio": 0.0942258883,
        "eps": 1.09,
        "epsdiluted": 1.09,
        "weightedAverageShsOut": 271400000,
        "weightedAverageShsOutDil": 272300000,
        "link": "https://www.sec.gov/Archives/edgar/data/21175/000002117522000094/0000021175-22-000094-index.htm",
        "finalLink": "https://www.sec.gov/Archives/edgar/data/21175/000002117522000094/cna-20220930.htm"
    },
    {
        "date": "2022-06-30",
        "symbol": "CNA",
        "reportedCurrency": "USD",
        "cik": "0000021175",
        "fillingDate": "2022-08-01",
        "acceptedDate": "2022-08-01 10:10:58",
        "calendarYear": "2022",
        "period": "Q2",
        "revenue": 2926000000,
        "costOfRevenue": 329000000,
        "grossProfit": 2597000000,
        "grossProfitRatio": 0.8875598086,
        "researchAndDevelopmentExpenses": 0,
        "generalAndAdministrativeExpenses": 0,
        "sellingAndMarketingExpenses": 0,
        "sellingGeneralAndAdministrativeExpenses": 0,
        "otherExpenses": -1070000000,
        "operatingExpenses": 2671000000,
        "costAndExpenses": 2681000000,
        "interestIncome": 0,
        "interestExpense": 28000000,
        "depreciationAndAmortization": 12000000,
        "ebitda": 267000000,
        "ebitdaratio": 0.0912508544,
        "operatingIncome": 255000000,
        "operatingIncomeRatio": 0.0871496924,
        "totalOtherIncomeExpensesNet": -10000000,
        "incomeBeforeTax": 245000000,
        "incomeBeforeTaxRatio": 0.0837320574,
        "incomeTaxExpense": 40000000,
        "netIncome": 205000000,
        "netIncomeRatio": 0.0700615174,
        "eps": 0.7,
        "epsdiluted": 0.69,
        "weightedAverageShsOut": 271700000,
        "weightedAverageShsOutDil": 272600000,
        "link": "https://www.sec.gov/Archives/edgar/data/21175/000002117522000079/0000021175-22-000079-index.htm",
        "finalLink": "https://www.sec.gov/Archives/edgar/data/21175/000002117522000079/cna-20220630.htm"
    },
    {
        "date": "2022-03-31",
        "symbol": "CNA",
        "reportedCurrency": "USD",
        "cik": "0000021175",
        "fillingDate": "2022-05-02",
        "acceptedDate": "2022-05-02 09:54:35",
        "calendarYear": "2022",
        "period": "Q1",
        "revenue": 18000000,
        "costOfRevenue": 0,
        "grossProfit": 18000000,
        "grossProfitRatio": 1,
        "researchAndDevelopmentExpenses": 0,
        "generalAndAdministrativeExpenses": 0,
        "sellingAndMarketingExpenses": 0,
        "sellingGeneralAndAdministrativeExpenses": 0,
        "otherExpenses": 388000000,
        "operatingExpenses": 388000000,
        "costAndExpenses": 2507000000,
        "interestIncome": 0,
        "interestExpense": 28000000,
        "depreciationAndAmortization": 13000000,
        "ebitda": 419000000,
        "ebitdaratio": 23.2777777778,
        "operatingIncome": 406000000,
        "operatingIncomeRatio": 22.5555555556,
        "totalOtherIncomeExpensesNet": -2530000000,
        "incomeBeforeTax": 378000000,
        "incomeBeforeTaxRatio": 21,
        "incomeTaxExpense": 65000000,
        "netIncome": 313000000,
        "netIncomeRatio": 17.3888888889,
        "eps": 1.15,
        "epsdiluted": 1.15,
        "weightedAverageShsOut": 271800000,
        "weightedAverageShsOutDil": 272900000,
        "link": "https://www.sec.gov/Archives/edgar/data/21175/000002117522000064/0000021175-22-000064-index.htm",
        "finalLink": "https://www.sec.gov/Archives/edgar/data/21175/000002117522000064/cna-20220331.htm"
    },
    {
        "date": "2021-12-31",
        "symbol": "CNA",
        "reportedCurrency": "USD",
        "cik": "0000021175",
        "fillingDate": "2022-02-08",
        "acceptedDate": "2022-02-08 15:15:39",
        "calendarYear": "2021",
        "period": "Q4",
        "revenue": 3054000000,
        "costOfRevenue": 0,
        "grossProfit": 3054000000,
        "grossProfitRatio": 1,
        "researchAndDevelopmentExpenses": 0,
        "generalAndAdministrativeExpenses": 0,
        "sellingAndMarketingExpenses": 0,
        "sellingGeneralAndAdministrativeExpenses": 0,
        "otherExpenses": -2696000000,
        "operatingExpenses": -2696000000,
        "costAndExpenses": 2724000000,
        "interestIncome": 0,
        "interestExpense": 28000000,
        "depreciationAndAmortization": 13000000,
        "ebitda": 371000000,
        "ebitdaratio": 0.1214800262,
        "operatingIncome": 358000000,
        "operatingIncomeRatio": 0.1172233137,
        "totalOtherIncomeExpensesNet": -28000000,
        "incomeBeforeTax": 330000000,
        "incomeBeforeTaxRatio": 0.1080550098,
        "incomeTaxExpense": 64000000,
        "netIncome": 266000000,
        "netIncomeRatio": 0.0870988867,
        "eps": 0.98,
        "epsdiluted": 0.98,
        "weightedAverageShsOut": 271700000,
        "weightedAverageShsOutDil": 272900000,
        "link": "https://www.sec.gov/Archives/edgar/data/21175/000002117522000016/0000021175-22-000016-index.htm",
        "finalLink": "https://www.sec.gov/Archives/edgar/data/21175/000002117522000016/cna-20211231.htm"
    },
    {
        "date": "2021-09-30",
        "symbol": "CNA",
        "reportedCurrency": "USD",
        "cik": "0000021175",
        "fillingDate": "2021-11-01",
        "acceptedDate": "2021-11-01 08:59:30",
        "calendarYear": "2021",
        "period": "Q3",
        "revenue": 2959000000,
        "costOfRevenue": 287000000,
        "grossProfit": 2672000000,
        "grossProfitRatio": 0.9030077729,
        "researchAndDevelopmentExpenses": 0,
        "generalAndAdministrativeExpenses": 0,
        "sellingAndMarketingExpenses": 0,
        "sellingGeneralAndAdministrativeExpenses": 0,
        "otherExpenses": -2330000000,
        "operatingExpenses": -2330000000,
        "costAndExpenses": 2645000000,
        "interestIncome": 0,
        "interestExpense": 28000000,
        "depreciationAndAmortization": 14000000,
        "ebitda": 356000000,
        "ebitdaratio": 0.1203109158,
        "operatingIncome": 342000000,
        "operatingIncomeRatio": 0.1155795877,
        "totalOtherIncomeExpensesNet": -28000000,
        "incomeBeforeTax": 314000000,
        "incomeBeforeTaxRatio": 0.1061169314,
        "incomeTaxExpense": 58000000,
        "netIncome": 256000000,
        "netIncomeRatio": 0.0865157148,
        "eps": 0.94,
        "epsdiluted": 0.94,
        "weightedAverageShsOut": 271700000,
        "weightedAverageShsOutDil": 272700000,
        "link": "https://www.sec.gov/Archives/edgar/data/21175/000002117521000114/0000021175-21-000114-index.htm",
        "finalLink": "https://www.sec.gov/Archives/edgar/data/21175/000002117521000114/cna-20210930.htm"
    },
    {
        "date": "2021-06-30",
        "symbol": "CNA",
        "reportedCurrency": "USD",
        "cik": "0000021175",
        "fillingDate": "2021-08-02",
        "acceptedDate": "2021-08-02 10:01:03",
        "calendarYear": "2021",
        "period": "Q2",
        "revenue": 3029000000,
        "costOfRevenue": 303000000,
        "grossProfit": 2726000000,
        "grossProfitRatio": 0.8999669858,
        "researchAndDevelopmentExpenses": 0,
        "generalAndAdministrativeExpenses": 0,
        "sellingAndMarketingExpenses": 0,
        "sellingGeneralAndAdministrativeExpenses": 0,
        "otherExpenses": -2235000000,
        "operatingExpenses": -2235000000,
        "costAndExpenses": 2567000000,
        "interestIncome": 0,
        "interestExpense": 29000000,
        "depreciationAndAmortization": 13000000,
        "ebitda": 504000000,
        "ebitdaratio": 0.1663915484,
        "operatingIncome": 491000000,
        "operatingIncomeRatio": 0.1620997029,
        "totalOtherIncomeExpensesNet": -29000000,
        "incomeBeforeTax": 462000000,
        "incomeBeforeTaxRatio": 0.152525586,
        "incomeTaxExpense": 94000000,
        "netIncome": 368000000,
        "netIncomeRatio": 0.1214922417,
        "eps": 1.35,
        "epsdiluted": 1.35,
        "weightedAverageShsOut": 271900000,
        "weightedAverageShsOutDil": 272800000,
        "link": "https://www.sec.gov/Archives/edgar/data/21175/000002117521000089/0000021175-21-000089-index.htm",
        "finalLink": "https://www.sec.gov/Archives/edgar/data/21175/000002117521000089/cna-20210630.htm"
    },
    {
        "date": "2021-03-31",
        "symbol": "CNA",
        "reportedCurrency": "USD",
        "cik": "0000021175",
        "fillingDate": "2021-05-07",
        "acceptedDate": "2021-05-07 10:17:19",
        "calendarYear": "2021",
        "period": "Q1",
        "revenue": 2866000000,
        "costOfRevenue": 0,
        "grossProfit": 2866000000,
        "grossProfitRatio": 1,
        "researchAndDevelopmentExpenses": 0,
        "generalAndAdministrativeExpenses": 0,
        "sellingAndMarketingExpenses": 0,
        "sellingGeneralAndAdministrativeExpenses": 0,
        "otherExpenses": -2460000000,
        "operatingExpenses": -2460000000,
        "costAndExpenses": 2488000000,
        "interestIncome": 0,
        "interestExpense": 28000000,
        "depreciationAndAmortization": 14000000,
        "ebitda": 420000000,
        "ebitdaratio": 0.1465457083,
        "operatingIncome": 406000000,
        "operatingIncomeRatio": 0.1416608514,
        "totalOtherIncomeExpensesNet": -28000000,
        "incomeBeforeTax": 378000000,
        "incomeBeforeTaxRatio": 0.1318911375,
        "incomeTaxExpense": 66000000,
        "netIncome": 312000000,
        "netIncomeRatio": 0.1088625262,
        "eps": 1.15,
        "epsdiluted": 1.14,
        "weightedAverageShsOut": 271900000,
        "weightedAverageShsOutDil": 272900000,
        "link": "https://www.sec.gov/Archives/edgar/data/21175/000002117521000069/0000021175-21-000069-index.htm",
        "finalLink": "https://www.sec.gov/Archives/edgar/data/21175/000002117521000069/cna-20210331.htm"
    },
    {
        "date": "2020-12-31",
        "symbol": "CNA",
        "reportedCurrency": "USD",
        "cik": "0000021175",
        "fillingDate": "2021-02-09",
        "acceptedDate": "2021-02-09 10:46:15",
        "calendarYear": "2020",
        "period": "Q4",
        "revenue": 2931000000,
        "costOfRevenue": 121000000,
        "grossProfit": 2810000000,
        "grossProfitRatio": 0.9587171614,
        "researchAndDevelopmentExpenses": 0,
        "generalAndAdministrativeExpenses": 0,
        "sellingAndMarketingExpenses": 0,
        "sellingGeneralAndAdministrativeExpenses": 0,
        "otherExpenses": -2304000000,
        "operatingExpenses": -2304000000,
        "costAndExpenses": 2453000000,
        "interestIncome": 0,
        "interestExpense": 28000000,
        "depreciationAndAmortization": 14000000,
        "ebitda": 520000000,
        "ebitdaratio": 0.1774138519,
        "operatingIncome": 506000000,
        "operatingIncomeRatio": 0.1726373251,
        "totalOtherIncomeExpensesNet": -28000000,
        "incomeBeforeTax": 478000000,
        "incomeBeforeTaxRatio": 0.1630842716,
        "incomeTaxExpense": 91000000,
        "netIncome": 387000000,
        "netIncomeRatio": 0.1320368475,
        "eps": 1.42,
        "epsdiluted": 1.42,
        "weightedAverageShsOut": 271700000,
        "weightedAverageShsOutDil": 272600000,
        "link": "https://www.sec.gov/Archives/edgar/data/21175/000002117521000022/0000021175-21-000022-index.htm",
        "finalLink": "https://www.sec.gov/Archives/edgar/data/21175/000002117521000022/cna-20201231.htm"
    },
    {
        "date": "2020-09-30",
        "symbol": "CNA",
        "reportedCurrency": "USD",
        "cik": "0000021175",
        "fillingDate": "2020-11-02",
        "acceptedDate": "2020-11-02 10:02:46",
        "calendarYear": "2020",
        "period": "Q3",
        "revenue": 2820000000,
        "costOfRevenue": 269000000,
        "grossProfit": 2551000000,
        "grossProfitRatio": 0.9046099291,
        "researchAndDevelopmentExpenses": 0,
        "generalAndAdministrativeExpenses": 0,
        "sellingAndMarketingExpenses": 0,
        "sellingGeneralAndAdministrativeExpenses": 0,
        "otherExpenses": -2269000000,
        "operatingExpenses": -2269000000,
        "costAndExpenses": 2570000000,
        "interestIncome": 0,
        "interestExpense": 32000000,
        "depreciationAndAmortization": 15000000,
        "ebitda": 297000000,
        "ebitdaratio": 0.1053191489,
        "operatingIncome": 282000000,
        "operatingIncomeRatio": 0.1,
        "totalOtherIncomeExpensesNet": -32000000,
        "incomeBeforeTax": 250000000,
        "incomeBeforeTaxRatio": 0.0886524823,
        "incomeTaxExpense": 37000000,
        "netIncome": 213000000,
        "netIncomeRatio": 0.0755319149,
        "eps": 0.79,
        "epsdiluted": 0.79,
        "weightedAverageShsOut": 271700000,
        "weightedAverageShsOutDil": 272300000,
        "link": "https://www.sec.gov/Archives/edgar/data/21175/000002117520000117/0000021175-20-000117-index.htm",
        "finalLink": "https://www.sec.gov/Archives/edgar/data/21175/000002117520000117/cna2020q3.htm"
    },
    {
        "date": "2020-06-30",
        "symbol": "CNA",
        "reportedCurrency": "USD",
        "cik": "0000021175",
        "fillingDate": "2020-08-03",
        "acceptedDate": "2020-08-03 09:48:57",
        "calendarYear": "2020",
        "period": "Q2",
        "revenue": 2766000000,
        "costOfRevenue": 284000000,
        "grossProfit": 2482000000,
        "grossProfitRatio": 0.8973246565,
        "researchAndDevelopmentExpenses": 0,
        "generalAndAdministrativeExpenses": 0,
        "sellingAndMarketingExpenses": 0,
        "sellingGeneralAndAdministrativeExpenses": 0,
        "otherExpenses": -2269000000,
        "operatingExpenses": -2269000000,
        "costAndExpenses": 2584000000,
        "interestIncome": 0,
        "interestExpense": 31000000,
        "depreciationAndAmortization": 15000000,
        "ebitda": 228000000,
        "ebitdaratio": 0.0824295011,
        "operatingIncome": 213000000,
        "operatingIncomeRatio": 0.0770065076,
        "totalOtherIncomeExpensesNet": -31000000,
        "incomeBeforeTax": 182000000,
        "incomeBeforeTaxRatio": 0.0657989877,
        "incomeTaxExpense": 31000000,
        "netIncome": 151000000,
        "netIncomeRatio": 0.0545914678,
        "eps": 0.56,
        "epsdiluted": 0.55,
        "weightedAverageShsOut": 271500000,
        "weightedAverageShsOutDil": 272000000,
        "link": "https://www.sec.gov/Archives/edgar/data/21175/000002117520000096/0000021175-20-000096-index.htm",
        "finalLink": "https://www.sec.gov/Archives/edgar/data/21175/000002117520000096/cna2020q2.htm"
    },
    {
        "date": "2020-03-31",
        "symbol": "CNA",
        "reportedCurrency": "USD",
        "cik": "0000021175",
        "fillingDate": "2020-05-04",
        "acceptedDate": "2020-05-04 11:21:46",
        "calendarYear": "2020",
        "period": "Q1",
        "revenue": 2291000000,
        "costOfRevenue": 0,
        "grossProfit": 2291000000,
        "grossProfitRatio": 1,
        "researchAndDevelopmentExpenses": 0,
        "generalAndAdministrativeExpenses": 0,
        "sellingAndMarketingExpenses": 0,
        "sellingGeneralAndAdministrativeExpenses": 0,
        "otherExpenses": 2349000000,
        "operatingExpenses": 2349000000,
        "costAndExpenses": 2380000000,
        "interestIncome": 0,
        "interestExpense": 31000000,
        "depreciationAndAmortization": 16000000,
        "ebitda": -42000000,
        "ebitdaratio": -0.0183326058,
        "operatingIncome": -58000000,
        "operatingIncomeRatio": -0.0253164557,
        "totalOtherIncomeExpensesNet": -31000000,
        "incomeBeforeTax": -89000000,
        "incomeBeforeTaxRatio": -0.0388476648,
        "incomeTaxExpense": -28000000,
        "netIncome": -61000000,
        "netIncomeRatio": -0.0266259275,
        "eps": -0.23,
        "epsdiluted": -0.22,
        "weightedAverageShsOut": 265217391,
        "weightedAverageShsOutDil": 271500000,
        "link": "https://www.sec.gov/Archives/edgar/data/21175/000002117520000067/0000021175-20-000067-index.htm",
        "finalLink": "https://www.sec.gov/Archives/edgar/data/21175/000002117520000067/cna2020q1.htm"
    },
    {
        "date": "2019-12-31",
        "symbol": "CNA",
        "reportedCurrency": "USD",
        "cik": "0000021175",
        "fillingDate": "2020-02-11",
        "acceptedDate": "2020-02-11 12:45:08",
        "calendarYear": "2019",
        "period": "Q4",
        "revenue": 2777000000,
        "costOfRevenue": 0,
        "grossProfit": 2777000000,
        "grossProfitRatio": 1,
        "researchAndDevelopmentExpenses": 0,
        "generalAndAdministrativeExpenses": 0,
        "sellingAndMarketingExpenses": 0,
        "sellingGeneralAndAdministrativeExpenses": 0,
        "otherExpenses": 2411000000,
        "operatingExpenses": 2411000000,
        "costAndExpenses": 2442000000,
        "interestIncome": 0,
        "interestExpense": 31000000,
        "depreciationAndAmortization": 16000000,
        "ebitda": 382000000,
        "ebitdaratio": 0.1375585164,
        "operatingIncome": 366000000,
        "operatingIncomeRatio": 0.1317969031,
        "totalOtherIncomeExpensesNet": -31000000,
        "incomeBeforeTax": 335000000,
        "incomeBeforeTaxRatio": 0.1206337775,
        "incomeTaxExpense": 62000000,
        "netIncome": 273000000,
        "netIncomeRatio": 0.0983075261,
        "eps": 1.01,
        "epsdiluted": 1,
        "weightedAverageShsOut": 271500000,
        "weightedAverageShsOutDil": 272600000,
        "link": "https://www.sec.gov/Archives/edgar/data/21175/000002117520000017/0000021175-20-000017-index.htm",
        "finalLink": "https://www.sec.gov/Archives/edgar/data/21175/000002117520000017/cna2019q4.htm"
    },
    {
        "date": "2019-09-30",
        "symbol": "CNA",
        "reportedCurrency": "USD",
        "cik": "0000021175",
        "fillingDate": "2019-10-28",
        "acceptedDate": "2019-10-28 10:56:57",
        "calendarYear": "2019",
        "period": "Q3",
        "revenue": 2685000000,
        "costOfRevenue": 289000000,
        "grossProfit": 2396000000,
        "grossProfitRatio": 0.8923649907,
        "researchAndDevelopmentExpenses": 0,
        "generalAndAdministrativeExpenses": 0,
        "sellingAndMarketingExpenses": 0,
        "sellingGeneralAndAdministrativeExpenses": 0,
        "otherExpenses": 2526000000,
        "operatingExpenses": 2526000000,
        "costAndExpenses": 2558000000,
        "interestIncome": 0,
        "interestExpense": 32000000,
        "depreciationAndAmortization": 16000000,
        "ebitda": 175000000,
        "ebitdaratio": 0.0651769088,
        "operatingIncome": 159000000,
        "operatingIncomeRatio": 0.0592178771,
        "totalOtherIncomeExpensesNet": -32000000,
        "incomeBeforeTax": 127000000,
        "incomeBeforeTaxRatio": 0.0472998138,
        "incomeTaxExpense": 20000000,
        "netIncome": 107000000,
        "netIncomeRatio": 0.0398510242,
        "eps": 0.39,
        "epsdiluted": 0.39,
        "weightedAverageShsOut": 271600000,
        "weightedAverageShsOutDil": 272600000,
        "link": "https://www.sec.gov/Archives/edgar/data/21175/000002117519000109/0000021175-19-000109-index.htm",
        "finalLink": "https://www.sec.gov/Archives/edgar/data/21175/000002117519000109/cna2019q3.htm"
    },
    {
        "date": "2019-06-30",
        "symbol": "CNA",
        "reportedCurrency": "USD",
        "cik": "0000021175",
        "fillingDate": "2019-08-05",
        "acceptedDate": "2019-08-05 10:44:12",
        "calendarYear": "2019",
        "period": "Q2",
        "revenue": 2610000000,
        "costOfRevenue": 281000000,
        "grossProfit": 2329000000,
        "grossProfitRatio": 0.8923371648,
        "researchAndDevelopmentExpenses": 0,
        "generalAndAdministrativeExpenses": 0,
        "sellingAndMarketingExpenses": 0,
        "sellingGeneralAndAdministrativeExpenses": 0,
        "otherExpenses": 2234000000,
        "operatingExpenses": 2234000000,
        "costAndExpenses": 2268000000,
        "interestIncome": 0,
        "interestExpense": 34000000,
        "depreciationAndAmortization": 17000000,
        "ebitda": 393000000,
        "ebitdaratio": 0.1505747126,
        "operatingIncome": 376000000,
        "operatingIncomeRatio": 0.1440613027,
        "totalOtherIncomeExpensesNet": -34000000,
        "incomeBeforeTax": 342000000,
        "incomeBeforeTaxRatio": 0.1310344828,
        "incomeTaxExpense": 64000000,
        "netIncome": 278000000,
        "netIncomeRatio": 0.10651341,
        "eps": 1.03,
        "epsdiluted": 1.02,
        "weightedAverageShsOut": 271600000,
        "weightedAverageShsOutDil": 272400000,
        "link": "https://www.sec.gov/Archives/edgar/data/21175/000002117519000093/0000021175-19-000093-index.htm",
        "finalLink": "https://www.sec.gov/Archives/edgar/data/21175/000002117519000093/cna2019q2.htm"
    },
    {
        "date": "2019-03-31",
        "symbol": "CNA",
        "reportedCurrency": "USD",
        "cik": "0000021175",
        "fillingDate": "2019-04-29",
        "acceptedDate": "2019-04-29 10:18:04",
        "calendarYear": "2019",
        "period": "Q1",
        "revenue": 2695000000,
        "costOfRevenue": 0,
        "grossProfit": 2695000000,
        "grossProfitRatio": 1,
        "researchAndDevelopmentExpenses": 0,
        "generalAndAdministrativeExpenses": 0,
        "sellingAndMarketingExpenses": 0,
        "sellingGeneralAndAdministrativeExpenses": 0,
        "otherExpenses": 2242000000,
        "operatingExpenses": 2242000000,
        "costAndExpenses": 2276000000,
        "interestIncome": 0,
        "interestExpense": 34000000,
        "depreciationAndAmortization": 19000000,
        "ebitda": 472000000,
        "ebitdaratio": 0.1751391466,
        "operatingIncome": 453000000,
        "operatingIncomeRatio": 0.1680890538,
        "totalOtherIncomeExpensesNet": -34000000,
        "incomeBeforeTax": 419000000,
        "incomeBeforeTaxRatio": 0.1554730983,
        "incomeTaxExpense": 77000000,
        "netIncome": 342000000,
        "netIncomeRatio": 0.1269016698,
        "eps": 1.26,
        "epsdiluted": 1.25,
        "weightedAverageShsOut": 271600000,
        "weightedAverageShsOutDil": 272600000,
        "link": "https://www.sec.gov/Archives/edgar/data/21175/000002117519000074/0000021175-19-000074-index.htm",
        "finalLink": "https://www.sec.gov/Archives/edgar/data/21175/000002117519000074/cna2019q1.htm"
    },
    {
        "date": "2018-12-31",
        "symbol": "CNA",
        "reportedCurrency": "USD",
        "cik": "0000021175",
        "fillingDate": "2019-02-13",
        "acceptedDate": "2019-02-13 14:46:00",
        "calendarYear": "2018",
        "period": "Q4",
        "revenue": 2403000000,
        "costOfRevenue": 0,
        "grossProfit": 2403000000,
        "grossProfitRatio": 1,
        "researchAndDevelopmentExpenses": 0,
        "generalAndAdministrativeExpenses": 0,
        "sellingAndMarketingExpenses": 0,
        "sellingGeneralAndAdministrativeExpenses": 0,
        "otherExpenses": 2483000000,
        "operatingExpenses": 2483000000,
        "costAndExpenses": 2517000000,
        "interestIncome": 0,
        "interestExpense": 34000000,
        "depreciationAndAmortization": 20000000,
        "ebitda": -60000000,
        "ebitdaratio": -0.024968789,
        "operatingIncome": -80000000,
        "operatingIncomeRatio": -0.0332917187,
        "totalOtherIncomeExpensesNet": -34000000,
        "incomeBeforeTax": -114000000,
        "incomeBeforeTaxRatio": -0.0474406991,
        "incomeTaxExpense": -30000000,
        "netIncome": -84000000,
        "netIncomeRatio": -0.0349563046,
        "eps": -0.31,
        "epsdiluted": -0.31,
        "weightedAverageShsOut": 271600000,
        "weightedAverageShsOutDil": 272600000,
        "link": "https://www.sec.gov/Archives/edgar/data/21175/000002117519000022/0000021175-19-000022-index.htm",
        "finalLink": "https://www.sec.gov/Archives/edgar/data/21175/000002117519000022/cna2018q4.htm"
    },
    {
        "date": "2018-09-30",
        "symbol": "CNA",
        "reportedCurrency": "USD",
        "cik": "0000021175",
        "fillingDate": "2018-11-05",
        "acceptedDate": "2018-11-05 10:59:17",
        "calendarYear": "2018",
        "period": "Q3",
        "revenue": 2622000000,
        "costOfRevenue": 302000000,
        "grossProfit": 2320000000,
        "grossProfitRatio": 0.8848207475,
        "researchAndDevelopmentExpenses": 0,
        "generalAndAdministrativeExpenses": 0,
        "sellingAndMarketingExpenses": 0,
        "sellingGeneralAndAdministrativeExpenses": 0,
        "otherExpenses": 2186000000,
        "operatingExpenses": 2186000000,
        "costAndExpenses": 2220000000,
        "interestIncome": 0,
        "interestExpense": 34000000,
        "depreciationAndAmortization": 18000000,
        "ebitda": 454000000,
        "ebitdaratio": 0.173150267,
        "operatingIncome": 436000000,
        "operatingIncomeRatio": 0.1662852784,
        "totalOtherIncomeExpensesNet": -34000000,
        "incomeBeforeTax": 402000000,
        "incomeBeforeTaxRatio": 0.1533180778,
        "incomeTaxExpense": 66000000,
        "netIncome": 336000000,
        "netIncomeRatio": 0.1281464531,
        "eps": 1.24,
        "epsdiluted": 1.23,
        "weightedAverageShsOut": 271600000,
        "weightedAverageShsOutDil": 272500000,
        "link": "https://www.sec.gov/Archives/edgar/data/21175/000002117518000115/0000021175-18-000115-index.htm",
        "finalLink": "https://www.sec.gov/Archives/edgar/data/21175/000002117518000115/cna2018q3.htm"
    },
    {
        "date": "2018-06-30",
        "symbol": "CNA",
        "reportedCurrency": "USD",
        "cik": "0000021175",
        "fillingDate": "2018-07-30",
        "acceptedDate": "2018-07-30 10:45:21",
        "calendarYear": "2018",
        "period": "Q2",
        "revenue": 2574000000,
        "costOfRevenue": 298000000,
        "grossProfit": 2276000000,
        "grossProfitRatio": 0.8842268842,
        "researchAndDevelopmentExpenses": 0,
        "generalAndAdministrativeExpenses": 0,
        "sellingAndMarketingExpenses": 0,
        "sellingGeneralAndAdministrativeExpenses": 0,
        "otherExpenses": 2209000000,
        "operatingExpenses": 2209000000,
        "costAndExpenses": 2244000000,
        "interestIncome": 0,
        "interestExpense": 35000000,
        "depreciationAndAmortization": 21000000,
        "ebitda": 386000000,
        "ebitdaratio": 0.14996115,
        "operatingIncome": 365000000,
        "operatingIncomeRatio": 0.1418026418,
        "totalOtherIncomeExpensesNet": -35000000,
        "incomeBeforeTax": 330000000,
        "incomeBeforeTaxRatio": 0.1282051282,
        "incomeTaxExpense": 60000000,
        "netIncome": 270000000,
        "netIncomeRatio": 0.1048951049,
        "eps": 0.99,
        "epsdiluted": 0.99,
        "weightedAverageShsOut": 271500000,
        "weightedAverageShsOutDil": 272400000,
        "link": "https://www.sec.gov/Archives/edgar/data/21175/000002117518000089/0000021175-18-000089-index.htm",
        "finalLink": "https://www.sec.gov/Archives/edgar/data/21175/000002117518000089/cna2018q2.htm"
    },
    {
        "date": "2018-03-31",
        "symbol": "CNA",
        "reportedCurrency": "USD",
        "cik": "0000021175",
        "fillingDate": "2018-04-30",
        "acceptedDate": "2018-04-30 11:01:40",
        "calendarYear": "2018",
        "period": "Q1",
        "revenue": 2535000000,
        "costOfRevenue": 0,
        "grossProfit": 2535000000,
        "grossProfitRatio": 1,
        "researchAndDevelopmentExpenses": 0,
        "generalAndAdministrativeExpenses": 0,
        "sellingAndMarketingExpenses": 0,
        "sellingGeneralAndAdministrativeExpenses": 0,
        "otherExpenses": 2154000000,
        "operatingExpenses": 2154000000,
        "costAndExpenses": 2189000000,
        "interestIncome": 0,
        "interestExpense": 35000000,
        "depreciationAndAmortization": 20000000,
        "ebitda": 401000000,
        "ebitdaratio": 0.1581854043,
        "operatingIncome": 381000000,
        "operatingIncomeRatio": 0.150295858,
        "totalOtherIncomeExpensesNet": -35000000,
        "incomeBeforeTax": 346000000,
        "incomeBeforeTaxRatio": 0.1364891519,
        "incomeTaxExpense": 55000000,
        "netIncome": 291000000,
        "netIncomeRatio": 0.1147928994,
        "eps": 1.07,
        "epsdiluted": 1.07,
        "weightedAverageShsOut": 271400000,
        "weightedAverageShsOutDil": 272400000,
        "link": "https://www.sec.gov/Archives/edgar/data/21175/000002117518000070/0000021175-18-000070-index.htm",
        "finalLink": "https://www.sec.gov/Archives/edgar/data/21175/000002117518000070/cna2018q1.htm"
    },
    {
        "date": "2017-12-31",
        "symbol": "CNA",
        "reportedCurrency": "USD",
        "cik": "0000021175",
        "fillingDate": "2018-02-14",
        "acceptedDate": "2018-02-14 11:37:48",
        "calendarYear": "2017",
        "period": "Q4",
        "revenue": 2448000000,
        "costOfRevenue": 0,
        "grossProfit": 2448000000,
        "grossProfitRatio": 1,
        "researchAndDevelopmentExpenses": 0,
        "generalAndAdministrativeExpenses": 0,
        "sellingAndMarketingExpenses": 0,
        "sellingGeneralAndAdministrativeExpenses": 0,
        "otherExpenses": 2001000000,
        "operatingExpenses": 2001000000,
        "costAndExpenses": 2038000000,
        "interestIncome": 0,
        "interestExpense": 37000000,
        "depreciationAndAmortization": 22000000,
        "ebitda": 469000000,
        "ebitdaratio": 0.1915849673,
        "operatingIncome": 447000000,
        "operatingIncomeRatio": 0.1825980392,
        "totalOtherIncomeExpensesNet": -37000000,
        "incomeBeforeTax": 410000000,
        "incomeBeforeTaxRatio": 0.1674836601,
        "incomeTaxExpense": 187000000,
        "netIncome": 223000000,
        "netIncomeRatio": 0.0910947712,
        "eps": 0.82,
        "epsdiluted": 0.82,
        "weightedAverageShsOut": 271300000,
        "weightedAverageShsOutDil": 272300000,
        "link": "https://www.sec.gov/Archives/edgar/data/21175/000002117518000019/0000021175-18-000019-index.htm",
        "finalLink": "https://www.sec.gov/Archives/edgar/data/21175/000002117518000019/cna2017q4.htm"
    },
    {
        "date": "2017-09-30",
        "symbol": "CNA",
        "reportedCurrency": "USD",
        "cik": "0000021175",
        "fillingDate": "2017-10-30",
        "acceptedDate": "2017-10-30 11:12:30",
        "calendarYear": "2017",
        "period": "Q3",
        "revenue": 2398000000,
        "costOfRevenue": 381000000,
        "grossProfit": 2017000000,
        "grossProfitRatio": 0.841117598,
        "researchAndDevelopmentExpenses": 0,
        "generalAndAdministrativeExpenses": 0,
        "sellingAndMarketingExpenses": 0,
        "sellingGeneralAndAdministrativeExpenses": 0,
        "otherExpenses": 2170000000,
        "operatingExpenses": 2170000000,
        "costAndExpenses": 2211000000,
        "interestIncome": 0,
        "interestExpense": 41000000,
        "depreciationAndAmortization": 23000000,
        "ebitda": 251000000,
        "ebitdaratio": 0.1046705588,
        "operatingIncome": 228000000,
        "operatingIncomeRatio": 0.0950792327,
        "totalOtherIncomeExpensesNet": -41000000,
        "incomeBeforeTax": 187000000,
        "incomeBeforeTaxRatio": 0.0779816514,
        "incomeTaxExpense": 43000000,
        "netIncome": 144000000,
        "netIncomeRatio": 0.0600500417,
        "eps": 0.53,
        "epsdiluted": 0.53,
        "weightedAverageShsOut": 271200000,
        "weightedAverageShsOutDil": 272100000,
        "link": "https://www.sec.gov/Archives/edgar/data/21175/000002117517000128/0000021175-17-000128-index.htm",
        "finalLink": "https://www.sec.gov/Archives/edgar/data/21175/000002117517000128/cna2017q3.htm"
    },
    {
        "date": "2017-06-30",
        "symbol": "CNA",
        "reportedCurrency": "USD",
        "cik": "0000021175",
        "fillingDate": "2017-07-31",
        "acceptedDate": "2017-07-31 11:06:11",
        "calendarYear": "2017",
        "period": "Q2",
        "revenue": 2366000000,
        "costOfRevenue": 364000000,
        "grossProfit": 2002000000,
        "grossProfitRatio": 0.8461538462,
        "researchAndDevelopmentExpenses": 0,
        "generalAndAdministrativeExpenses": 0,
        "sellingAndMarketingExpenses": 0,
        "sellingGeneralAndAdministrativeExpenses": 0,
        "otherExpenses": 1956000000,
        "operatingExpenses": 1956000000,
        "costAndExpenses": 1996000000,
        "interestIncome": 0,
        "interestExpense": 40000000,
        "depreciationAndAmortization": 22000000,
        "ebitda": 432000000,
        "ebitdaratio": 0.1825866441,
        "operatingIncome": 410000000,
        "operatingIncomeRatio": 0.1732882502,
        "totalOtherIncomeExpensesNet": -40000000,
        "incomeBeforeTax": 370000000,
        "incomeBeforeTaxRatio": 0.1563820795,
        "incomeTaxExpense": 98000000,
        "netIncome": 272000000,
        "netIncomeRatio": 0.1149619611,
        "eps": 1.01,
        "epsdiluted": 1,
        "weightedAverageShsOut": 271100000,
        "weightedAverageShsOutDil": 271900000,
        "link": "https://www.sec.gov/Archives/edgar/data/21175/000002117517000108/0000021175-17-000108-index.htm",
        "finalLink": "https://www.sec.gov/Archives/edgar/data/21175/000002117517000108/cna2017q2.htm"
    },
    {
        "date": "2017-03-31",
        "symbol": "CNA",
        "reportedCurrency": "USD",
        "cik": "0000021175",
        "fillingDate": "2017-05-01",
        "acceptedDate": "2017-05-01 09:34:42",
        "calendarYear": "2017",
        "period": "Q1",
        "revenue": 2330000000,
        "costOfRevenue": 0,
        "grossProfit": 2330000000,
        "grossProfitRatio": 1,
        "researchAndDevelopmentExpenses": 0,
        "generalAndAdministrativeExpenses": 0,
        "sellingAndMarketingExpenses": 0,
        "sellingGeneralAndAdministrativeExpenses": 0,
        "otherExpenses": 1944000000,
        "operatingExpenses": 1944000000,
        "costAndExpenses": 1987000000,
        "interestIncome": 0,
        "interestExpense": 43000000,
        "depreciationAndAmortization": 21000000,
        "ebitda": 407000000,
        "ebitdaratio": 0.1746781116,
        "operatingIncome": 386000000,
        "operatingIncomeRatio": 0.1656652361,
        "totalOtherIncomeExpensesNet": -43000000,
        "incomeBeforeTax": 343000000,
        "incomeBeforeTaxRatio": 0.1472103004,
        "incomeTaxExpense": 83000000,
        "netIncome": 260000000,
        "netIncomeRatio": 0.1115879828,
        "eps": 0.96,
        "epsdiluted": 0.96,
        "weightedAverageShsOut": 270700000,
        "weightedAverageShsOutDil": 271700000,
        "link": "https://www.sec.gov/Archives/edgar/data/21175/000002117517000081/0000021175-17-000081-index.htm",
        "finalLink": "https://www.sec.gov/Archives/edgar/data/21175/000002117517000081/cna2017q1.htm"
    },
    {
        "date": "2016-12-31",
        "symbol": "CNA",
        "reportedCurrency": "USD",
        "cik": "0000021175",
        "fillingDate": "2017-02-15",
        "acceptedDate": "2017-02-15 15:46:36",
        "calendarYear": "2016",
        "period": "Q4",
        "revenue": 2390000000,
        "costOfRevenue": 0,
        "grossProfit": 2390000000,
        "grossProfitRatio": 1,
        "researchAndDevelopmentExpenses": 0,
        "generalAndAdministrativeExpenses": 0,
        "sellingAndMarketingExpenses": 0,
        "sellingGeneralAndAdministrativeExpenses": 0,
        "otherExpenses": 2033000000,
        "operatingExpenses": 2033000000,
        "costAndExpenses": 2073000000,
        "interestIncome": 0,
        "interestExpense": 40000000,
        "depreciationAndAmortization": 20000000,
        "ebitda": 377000000,
        "ebitdaratio": 0.1577405858,
        "operatingIncome": 357000000,
        "operatingIncomeRatio": 0.1493723849,
        "totalOtherIncomeExpensesNet": -40000000,
        "incomeBeforeTax": 317000000,
        "incomeBeforeTaxRatio": 0.1326359833,
        "incomeTaxExpense": 76000000,
        "netIncome": 241000000,
        "netIncomeRatio": 0.1008368201,
        "eps": 0.89,
        "epsdiluted": 0.89,
        "weightedAverageShsOut": 270500000,
        "weightedAverageShsOutDil": 271500000,
        "link": "https://www.sec.gov/Archives/edgar/data/21175/000002117517000040/0000021175-17-000040-index.htm",
        "finalLink": "https://www.sec.gov/Archives/edgar/data/21175/000002117517000040/cna2016q4.htm"
    },
    {
        "date": "2016-09-30",
        "symbol": "CNA",
        "reportedCurrency": "USD",
        "cik": "0000021175",
        "fillingDate": "2016-10-31",
        "acceptedDate": "2016-10-31 11:21:47",
        "calendarYear": "2016",
        "period": "Q3",
        "revenue": 2433000000,
        "costOfRevenue": 403000000,
        "grossProfit": 2030000000,
        "grossProfitRatio": 0.8343608714,
        "researchAndDevelopmentExpenses": 0,
        "generalAndAdministrativeExpenses": 0,
        "sellingAndMarketingExpenses": 0,
        "sellingGeneralAndAdministrativeExpenses": 0,
        "otherExpenses": 1919000000,
        "operatingExpenses": 1919000000,
        "costAndExpenses": 1958000000,
        "interestIncome": 0,
        "interestExpense": 39000000,
        "depreciationAndAmortization": 18000000,
        "ebitda": 532000000,
        "ebitdaratio": 0.2186600904,
        "operatingIncome": 514000000,
        "operatingIncomeRatio": 0.2112618167,
        "totalOtherIncomeExpensesNet": -39000000,
        "incomeBeforeTax": 475000000,
        "incomeBeforeTaxRatio": 0.1952322236,
        "incomeTaxExpense": 132000000,
        "netIncome": 343000000,
        "netIncomeRatio": 0.1409782162,
        "eps": 1.27,
        "epsdiluted": 1.26,
        "weightedAverageShsOut": 270500000,
        "weightedAverageShsOutDil": 271200000,
        "link": "https://www.sec.gov/Archives/edgar/data/21175/000002117516000219/0000021175-16-000219-index.htm",
        "finalLink": "https://www.sec.gov/Archives/edgar/data/21175/000002117516000219/cna2016q3.htm"
    },
    {
        "date": "2016-06-30",
        "symbol": "CNA",
        "reportedCurrency": "USD",
        "cik": "0000021175",
        "fillingDate": "2016-08-01",
        "acceptedDate": "2016-08-01 14:11:26",
        "calendarYear": "2016",
        "period": "Q2",
        "revenue": 2348000000,
        "costOfRevenue": 378000000,
        "grossProfit": 1970000000,
        "grossProfitRatio": 0.839011925,
        "researchAndDevelopmentExpenses": 0,
        "generalAndAdministrativeExpenses": 0,
        "sellingAndMarketingExpenses": 0,
        "sellingGeneralAndAdministrativeExpenses": 0,
        "otherExpenses": 2022000000,
        "operatingExpenses": 2022000000,
        "costAndExpenses": 2060000000,
        "interestIncome": 0,
        "interestExpense": 38000000,
        "depreciationAndAmortization": 18000000,
        "ebitda": 0,
        "ebitdaratio": 0,
        "operatingIncome": 326000000,
        "operatingIncomeRatio": 0.1388415673,
        "totalOtherIncomeExpensesNet": -2060000000,
        "incomeBeforeTax": 288000000,
        "incomeBeforeTaxRatio": 0.1226575809,
        "incomeTaxExpense": 79000000,
        "netIncome": 209000000,
        "netIncomeRatio": 0.089011925,
        "eps": 0.77,
        "epsdiluted": 0.77,
        "weightedAverageShsOut": 270500000,
        "weightedAverageShsOutDil": 270900000,
        "link": "https://www.sec.gov/Archives/edgar/data/21175/000002117516000199/0000021175-16-000199-index.htm",
        "finalLink": "https://www.sec.gov/Archives/edgar/data/21175/000002117516000199/cna2016q2.htm"
    },
    {
        "date": "2016-03-31",
        "symbol": "CNA",
        "reportedCurrency": "USD",
        "cik": "0000021175",
        "fillingDate": "2016-05-03",
        "acceptedDate": "2016-05-03 10:58:59",
        "calendarYear": "2016",
        "period": "Q1",
        "revenue": 2195000000,
        "costOfRevenue": 0,
        "grossProfit": 2195000000,
        "grossProfitRatio": 1,
        "researchAndDevelopmentExpenses": 0,
        "generalAndAdministrativeExpenses": 0,
        "sellingAndMarketingExpenses": 0,
        "sellingGeneralAndAdministrativeExpenses": 0,
        "otherExpenses": 2096000000,
        "operatingExpenses": 2096000000,
        "costAndExpenses": 2138000000,
        "interestIncome": 0,
        "interestExpense": 42000000,
        "depreciationAndAmortization": 21000000,
        "ebitda": 120000000,
        "ebitdaratio": 0.0546697039,
        "operatingIncome": 99000000,
        "operatingIncomeRatio": 0.0451025057,
        "totalOtherIncomeExpensesNet": -2138000000,
        "incomeBeforeTax": 57000000,
        "incomeBeforeTaxRatio": 0.0259681093,
        "incomeTaxExpense": -9000000,
        "netIncome": 66000000,
        "netIncomeRatio": 0.0300683371,
        "eps": 0.25,
        "epsdiluted": 0.24,
        "weightedAverageShsOut": 270300000,
        "weightedAverageShsOutDil": 270900000,
        "link": "https://www.sec.gov/Archives/edgar/data/21175/000002117516000181/0000021175-16-000181-index.htm",
        "finalLink": "https://www.sec.gov/Archives/edgar/data/21175/000002117516000181/cna2016q1.htm"
    },
    {
        "date": "2015-12-31",
        "symbol": "CNA",
        "reportedCurrency": "USD",
        "cik": "0000021175",
        "fillingDate": "2016-02-17",
        "acceptedDate": "2016-02-17 16:27:01",
        "calendarYear": "2015",
        "period": "Q4",
        "revenue": 2269000000,
        "costOfRevenue": 0,
        "grossProfit": 2269000000,
        "grossProfitRatio": 1,
        "researchAndDevelopmentExpenses": 0,
        "generalAndAdministrativeExpenses": 0,
        "sellingAndMarketingExpenses": 0,
        "sellingGeneralAndAdministrativeExpenses": 0,
        "otherExpenses": 2392000000,
        "operatingExpenses": 2392000000,
        "costAndExpenses": 2430000000,
        "interestIncome": 0,
        "interestExpense": 38000000,
        "depreciationAndAmortization": 22000000,
        "ebitda": -101000000,
        "ebitdaratio": -0.0445130013,
        "operatingIncome": -123000000,
        "operatingIncomeRatio": -0.0542089026,
        "totalOtherIncomeExpensesNet": -161000000,
        "incomeBeforeTax": -161000000,
        "incomeBeforeTaxRatio": -0.0709563684,
        "incomeTaxExpense": -91000000,
        "netIncome": -70000000,
        "netIncomeRatio": -0.030850595,
        "eps": -0.26,
        "epsdiluted": -0.26,
        "weightedAverageShsOut": 270300000,
        "weightedAverageShsOutDil": 270800000,
        "link": "https://www.sec.gov/Archives/edgar/data/21175/000002117516000135/0000021175-16-000135-index.htm",
        "finalLink": "https://www.sec.gov/Archives/edgar/data/21175/000002117516000135/cna2015q4.htm"
    },
    {
        "date": "2015-09-30",
        "symbol": "CNA",
        "reportedCurrency": "USD",
        "cik": "0000021175",
        "fillingDate": "2015-11-03",
        "acceptedDate": "2015-11-03 10:52:46",
        "calendarYear": "2015",
        "period": "Q3",
        "revenue": 2153000000,
        "costOfRevenue": 362000000,
        "grossProfit": 1791000000,
        "grossProfitRatio": 0.8318625174,
        "researchAndDevelopmentExpenses": 0,
        "generalAndAdministrativeExpenses": 0,
        "sellingAndMarketingExpenses": 0,
        "sellingGeneralAndAdministrativeExpenses": 0,
        "otherExpenses": 1881000000,
        "operatingExpenses": 1881000000,
        "costAndExpenses": 1920000000,
        "interestIncome": 0,
        "interestExpense": 39000000,
        "depreciationAndAmortization": 23000000,
        "ebitda": 295000000,
        "ebitdaratio": 0.1370181143,
        "operatingIncome": 178000000,
        "operatingIncomeRatio": 0.0826753367,
        "totalOtherIncomeExpensesNet": 55000000,
        "incomeBeforeTax": 233000000,
        "incomeBeforeTaxRatio": 0.1082210869,
        "incomeTaxExpense": 55000000,
        "netIncome": 178000000,
        "netIncomeRatio": 0.0826753367,
        "eps": 0.66,
        "epsdiluted": 0.66,
        "weightedAverageShsOut": 270300000,
        "weightedAverageShsOutDil": 270800000,
        "link": "https://www.sec.gov/Archives/edgar/data/21175/000002117515000104/0000021175-15-000104-index.htm",
        "finalLink": "https://www.sec.gov/Archives/edgar/data/21175/000002117515000104/cna2015q3.htm"
    },
    {
        "date": "2015-06-30",
        "symbol": "CNA",
        "reportedCurrency": "USD",
        "cik": "0000021175",
        "fillingDate": "2015-08-04",
        "acceptedDate": "2015-08-04 11:48:30",
        "calendarYear": "2015",
        "period": "Q2",
        "revenue": 2327000000,
        "costOfRevenue": 341000000,
        "grossProfit": 1986000000,
        "grossProfitRatio": 0.8534593898,
        "researchAndDevelopmentExpenses": 0,
        "generalAndAdministrativeExpenses": 0,
        "sellingAndMarketingExpenses": 0,
        "sellingGeneralAndAdministrativeExpenses": 0,
        "otherExpenses": 2124000000,
        "operatingExpenses": 2124000000,
        "costAndExpenses": 2163000000,
        "interestIncome": 0,
        "interestExpense": 39000000,
        "depreciationAndAmortization": 20000000,
        "ebitda": 223000000,
        "ebitdaratio": 0.0958315428,
        "operatingIncome": 138000000,
        "operatingIncomeRatio": 0.0593038247,
        "totalOtherIncomeExpensesNet": 26000000,
        "incomeBeforeTax": 164000000,
        "incomeBeforeTaxRatio": 0.070477009,
        "incomeTaxExpense": 26000000,
        "netIncome": 138000000,
        "netIncomeRatio": 0.0593038247,
        "eps": 0.51,
        "epsdiluted": 0.51,
        "weightedAverageShsOut": 270300000,
        "weightedAverageShsOutDil": 270700000,
        "link": "https://www.sec.gov/Archives/edgar/data/21175/000002117515000088/0000021175-15-000088-index.htm",
        "finalLink": "https://www.sec.gov/Archives/edgar/data/21175/000002117515000088/cna2015q2.htm"
    },
    {
        "date": "2015-03-31",
        "symbol": "CNA",
        "reportedCurrency": "USD",
        "cik": "0000021175",
        "fillingDate": "2015-05-05",
        "acceptedDate": "2015-05-05 13:41:09",
        "calendarYear": "2015",
        "period": "Q1",
        "revenue": 2352000000,
        "costOfRevenue": 0,
        "grossProfit": 2352000000,
        "grossProfitRatio": 1,
        "researchAndDevelopmentExpenses": 0,
        "generalAndAdministrativeExpenses": 0,
        "sellingAndMarketingExpenses": 0,
        "sellingGeneralAndAdministrativeExpenses": 0,
        "otherExpenses": 2000000000,
        "operatingExpenses": 2000000000,
        "costAndExpenses": 2039000000,
        "interestIncome": 0,
        "interestExpense": 39000000,
        "depreciationAndAmortization": 19000000,
        "ebitda": 371000000,
        "ebitdaratio": 0.1577380952,
        "operatingIncome": 352000000,
        "operatingIncomeRatio": 0.1496598639,
        "totalOtherIncomeExpensesNet": -2039000000,
        "incomeBeforeTax": 313000000,
        "incomeBeforeTaxRatio": 0.1330782313,
        "incomeTaxExpense": 80000000,
        "netIncome": 233000000,
        "netIncomeRatio": 0.0990646259,
        "eps": 0.86,
        "epsdiluted": 0.86,
        "weightedAverageShsOut": 270100000,
        "weightedAverageShsOutDil": 270700000,
        "link": "https://www.sec.gov/Archives/edgar/data/21175/000002117515000065/0000021175-15-000065-index.htm",
        "finalLink": "https://www.sec.gov/Archives/edgar/data/21175/000002117515000065/cna2015q1.htm"
    },
    {
        "date": "2014-12-31",
        "symbol": "CNA",
        "reportedCurrency": "USD",
        "cik": "0000021175",
        "fillingDate": "2015-02-23",
        "acceptedDate": "2015-02-23 14:20:21",
        "calendarYear": "2014",
        "period": "Q4",
        "revenue": 2378000000,
        "costOfRevenue": 0,
        "grossProfit": 2378000000,
        "grossProfitRatio": 1,
        "researchAndDevelopmentExpenses": 0,
        "generalAndAdministrativeExpenses": 0,
        "sellingAndMarketingExpenses": 0,
        "sellingGeneralAndAdministrativeExpenses": 0,
        "otherExpenses": 2081000000,
        "operatingExpenses": 2081000000,
        "costAndExpenses": 2126000000,
        "interestIncome": 0,
        "interestExpense": 45000000,
        "depreciationAndAmortization": 21000000,
        "ebitda": 318000000,
        "ebitdaratio": 0.13372582,
        "operatingIncome": 297000000,
        "operatingIncomeRatio": 0.1248948696,
        "totalOtherIncomeExpensesNet": -2126000000,
        "incomeBeforeTax": 252000000,
        "incomeBeforeTaxRatio": 0.1059714045,
        "incomeTaxExpense": 54000000,
        "netIncome": 198000000,
        "netIncomeRatio": 0.0832632464,
        "eps": 0.73,
        "epsdiluted": 0.73,
        "weightedAverageShsOut": 270000000,
        "weightedAverageShsOutDil": 270700000,
        "link": "https://www.sec.gov/Archives/edgar/data/21175/000002117515000027/0000021175-15-000027-index.htm",
        "finalLink": "https://www.sec.gov/Archives/edgar/data/21175/000002117515000027/cna2014q4.htm"
    },
    {
        "date": "2014-09-30",
        "symbol": "CNA",
        "reportedCurrency": "USD",
        "cik": "0000021175",
        "fillingDate": "2014-11-04",
        "acceptedDate": "2014-11-04 12:14:38",
        "calendarYear": "2014",
        "period": "Q3",
        "revenue": 2411000000,
        "costOfRevenue": 384000000,
        "grossProfit": 2027000000,
        "grossProfitRatio": 0.8407299876,
        "researchAndDevelopmentExpenses": 0,
        "generalAndAdministrativeExpenses": 0,
        "sellingAndMarketingExpenses": 0,
        "sellingGeneralAndAdministrativeExpenses": 0,
        "otherExpenses": 2070000000,
        "operatingExpenses": 2070000000,
        "costAndExpenses": 2118000000,
        "interestIncome": 0,
        "interestExpense": 48000000,
        "depreciationAndAmortization": 20000000,
        "ebitda": 209000000,
        "ebitdaratio": 0.0866860224,
        "operatingIncome": 209000000,
        "operatingIncomeRatio": 0.0866860224,
        "totalOtherIncomeExpensesNet": 84000000,
        "incomeBeforeTax": 293000000,
        "incomeBeforeTaxRatio": 0.1215263376,
        "incomeTaxExpense": 84000000,
        "netIncome": 213000000,
        "netIncomeRatio": 0.088345085,
        "eps": 0.79,
        "epsdiluted": 0.79,
        "weightedAverageShsOut": 269900000,
        "weightedAverageShsOutDil": 270600000,
        "link": "https://www.sec.gov/Archives/edgar/data/21175/000002117514000083/0000021175-14-000083-index.htm",
        "finalLink": "https://www.sec.gov/Archives/edgar/data/21175/000002117514000083/cna2014q3.htm"
    },
    {
        "date": "2014-06-30",
        "symbol": "CNA",
        "reportedCurrency": "USD",
        "cik": "0000021175",
        "fillingDate": "2014-08-04",
        "acceptedDate": "2014-08-04 15:12:48",
        "calendarYear": "2014",
        "period": "Q2",
        "revenue": 2440000000,
        "costOfRevenue": 254000000,
        "grossProfit": 2186000000,
        "grossProfitRatio": 0.8959016393,
        "researchAndDevelopmentExpenses": 0,
        "generalAndAdministrativeExpenses": 0,
        "sellingAndMarketingExpenses": 0,
        "sellingGeneralAndAdministrativeExpenses": 0,
        "otherExpenses": 2030000000,
        "operatingExpenses": 2030000000,
        "costAndExpenses": 2076000000,
        "interestIncome": 0,
        "interestExpense": 46000000,
        "depreciationAndAmortization": 22000000,
        "ebitda": 261000000,
        "ebitdaratio": 0.1069672131,
        "operatingIncome": 261000000,
        "operatingIncomeRatio": 0.1069672131,
        "totalOtherIncomeExpensesNet": 103000000,
        "incomeBeforeTax": 364000000,
        "incomeBeforeTaxRatio": 0.1491803279,
        "incomeTaxExpense": 103000000,
        "netIncome": 267000000,
        "netIncomeRatio": 0.1094262295,
        "eps": 0.99,
        "epsdiluted": 0.98,
        "weightedAverageShsOut": 269900000,
        "weightedAverageShsOutDil": 270600000,
        "link": "https://www.sec.gov/Archives/edgar/data/21175/000002117514000054/0000021175-14-000054-index.htm",
        "finalLink": "https://www.sec.gov/Archives/edgar/data/21175/000002117514000054/cna2014q2.htm"
    },
    {
        "date": "2014-03-31",
        "symbol": "CNA",
        "reportedCurrency": "USD",
        "cik": "0000021175",
        "fillingDate": "2014-04-29",
        "acceptedDate": "2014-04-29 14:19:28",
        "calendarYear": "2014",
        "period": "Q1",
        "revenue": 2463000000,
        "costOfRevenue": 0,
        "grossProfit": 2463000000,
        "grossProfitRatio": 1,
        "researchAndDevelopmentExpenses": 0,
        "generalAndAdministrativeExpenses": 0,
        "sellingAndMarketingExpenses": 0,
        "sellingGeneralAndAdministrativeExpenses": 0,
        "otherExpenses": 2121000000,
        "operatingExpenses": 2121000000,
        "costAndExpenses": 2165000000,
        "interestIncome": 0,
        "interestExpense": 44000000,
        "depreciationAndAmortization": 20000000,
        "ebitda": 362000000,
        "ebitdaratio": 0.1469752335,
        "operatingIncome": 135000000,
        "operatingIncomeRatio": 0.0548112058,
        "totalOtherIncomeExpensesNet": -2165000000,
        "incomeBeforeTax": 298000000,
        "incomeBeforeTaxRatio": 0.1209906618,
        "incomeTaxExpense": 78000000,
        "netIncome": 13000000,
        "netIncomeRatio": 0.0052781161,
        "eps": 0.05,
        "epsdiluted": 0.05,
        "weightedAverageShsOut": 269800000,
        "weightedAverageShsOutDil": 270500000,
        "link": "https://www.sec.gov/Archives/edgar/data/21175/000002117514000038/0000021175-14-000038-index.htm",
        "finalLink": "https://www.sec.gov/Archives/edgar/data/21175/000002117514000038/cna2014q1.htm"
    },
    {
        "date": "2013-12-31",
        "symbol": "CNA",
        "reportedCurrency": "USD",
        "cik": "0000021175",
        "fillingDate": "2014-02-19",
        "acceptedDate": "2014-02-19 16:19:47",
        "calendarYear": "2013",
        "period": "Q4",
        "revenue": 2613000000,
        "costOfRevenue": 0,
        "grossProfit": 2613000000,
        "grossProfitRatio": 1,
        "researchAndDevelopmentExpenses": 0,
        "generalAndAdministrativeExpenses": 0,
        "sellingAndMarketingExpenses": 0,
        "sellingGeneralAndAdministrativeExpenses": 0,
        "otherExpenses": 2242000000,
        "operatingExpenses": 2242000000,
        "costAndExpenses": 2314000000,
        "interestIncome": 0,
        "interestExpense": 41000000,
        "depreciationAndAmortization": 21000000,
        "ebitda": 361000000,
        "ebitdaratio": 0.138155377,
        "operatingIncome": 340000000,
        "operatingIncomeRatio": 0.1301186376,
        "totalOtherIncomeExpensesNet": -2270000000,
        "incomeBeforeTax": 299000000,
        "incomeBeforeTaxRatio": 0.1144278607,
        "incomeTaxExpense": 78000000,
        "netIncome": 221000000,
        "netIncomeRatio": 0.0845771144,
        "eps": 0.82,
        "epsdiluted": 0.82,
        "weightedAverageShsOut": 269700000,
        "weightedAverageShsOutDil": 270400000,
        "link": "https://www.sec.gov/Archives/edgar/data/21175/000002117514000021/0000021175-14-000021-index.htm",
        "finalLink": "https://www.sec.gov/Archives/edgar/data/21175/000002117514000021/cna2013q4.htm"
    },
    {
        "date": "2013-09-30",
        "symbol": "CNA",
        "reportedCurrency": "USD",
        "cik": "0000021175",
        "fillingDate": "2013-10-29",
        "acceptedDate": "2013-10-29 11:11:35",
        "calendarYear": "2013",
        "period": "Q3",
        "revenue": 2504000000,
        "costOfRevenue": 332000000,
        "grossProfit": 2172000000,
        "grossProfitRatio": 0.8674121406,
        "researchAndDevelopmentExpenses": 0,
        "generalAndAdministrativeExpenses": 0,
        "sellingAndMarketingExpenses": 0,
        "sellingGeneralAndAdministrativeExpenses": 0,
        "otherExpenses": 2045000000,
        "operatingExpenses": 2045000000,
        "costAndExpenses": 2129000000,
        "interestIncome": 0,
        "interestExpense": 42000000,
        "depreciationAndAmortization": 22000000,
        "ebitda": 0,
        "ebitdaratio": 0,
        "operatingIncome": 417000000,
        "operatingIncomeRatio": 0.1665335463,
        "totalOtherIncomeExpensesNet": -46000000,
        "incomeBeforeTax": 375000000,
        "incomeBeforeTaxRatio": 0.1497603834,
        "incomeTaxExpense": 103000000,
        "netIncome": 272000000,
        "netIncomeRatio": 0.1086261981,
        "eps": 1.01,
        "epsdiluted": 1.01,
        "weightedAverageShsOut": 269700000,
        "weightedAverageShsOutDil": 270200000,
        "link": "https://www.sec.gov/Archives/edgar/data/21175/000002117513000043/0000021175-13-000043-index.htm",
        "finalLink": "https://www.sec.gov/Archives/edgar/data/21175/000002117513000043/cna2013q3.htm"
    },
    {
        "date": "2013-06-30",
        "symbol": "CNA",
        "reportedCurrency": "USD",
        "cik": "0000021175",
        "fillingDate": "2013-07-30",
        "acceptedDate": "2013-07-30 11:42:03",
        "calendarYear": "2013",
        "period": "Q2",
        "revenue": 2493000000,
        "costOfRevenue": 320000000,
        "grossProfit": 2173000000,
        "grossProfitRatio": 0.8716405937,
        "researchAndDevelopmentExpenses": 0,
        "generalAndAdministrativeExpenses": 0,
        "sellingAndMarketingExpenses": 0,
        "sellingGeneralAndAdministrativeExpenses": 0,
        "otherExpenses": 2139000000,
        "operatingExpenses": 2139000000,
        "costAndExpenses": 2217000000,
        "interestIncome": 0,
        "interestExpense": 41000000,
        "depreciationAndAmortization": 25000000,
        "ebitda": 342000000,
        "ebitdaratio": 0.1371841155,
        "operatingIncome": 317000000,
        "operatingIncomeRatio": 0.1271560369,
        "totalOtherIncomeExpensesNet": -47000000,
        "incomeBeforeTax": 276000000,
        "incomeBeforeTaxRatio": 0.110709988,
        "incomeTaxExpense": 82000000,
        "netIncome": 194000000,
        "netIncomeRatio": 0.0778178901,
        "eps": 0.72,
        "epsdiluted": 0.72,
        "weightedAverageShsOut": 269700000,
        "weightedAverageShsOutDil": 270100000,
        "link": "https://www.sec.gov/Archives/edgar/data/21175/000002117513000030/0000021175-13-000030-index.htm",
        "finalLink": "https://www.sec.gov/Archives/edgar/data/21175/000002117513000030/cna2013q2.htm"
    },
    {
        "date": "2013-03-31",
        "symbol": "CNA",
        "reportedCurrency": "USD",
        "cik": "0000021175",
        "fillingDate": "2013-04-30",
        "acceptedDate": "2013-04-30 12:44:06",
        "calendarYear": "2013",
        "period": "Q1",
        "revenue": 2503000000,
        "costOfRevenue": 0,
        "grossProfit": 2503000000,
        "grossProfitRatio": 1,
        "researchAndDevelopmentExpenses": 0,
        "generalAndAdministrativeExpenses": 0,
        "sellingAndMarketingExpenses": 0,
        "sellingGeneralAndAdministrativeExpenses": 0,
        "otherExpenses": 2064000000,
        "operatingExpenses": 2064000000,
        "costAndExpenses": 2140000000,
        "interestIncome": 0,
        "interestExpense": 42000000,
        "depreciationAndAmortization": 33000000,
        "ebitda": 438000000,
        "ebitdaratio": 0.174990012,
        "operatingIncome": 405000000,
        "operatingIncomeRatio": 0.161805833,
        "totalOtherIncomeExpensesNet": -56000000,
        "incomeBeforeTax": 363000000,
        "incomeBeforeTaxRatio": 0.1450259688,
        "incomeTaxExpense": 113000000,
        "netIncome": 250000000,
        "netIncomeRatio": 0.0998801438,
        "eps": 0.93,
        "epsdiluted": 0.93,
        "weightedAverageShsOut": 269500000,
        "weightedAverageShsOutDil": 269900000,
        "link": "https://www.sec.gov/Archives/edgar/data/21175/000002117513000017/0000021175-13-000017-index.htm",
        "finalLink": "https://www.sec.gov/Archives/edgar/data/21175/000002117513000017/cna2013q1.htm"
    },
    {
        "date": "2012-12-31",
        "symbol": "CNA",
        "reportedCurrency": "USD",
        "cik": "0000021175",
        "fillingDate": "2013-02-21",
        "acceptedDate": "2013-02-20 18:13:39",
        "calendarYear": "2012",
        "period": "Q4",
        "revenue": 2434000000,
        "costOfRevenue": 0,
        "grossProfit": 2434000000,
        "grossProfitRatio": 1,
        "researchAndDevelopmentExpenses": 0,
        "generalAndAdministrativeExpenses": 0,
        "sellingAndMarketingExpenses": 0,
        "sellingGeneralAndAdministrativeExpenses": 0,
        "otherExpenses": 2258000000,
        "operatingExpenses": 2258000000,
        "costAndExpenses": 2470000000,
        "interestIncome": 0,
        "interestExpense": 42000000,
        "depreciationAndAmortization": 42000000,
        "ebitda": 48000000,
        "ebitdaratio": 0.0197206245,
        "operatingIncome": 6000000,
        "operatingIncomeRatio": 0.0024650781,
        "totalOtherIncomeExpensesNet": -42000000,
        "incomeBeforeTax": -36000000,
        "incomeBeforeTaxRatio": -0.0147904684,
        "incomeTaxExpense": -27000000,
        "netIncome": -9000000,
        "netIncomeRatio": -0.0036976171,
        "eps": -0.0334,
        "epsdiluted": -0.0334,
        "weightedAverageShsOut": 269400000,
        "weightedAverageShsOutDil": 269400000,
        "link": "https://www.sec.gov/Archives/edgar/data/21175/000002117513000009/0000021175-13-000009-index.htm",
        "finalLink": "https://www.sec.gov/Archives/edgar/data/21175/000002117513000009/cna2012q4.htm"
    },
    {
        "date": "2012-09-30",
        "symbol": "CNA",
        "reportedCurrency": "USD",
        "cik": "0000021175",
        "fillingDate": "2012-10-30",
        "acceptedDate": "2012-10-30 11:25:02",
        "calendarYear": "2012",
        "period": "Q3",
        "revenue": 2466000000,
        "costOfRevenue": 341000000,
        "grossProfit": 2125000000,
        "grossProfitRatio": 0.8617193836,
        "researchAndDevelopmentExpenses": 0,
        "generalAndAdministrativeExpenses": 341000000,
        "sellingAndMarketingExpenses": 0,
        "sellingGeneralAndAdministrativeExpenses": 341000000,
        "otherExpenses": 1768000000,
        "operatingExpenses": 2109000000,
        "costAndExpenses": 2152000000,
        "interestIncome": 0,
        "interestExpense": 43000000,
        "depreciationAndAmortization": 44000000,
        "ebitda": 401000000,
        "ebitdaratio": 0.1626115166,
        "operatingIncome": 221000000,
        "operatingIncomeRatio": 0.0896188159,
        "totalOtherIncomeExpensesNet": 93000000,
        "incomeBeforeTax": 314000000,
        "incomeBeforeTaxRatio": 0.1273317113,
        "incomeTaxExpense": 93000000,
        "netIncome": 221000000,
        "netIncomeRatio": 0.0896188159,
        "eps": 0.82,
        "epsdiluted": 0.82,
        "weightedAverageShsOut": 269400000,
        "weightedAverageShsOutDil": 269800000,
        "link": "https://www.sec.gov/Archives/edgar/data/21175/000002117512000045/0000021175-12-000045-index.htm",
        "finalLink": "https://www.sec.gov/Archives/edgar/data/21175/000002117512000045/cna2012q3.htm"
    },
    {
        "date": "2012-06-30",
        "symbol": "CNA",
        "reportedCurrency": "USD",
        "cik": "0000021175",
        "fillingDate": "2012-07-31",
        "acceptedDate": "2012-07-31 12:13:04",
        "calendarYear": "2012",
        "period": "Q2",
        "revenue": 2246000000,
        "costOfRevenue": 316000000,
        "grossProfit": 1930000000,
        "grossProfitRatio": 0.8593054319,
        "researchAndDevelopmentExpenses": 0,
        "generalAndAdministrativeExpenses": 316000000,
        "sellingAndMarketingExpenses": 0,
        "sellingGeneralAndAdministrativeExpenses": 316000000,
        "otherExpenses": 1657000000,
        "operatingExpenses": 1973000000,
        "costAndExpenses": 2016000000,
        "interestIncome": 0,
        "interestExpense": 43000000,
        "depreciationAndAmortization": 19000000,
        "ebitda": 292000000,
        "ebitdaratio": 0.1300089047,
        "operatingIncome": 166000000,
        "operatingIncomeRatio": 0.0739091719,
        "totalOtherIncomeExpensesNet": 64000000,
        "incomeBeforeTax": 230000000,
        "incomeBeforeTaxRatio": 0.1024042743,
        "incomeTaxExpense": 64000000,
        "netIncome": 166000000,
        "netIncomeRatio": 0.0739091719,
        "eps": 0.62,
        "epsdiluted": 0.62,
        "weightedAverageShsOut": 269400000,
        "weightedAverageShsOutDil": 269800000,
        "link": "https://www.sec.gov/Archives/edgar/data/21175/000002117512000037/0000021175-12-000037-index.htm",
        "finalLink": "https://www.sec.gov/Archives/edgar/data/21175/000002117512000037/cna2012q2.htm"
    },
    {
        "date": "2012-03-31",
        "symbol": "CNA",
        "reportedCurrency": "USD",
        "cik": "0000021175",
        "fillingDate": "2012-05-01",
        "acceptedDate": "2012-05-01 11:47:38",
        "calendarYear": "2012",
        "period": "Q1",
        "revenue": 2401000000,
        "costOfRevenue": 0,
        "grossProfit": 2401000000,
        "grossProfitRatio": 1,
        "researchAndDevelopmentExpenses": 0,
        "generalAndAdministrativeExpenses": 319000000,
        "sellingAndMarketingExpenses": 0,
        "sellingGeneralAndAdministrativeExpenses": 319000000,
        "otherExpenses": 1676000000,
        "operatingExpenses": 1995000000,
        "costAndExpenses": 2037000000,
        "interestIncome": 0,
        "interestExpense": 42000000,
        "depreciationAndAmortization": 20000000,
        "ebitda": 426000000,
        "ebitdaratio": 0.1774260725,
        "operatingIncome": 406000000,
        "operatingIncomeRatio": 0.1690962099,
        "totalOtherIncomeExpensesNet": -42000000,
        "incomeBeforeTax": 364000000,
        "incomeBeforeTaxRatio": 0.1516034985,
        "incomeTaxExpense": 114000000,
        "netIncome": 250000000,
        "netIncomeRatio": 0.104123282,
        "eps": 0.93,
        "epsdiluted": 0.93,
        "weightedAverageShsOut": 269300000,
        "weightedAverageShsOutDil": 269700000,
        "link": "https://www.sec.gov/Archives/edgar/data/21175/000002117512000023/0000021175-12-000023-index.htm",
        "finalLink": "https://www.sec.gov/Archives/edgar/data/21175/000002117512000023/cna2012q1.htm"
    },
    {
        "date": "2011-12-31",
        "symbol": "CNA",
        "reportedCurrency": "USD",
        "cik": "0000021175",
        "fillingDate": "2012-02-21",
        "acceptedDate": "2012-02-21 12:28:42",
        "calendarYear": "2011",
        "period": "Q4",
        "revenue": 2259000000,
        "costOfRevenue": 0,
        "grossProfit": 2259000000,
        "grossProfitRatio": 1,
        "researchAndDevelopmentExpenses": 0,
        "generalAndAdministrativeExpenses": 0,
        "sellingAndMarketingExpenses": 0,
        "sellingGeneralAndAdministrativeExpenses": 0,
        "otherExpenses": 1978000000,
        "operatingExpenses": 1978000000,
        "costAndExpenses": 2020000000,
        "interestIncome": 0,
        "interestExpense": 43000000,
        "depreciationAndAmortization": 20000000,
        "ebitda": 301000000,
        "ebitdaratio": 0.1332447986,
        "operatingIncome": 281000000,
        "operatingIncomeRatio": 0.1243913236,
        "totalOtherIncomeExpensesNet": -42000000,
        "incomeBeforeTax": 239000000,
        "incomeBeforeTaxRatio": 0.1057990261,
        "incomeTaxExpense": 48000000,
        "netIncome": 190000000,
        "netIncomeRatio": 0.0841080124,
        "eps": 0.71,
        "epsdiluted": 0.71,
        "weightedAverageShsOut": 269300000,
        "weightedAverageShsOutDil": 269300000,
        "link": "https://www.sec.gov/Archives/edgar/data/21175/000002117512000009/0000021175-12-000009-index.htm",
        "finalLink": "https://www.sec.gov/Archives/edgar/data/21175/000002117512000009/cna2011q4.htm"
    },
    {
        "date": "2011-09-30",
        "symbol": "CNA",
        "reportedCurrency": "USD",
        "cik": "0000021175",
        "fillingDate": "2011-11-01",
        "acceptedDate": "2011-11-01 10:24:37",
        "calendarYear": "2011",
        "period": "Q3",
        "revenue": 2175000000,
        "costOfRevenue": 252000000,
        "grossProfit": 1923000000,
        "grossProfitRatio": 0.884137931,
        "researchAndDevelopmentExpenses": 0,
        "generalAndAdministrativeExpenses": 0,
        "sellingAndMarketingExpenses": 0,
        "sellingGeneralAndAdministrativeExpenses": 0,
        "otherExpenses": 2008000000,
        "operatingExpenses": 2008000000,
        "costAndExpenses": 2051000000,
        "interestIncome": 0,
        "interestExpense": 43000000,
        "depreciationAndAmortization": 21000000,
        "ebitda": 188000000,
        "ebitdaratio": 0.0864367816,
        "operatingIncome": 75000000,
        "operatingIncomeRatio": 0.0344827586,
        "totalOtherIncomeExpensesNet": 49000000,
        "incomeBeforeTax": 124000000,
        "incomeBeforeTaxRatio": 0.0570114943,
        "incomeTaxExpense": 49000000,
        "netIncome": 75000000,
        "netIncomeRatio": 0.0344827586,
        "eps": 0.28,
        "epsdiluted": 0.28,
        "weightedAverageShsOut": 269300000,
        "weightedAverageShsOutDil": 269600000,
        "link": "https://www.sec.gov/Archives/edgar/data/21175/000002117511000048/0000021175-11-000048-index.htm",
        "finalLink": "https://www.sec.gov/Archives/edgar/data/21175/000002117511000048/cna2011q3.htm"
    },
    {
        "date": "2011-06-30",
        "symbol": "CNA",
        "reportedCurrency": "USD",
        "cik": "0000021175",
        "fillingDate": "2011-08-02",
        "acceptedDate": "2011-08-02 11:07:22",
        "calendarYear": "2011",
        "period": "Q2",
        "revenue": 2198000000,
        "costOfRevenue": 259000000,
        "grossProfit": 1939000000,
        "grossProfitRatio": 0.8821656051,
        "researchAndDevelopmentExpenses": 0,
        "generalAndAdministrativeExpenses": 0,
        "sellingAndMarketingExpenses": 0,
        "sellingGeneralAndAdministrativeExpenses": 0,
        "otherExpenses": 1979000000,
        "operatingExpenses": 1979000000,
        "costAndExpenses": 2019000000,
        "interestIncome": 0,
        "interestExpense": 43000000,
        "depreciationAndAmortization": 19000000,
        "ebitda": 132000000,
        "ebitdaratio": 0.0600545951,
        "operatingIncome": 132000000,
        "operatingIncomeRatio": 0.0600545951,
        "totalOtherIncomeExpensesNet": 44000000,
        "incomeBeforeTax": 179000000,
        "incomeBeforeTaxRatio": 0.0814376706,
        "incomeTaxExpense": 47000000,
        "netIncome": 126000000,
        "netIncomeRatio": 0.0573248408,
        "eps": 0.46,
        "epsdiluted": 0.46,
        "weightedAverageShsOut": 269300000,
        "weightedAverageShsOutDil": 269600000,
        "link": "https://www.sec.gov/Archives/edgar/data/21175/000002117511000033/0000021175-11-000033-index.htm",
        "finalLink": "https://www.sec.gov/Archives/edgar/data/21175/000002117511000033/cna2011q2.htm"
    },
    {
        "date": "2011-03-31",
        "symbol": "CNA",
        "reportedCurrency": "USD",
        "cik": "0000021175",
        "fillingDate": "2011-05-03",
        "acceptedDate": "2011-05-03 11:37:33",
        "calendarYear": "2011",
        "period": "Q1",
        "revenue": 2315000000,
        "costOfRevenue": 0,
        "grossProfit": 2315000000,
        "grossProfitRatio": 1,
        "researchAndDevelopmentExpenses": 0,
        "generalAndAdministrativeExpenses": 0,
        "sellingAndMarketingExpenses": 0,
        "sellingGeneralAndAdministrativeExpenses": 0,
        "otherExpenses": 1938000000,
        "operatingExpenses": 1938000000,
        "costAndExpenses": 1980000000,
        "interestIncome": 0,
        "interestExpense": 46000000,
        "depreciationAndAmortization": 19000000,
        "ebitda": 390000000,
        "ebitdaratio": 0.1684665227,
        "operatingIncome": 371000000,
        "operatingIncomeRatio": 0.1602591793,
        "totalOtherIncomeExpensesNet": -40000000,
        "incomeBeforeTax": 335000000,
        "incomeBeforeTaxRatio": 0.1447084233,
        "incomeTaxExpense": 102000000,
        "netIncome": 223000000,
        "netIncomeRatio": 0.0963282937,
        "eps": 0.82,
        "epsdiluted": 0.82,
        "weightedAverageShsOut": 269200000,
        "weightedAverageShsOutDil": 269500000,
        "link": "https://www.sec.gov/Archives/edgar/data/21175/000002117511000016/0000021175-11-000016-index.htm",
        "finalLink": "https://www.sec.gov/Archives/edgar/data/21175/000002117511000016/cna2011q1.htm"
    },
    {
        "date": "2010-12-31",
        "symbol": "CNA",
        "reportedCurrency": "USD",
        "cik": "0000021175",
        "fillingDate": "2011-02-22",
        "acceptedDate": "2011-02-22 12:23:36",
        "calendarYear": "2010",
        "period": "Q4",
        "revenue": 2298000000,
        "costOfRevenue": 0,
        "grossProfit": 2298000000,
        "grossProfitRatio": 1,
        "researchAndDevelopmentExpenses": 0,
        "generalAndAdministrativeExpenses": 243000000,
        "sellingAndMarketingExpenses": 0,
        "sellingGeneralAndAdministrativeExpenses": 243000000,
        "otherExpenses": 1535000000,
        "operatingExpenses": 1778000000,
        "costAndExpenses": 1822000000,
        "interestIncome": 0,
        "interestExpense": 44000000,
        "depreciationAndAmortization": 18000000,
        "ebitda": 514000000,
        "ebitdaratio": 0.2236727589,
        "operatingIncome": 496000000,
        "operatingIncomeRatio": 0.2158398607,
        "totalOtherIncomeExpensesNet": -20000000,
        "incomeBeforeTax": 476000000,
        "incomeBeforeTaxRatio": 0.2071366406,
        "incomeTaxExpense": 150000000,
        "netIncome": 302000000,
        "netIncomeRatio": 0.1314186249,
        "eps": 1.12,
        "epsdiluted": 1.12,
        "weightedAverageShsOut": 269100000,
        "weightedAverageShsOutDil": 269200000,
        "link": "https://www.sec.gov/Archives/edgar/data/21175/000095012311016340/0000950123-11-016340-index.htm",
        "finalLink": "https://www.sec.gov/Archives/edgar/data/21175/000095012311016340/c62207e10vk.htm"
    },
    {
        "date": "2010-09-30",
        "symbol": "CNA",
        "reportedCurrency": "USD",
        "cik": "0000021175",
        "fillingDate": "2010-11-02",
        "acceptedDate": "2010-11-02 10:31:43",
        "calendarYear": "2010",
        "period": "Q3",
        "revenue": 2363000000,
        "costOfRevenue": 795000000,
        "grossProfit": 1568000000,
        "grossProfitRatio": 0.663563267,
        "researchAndDevelopmentExpenses": 0,
        "generalAndAdministrativeExpenses": 0,
        "sellingAndMarketingExpenses": 0,
        "sellingGeneralAndAdministrativeExpenses": 0,
        "otherExpenses": 2490000000,
        "operatingExpenses": 2490000000,
        "costAndExpenses": 2530000000,
        "interestIncome": 0,
        "interestExpense": 40000000,
        "depreciationAndAmortization": 19000000,
        "ebitda": -103000000,
        "ebitdaratio": -0.0435886585,
        "operatingIncome": -103000000,
        "operatingIncomeRatio": -0.0435886585,
        "totalOtherIncomeExpensesNet": -64000000,
        "incomeBeforeTax": -167000000,
        "incomeBeforeTaxRatio": -0.0706728735,
        "incomeTaxExpense": -64000000,
        "netIncome": -140000000,
        "netIncomeRatio": -0.0592467203,
        "eps": -0.52,
        "epsdiluted": -0.52,
        "weightedAverageShsOut": 269200000,
        "weightedAverageShsOutDil": 269200000,
        "link": "https://www.sec.gov/Archives/edgar/data/21175/000095012310099196/0000950123-10-099196-index.htm",
        "finalLink": "https://www.sec.gov/Archives/edgar/data/21175/000095012310099196/c60996e10vq.htm"
    },
    {
        "date": "2010-06-30",
        "symbol": "CNA",
        "reportedCurrency": "USD",
        "cik": "0000021175",
        "fillingDate": "2010-08-03",
        "acceptedDate": "2010-08-03 10:51:20",
        "calendarYear": "2010",
        "period": "Q2",
        "revenue": 2233000000,
        "costOfRevenue": 258000000,
        "grossProfit": 1975000000,
        "grossProfitRatio": 0.8844603672,
        "researchAndDevelopmentExpenses": 0,
        "generalAndAdministrativeExpenses": 258000000,
        "sellingAndMarketingExpenses": 0,
        "sellingGeneralAndAdministrativeExpenses": 258000000,
        "otherExpenses": 1492000000,
        "operatingExpenses": 1750000000,
        "costAndExpenses": 1787000000,
        "interestIncome": 0,
        "interestExpense": 37000000,
        "depreciationAndAmortization": 20000000,
        "ebitda": 301000000,
        "ebitdaratio": 0.1347962382,
        "operatingIncome": 301000000,
        "operatingIncomeRatio": 0.1347962382,
        "totalOtherIncomeExpensesNet": 145000000,
        "incomeBeforeTax": 446000000,
        "incomeBeforeTaxRatio": 0.1997313032,
        "incomeTaxExpense": 145000000,
        "netIncome": 283000000,
        "netIncomeRatio": 0.1267353336,
        "eps": 0.96,
        "epsdiluted": 0.96,
        "weightedAverageShsOut": 269100000,
        "weightedAverageShsOutDil": 269300000,
        "link": "https://www.sec.gov/Archives/edgar/data/21175/000095012310071572/0000950123-10-071572-index.htm",
        "finalLink": "https://www.sec.gov/Archives/edgar/data/21175/000095012310071572/c59424e10vq.htm"
    },
    {
        "date": "2010-03-31",
        "symbol": "CNA",
        "reportedCurrency": "USD",
        "cik": "0000021175",
        "fillingDate": "2010-05-03",
        "acceptedDate": "2010-05-03 13:39:16",
        "calendarYear": "2010",
        "period": "Q1",
        "revenue": 2315000000,
        "costOfRevenue": 0,
        "grossProfit": 2315000000,
        "grossProfitRatio": 1,
        "researchAndDevelopmentExpenses": 0,
        "generalAndAdministrativeExpenses": 272000000,
        "sellingAndMarketingExpenses": 0,
        "sellingGeneralAndAdministrativeExpenses": 272000000,
        "otherExpenses": 1650000000,
        "operatingExpenses": 1922000000,
        "costAndExpenses": 1958000000,
        "interestIncome": 0,
        "interestExpense": 36000000,
        "depreciationAndAmortization": 21000000,
        "ebitda": 404000000,
        "ebitdaratio": 0.1745140389,
        "operatingIncome": 383000000,
        "operatingIncomeRatio": 0.1654427646,
        "totalOtherIncomeExpensesNet": -26000000,
        "incomeBeforeTax": 357000000,
        "incomeBeforeTaxRatio": 0.1542116631,
        "incomeTaxExpense": 102000000,
        "netIncome": 245000000,
        "netIncomeRatio": 0.1058315335,
        "eps": 0.82,
        "epsdiluted": 0.82,
        "weightedAverageShsOut": 269100000,
        "weightedAverageShsOutDil": 269200000,
        "link": "https://www.sec.gov/Archives/edgar/data/21175/000095012310042568/0000950123-10-042568-index.htm",
        "finalLink": "https://www.sec.gov/Archives/edgar/data/21175/000095012310042568/c57815e10vq.htm"
    },
    {
        "date": "2009-12-31",
        "symbol": "CNA",
        "reportedCurrency": "USD",
        "cik": "0000021175",
        "fillingDate": "2010-02-23",
        "acceptedDate": "2010-02-23 13:19:41",
        "calendarYear": "2009",
        "period": "Q4",
        "revenue": 2398000000,
        "costOfRevenue": 0,
        "grossProfit": 2398000000,
        "grossProfitRatio": 1,
        "researchAndDevelopmentExpenses": 0,
        "generalAndAdministrativeExpenses": 283000000,
        "sellingAndMarketingExpenses": 0,
        "sellingGeneralAndAdministrativeExpenses": 283000000,
        "otherExpenses": 1725000000,
        "operatingExpenses": 2008000000,
        "costAndExpenses": 2041000000,
        "interestIncome": 0,
        "interestExpense": 33000000,
        "depreciationAndAmortization": 23000000,
        "ebitda": 389000000,
        "ebitdaratio": 0.1622185154,
        "operatingIncome": 366000000,
        "operatingIncomeRatio": 0.1526271893,
        "totalOtherIncomeExpensesNet": -9000000,
        "incomeBeforeTax": 357000000,
        "incomeBeforeTaxRatio": 0.1488740617,
        "incomeTaxExpense": 87000000,
        "netIncome": 246000000,
        "netIncomeRatio": 0.1025854879,
        "eps": 0.91,
        "epsdiluted": 0.91,
        "weightedAverageShsOut": 269000000,
        "weightedAverageShsOutDil": 269100000,
        "link": "https://www.sec.gov/Archives/edgar/data/21175/000095012310015622/0000950123-10-015622-index.htm",
        "finalLink": "https://www.sec.gov/Archives/edgar/data/21175/000095012310015622/c56164e10vk.htm"
    },
    {
        "date": "2009-09-30",
        "symbol": "CNA",
        "reportedCurrency": "USD",
        "cik": "0000021175",
        "fillingDate": "2009-11-02",
        "acceptedDate": "2009-11-02 12:18:46",
        "calendarYear": "2009",
        "period": "Q3",
        "revenue": 2340000000,
        "costOfRevenue": 272000000,
        "grossProfit": 2068000000,
        "grossProfitRatio": 0.8837606838,
        "researchAndDevelopmentExpenses": 0,
        "generalAndAdministrativeExpenses": 272000000,
        "sellingAndMarketingExpenses": 0,
        "sellingGeneralAndAdministrativeExpenses": 272000000,
        "otherExpenses": 1648000000,
        "operatingExpenses": 1920000000,
        "costAndExpenses": 1954000000,
        "interestIncome": 0,
        "interestExpense": 34000000,
        "depreciationAndAmortization": 21000000,
        "ebitda": 278000000,
        "ebitdaratio": 0.1188034188,
        "operatingIncome": 278000000,
        "operatingIncomeRatio": 0.1188034188,
        "totalOtherIncomeExpensesNet": 108000000,
        "incomeBeforeTax": 386000000,
        "incomeBeforeTaxRatio": 0.164957265,
        "incomeTaxExpense": 108000000,
        "netIncome": 263000000,
        "netIncomeRatio": 0.1123931624,
        "eps": 0.86,
        "epsdiluted": 0.86,
        "weightedAverageShsOut": 269000000,
        "weightedAverageShsOutDil": 269200000,
        "link": "https://www.sec.gov/Archives/edgar/data/21175/000095012309056086/0000950123-09-056086-index.htm",
        "finalLink": "https://www.sec.gov/Archives/edgar/data/21175/000095012309056086/c54348e10vq.htm"
    },
    {
        "date": "2009-06-30",
        "symbol": "CNA",
        "reportedCurrency": "USD",
        "cik": "0000021175",
        "fillingDate": "2009-08-03",
        "acceptedDate": "2009-08-03 15:34:52",
        "calendarYear": "2009",
        "period": "Q2",
        "revenue": 2096000000,
        "costOfRevenue": 291000000,
        "grossProfit": 1805000000,
        "grossProfitRatio": 0.8611641221,
        "researchAndDevelopmentExpenses": 0,
        "generalAndAdministrativeExpenses": 291000000,
        "sellingAndMarketingExpenses": 0,
        "sellingGeneralAndAdministrativeExpenses": 291000000,
        "otherExpenses": 1643000000,
        "operatingExpenses": 1934000000,
        "costAndExpenses": 1964000000,
        "interestIncome": 0,
        "interestExpense": 30000000,
        "depreciationAndAmortization": 21000000,
        "ebitda": 120000000,
        "ebitdaratio": 0.0572519084,
        "operatingIncome": 120000000,
        "operatingIncomeRatio": 0.0572519084,
        "totalOtherIncomeExpensesNet": 12000000,
        "incomeBeforeTax": 132000000,
        "incomeBeforeTaxRatio": 0.0629770992,
        "incomeTaxExpense": 12000000,
        "netIncome": 105000000,
        "netIncomeRatio": 0.0500954198,
        "eps": 0.27,
        "epsdiluted": 0.27,
        "weightedAverageShsOut": 269000000,
        "weightedAverageShsOutDil": 269000000,
        "link": "https://www.sec.gov/Archives/edgar/data/21175/000095012309028874/0000950123-09-028874-index.htm",
        "finalLink": "https://www.sec.gov/Archives/edgar/data/21175/000095012309028874/c52427e10vq.htm"
    },
    {
        "date": "2009-03-31",
        "symbol": "CNA",
        "reportedCurrency": "USD",
        "cik": "0000021175",
        "fillingDate": "2009-05-04",
        "acceptedDate": "2009-05-04 13:11:24",
        "calendarYear": "2009",
        "period": "Q1",
        "revenue": 1638000000,
        "costOfRevenue": 0,
        "grossProfit": 1638000000,
        "grossProfitRatio": 1,
        "researchAndDevelopmentExpenses": 0,
        "generalAndAdministrativeExpenses": 251000000,
        "sellingAndMarketingExpenses": 0,
        "sellingGeneralAndAdministrativeExpenses": 251000000,
        "otherExpenses": 1691000000,
        "operatingExpenses": 1942000000,
        "costAndExpenses": 1973000000,
        "interestIncome": 0,
        "interestExpense": 31000000,
        "depreciationAndAmortization": 21000000,
        "ebitda": -293000000,
        "ebitdaratio": -0.1788766789,
        "operatingIncome": -314000000,
        "operatingIncomeRatio": -0.1916971917,
        "totalOtherIncomeExpensesNet": -21000000,
        "incomeBeforeTax": -335000000,
        "incomeBeforeTaxRatio": -0.2045177045,
        "incomeTaxExpense": -150000000,
        "netIncome": -195000000,
        "netIncomeRatio": -0.119047619,
        "eps": -0.72,
        "epsdiluted": -0.72,
        "weightedAverageShsOut": 269000000,
        "weightedAverageShsOutDil": 269000000,
        "link": "https://www.sec.gov/Archives/edgar/data/21175/000095013709003563/0000950137-09-003563-index.htm",
        "finalLink": "https://www.sec.gov/Archives/edgar/data/21175/000095013709003563/c50977e10vq.htm"
    },
    {
        "date": "2008-12-31",
        "symbol": "CNA",
        "reportedCurrency": "USD",
        "cik": "0000021175",
        "fillingDate": "2009-02-24",
        "acceptedDate": "2009-02-24 12:40:46",
        "calendarYear": "2008",
        "period": "Q4",
        "revenue": 1537000000,
        "costOfRevenue": 0,
        "grossProfit": 1537000000,
        "grossProfitRatio": 1,
        "researchAndDevelopmentExpenses": 0,
        "generalAndAdministrativeExpenses": 313000000,
        "sellingAndMarketingExpenses": 0,
        "sellingGeneralAndAdministrativeExpenses": 313000000,
        "otherExpenses": 1727000000,
        "operatingExpenses": 2040000000,
        "costAndExpenses": 2074000000,
        "interestIncome": 0,
        "interestExpense": 34000000,
        "depreciationAndAmortization": 22000000,
        "ebitda": -499000000,
        "ebitdaratio": -0.3246584255,
        "operatingIncome": -521000000,
        "operatingIncomeRatio": -0.3389720234,
        "totalOtherIncomeExpensesNet": -16000000,
        "incomeBeforeTax": -537000000,
        "incomeBeforeTaxRatio": -0.3493819128,
        "incomeTaxExpense": -219000000,
        "netIncome": -336000000,
        "netIncomeRatio": -0.2186076773,
        "eps": -1.25,
        "epsdiluted": -1.25,
        "weightedAverageShsOut": 268800000,
        "weightedAverageShsOutDil": 269000000,
        "link": "https://www.sec.gov/Archives/edgar/data/21175/000095013709001250/0000950137-09-001250-index.htm",
        "finalLink": "https://www.sec.gov/Archives/edgar/data/21175/000095013709001250/c48758e10vk.htm"
    },
    {
        "date": "2008-09-30",
        "symbol": "CNA",
        "reportedCurrency": "USD",
        "cik": "0000021175",
        "fillingDate": "2008-10-28",
        "acceptedDate": "2008-10-28 13:54:46",
        "calendarYear": "2008",
        "period": "Q3",
        "revenue": 1659000000,
        "costOfRevenue": 294000000,
        "grossProfit": 1365000000,
        "grossProfitRatio": 0.8227848101,
        "researchAndDevelopmentExpenses": 0,
        "generalAndAdministrativeExpenses": 294000000,
        "sellingAndMarketingExpenses": 0,
        "sellingGeneralAndAdministrativeExpenses": 294000000,
        "otherExpenses": 1874000000,
        "operatingExpenses": 2168000000,
        "costAndExpenses": 2201000000,
        "interestIncome": 0,
        "interestExpense": 33000000,
        "depreciationAndAmortization": 20000000,
        "ebitda": -340000000,
        "ebitdaratio": -0.2049427366,
        "operatingIncome": -340000000,
        "operatingIncomeRatio": -0.2049427366,
        "totalOtherIncomeExpensesNet": -202000000,
        "incomeBeforeTax": -542000000,
        "incomeBeforeTaxRatio": -0.326702833,
        "incomeTaxExpense": -218000000,
        "netIncome": -331000000,
        "netIncomeRatio": -0.1995177818,
        "eps": -1.23,
        "epsdiluted": -1.23,
        "weightedAverageShsOut": 269000000,
        "weightedAverageShsOutDil": 269100000,
        "link": "https://www.sec.gov/Archives/edgar/data/21175/000095013708013170/0000950137-08-013170-index.htm",
        "finalLink": "https://www.sec.gov/Archives/edgar/data/21175/000095013708013170/c46719e10vq.htm"
    },
    {
        "date": "2008-06-30",
        "symbol": "CNA",
        "reportedCurrency": "USD",
        "cik": "0000021175",
        "fillingDate": "2008-07-29",
        "acceptedDate": "2008-07-29 17:04:31",
        "calendarYear": "2008",
        "period": "Q2",
        "revenue": 2321000000,
        "costOfRevenue": 203000000,
        "grossProfit": 2118000000,
        "grossProfitRatio": 0.9125376993,
        "researchAndDevelopmentExpenses": 0,
        "generalAndAdministrativeExpenses": 203000000,
        "sellingAndMarketingExpenses": 0,
        "sellingGeneralAndAdministrativeExpenses": 203000000,
        "otherExpenses": 1832000000,
        "operatingExpenses": 2035000000,
        "costAndExpenses": 2068000000,
        "interestIncome": 0,
        "interestExpense": 33000000,
        "depreciationAndAmortization": 18000000,
        "ebitda": 179000000,
        "ebitdaratio": 0.0771219302,
        "operatingIncome": 179000000,
        "operatingIncomeRatio": 0.0771219302,
        "totalOtherIncomeExpensesNet": 74000000,
        "incomeBeforeTax": 253000000,
        "incomeBeforeTaxRatio": 0.1090047393,
        "incomeTaxExpense": 62000000,
        "netIncome": 181000000,
        "netIncomeRatio": 0.0779836277,
        "eps": 0.67,
        "epsdiluted": 0.67,
        "weightedAverageShsOut": 269000000,
        "weightedAverageShsOutDil": 269100000,
        "link": "https://www.sec.gov/Archives/edgar/data/21175/000095013708009814/0000950137-08-009814-index.htm",
        "finalLink": "https://www.sec.gov/Archives/edgar/data/21175/000095013708009814/c33074e10vq.htm"
    },
    {
        "date": "2008-03-31",
        "symbol": "CNA",
        "reportedCurrency": "USD",
        "cik": "0000021175",
        "fillingDate": "2008-04-29",
        "acceptedDate": "2008-04-29 12:03:06",
        "calendarYear": "2008",
        "period": "Q1",
        "revenue": 2282000000,
        "costOfRevenue": 0,
        "grossProfit": 2282000000,
        "grossProfitRatio": 1,
        "researchAndDevelopmentExpenses": 0,
        "generalAndAdministrativeExpenses": 227000000,
        "sellingAndMarketingExpenses": 0,
        "sellingGeneralAndAdministrativeExpenses": 227000000,
        "otherExpenses": 1757000000,
        "operatingExpenses": 1984000000,
        "costAndExpenses": 2018000000,
        "interestIncome": 0,
        "interestExpense": 34000000,
        "depreciationAndAmortization": 18000000,
        "ebitda": 303000000,
        "ebitdaratio": 0.1327782647,
        "operatingIncome": 285000000,
        "operatingIncomeRatio": 0.124890447,
        "totalOtherIncomeExpensesNet": -21000000,
        "incomeBeforeTax": 264000000,
        "incomeBeforeTaxRatio": 0.115687993,
        "incomeTaxExpense": 64000000,
        "netIncome": 187000000,
        "netIncomeRatio": 0.0819456617,
        "eps": 0.69,
        "epsdiluted": 0.69,
        "weightedAverageShsOut": 270700000,
        "weightedAverageShsOutDil": 270800000,
        "link": "https://www.sec.gov/Archives/edgar/data/21175/000095013708006240/0000950137-08-006240-index.htm",
        "finalLink": "https://www.sec.gov/Archives/edgar/data/21175/000095013708006240/c26045e10vq.htm"
    },
    {
        "date": "2007-12-31",
        "symbol": "CNA",
        "reportedCurrency": "USD",
        "cik": "0000021175",
        "fillingDate": "2008-02-26",
        "acceptedDate": "2008-02-25 18:48:45",
        "calendarYear": "2007",
        "period": "Q4",
        "revenue": 2198000000,
        "costOfRevenue": 0,
        "grossProfit": 2198000000,
        "grossProfitRatio": 1,
        "researchAndDevelopmentExpenses": 0,
        "generalAndAdministrativeExpenses": 0,
        "sellingAndMarketingExpenses": 0,
        "sellingGeneralAndAdministrativeExpenses": 0,
        "otherExpenses": 2168000000,
        "operatingExpenses": 2168000000,
        "costAndExpenses": 2204000000,
        "interestIncome": 0,
        "interestExpense": 36000000,
        "depreciationAndAmortization": -39000000,
        "ebitda": 179000000,
        "ebitdaratio": 0.0814376706,
        "operatingIncome": 163000000,
        "operatingIncomeRatio": 0.0741583258,
        "totalOtherIncomeExpensesNet": -6000000,
        "incomeBeforeTax": -6000000,
        "incomeBeforeTaxRatio": -0.0027297543,
        "incomeTaxExpense": -37000000,
        "netIncome": 164000000,
        "netIncomeRatio": 0.0746132848,
        "eps": 0.61,
        "epsdiluted": 0.61,
        "weightedAverageShsOut": 270700000,
        "weightedAverageShsOutDil": 270700000,
        "link": "https://www.sec.gov/Archives/edgar/data/21175/000095013708002701/0000950137-08-002701-index.htm",
        "finalLink": "https://www.sec.gov/Archives/edgar/data/21175/000095013708002701/c23921e10vk.htm"
    },
    {
        "date": "2007-09-30",
        "symbol": "CNA",
        "reportedCurrency": "USD",
        "cik": "0000021175",
        "fillingDate": "2007-10-30",
        "acceptedDate": "2007-10-30 16:10:56",
        "calendarYear": "2007",
        "period": "Q3",
        "revenue": 2541000000,
        "costOfRevenue": 244000000,
        "grossProfit": 2297000000,
        "grossProfitRatio": 0.9039748131,
        "researchAndDevelopmentExpenses": 0,
        "generalAndAdministrativeExpenses": 0,
        "sellingAndMarketingExpenses": 0,
        "sellingGeneralAndAdministrativeExpenses": 0,
        "otherExpenses": 2203000000,
        "operatingExpenses": 2203000000,
        "costAndExpenses": 2238000000,
        "interestIncome": 0,
        "interestExpense": 35000000,
        "depreciationAndAmortization": -45000000,
        "ebitda": 174000000,
        "ebitdaratio": 0.0684769776,
        "operatingIncome": 174000000,
        "operatingIncomeRatio": 0.0684769776,
        "totalOtherIncomeExpensesNet": 72000000,
        "incomeBeforeTax": 303000000,
        "incomeBeforeTaxRatio": 0.119244392,
        "incomeTaxExpense": 75000000,
        "netIncome": 174000000,
        "netIncomeRatio": 0.0684769776,
        "eps": 0.64,
        "epsdiluted": 0.64,
        "weightedAverageShsOut": 271600000,
        "weightedAverageShsOutDil": 271900000,
        "link": "https://www.sec.gov/Archives/edgar/data/21175/000095013707016219/0000950137-07-016219-index.htm",
        "finalLink": "https://www.sec.gov/Archives/edgar/data/21175/000095013707016219/c19629e10vq.htm"
    },
    {
        "date": "2007-06-30",
        "symbol": "CNA",
        "reportedCurrency": "USD",
        "cik": "0000021175",
        "fillingDate": "2007-07-30",
        "acceptedDate": "2007-07-30 13:32:07",
        "calendarYear": "2007",
        "period": "Q2",
        "revenue": 2608000000,
        "costOfRevenue": 260000000,
        "grossProfit": 2348000000,
        "grossProfitRatio": 0.9003067485,
        "researchAndDevelopmentExpenses": 0,
        "generalAndAdministrativeExpenses": 0,
        "sellingAndMarketingExpenses": 0,
        "sellingGeneralAndAdministrativeExpenses": 0,
        "otherExpenses": 2105000000,
        "operatingExpenses": 2105000000,
        "costAndExpenses": 2140000000,
        "interestIncome": 0,
        "interestExpense": 35000000,
        "depreciationAndAmortization": -61000000,
        "ebitda": 227000000,
        "ebitdaratio": 0.0870398773,
        "operatingIncome": 227000000,
        "operatingIncomeRatio": 0.0870398773,
        "totalOtherIncomeExpensesNet": 102000000,
        "incomeBeforeTax": 468000000,
        "incomeBeforeTaxRatio": 0.1794478528,
        "incomeTaxExpense": 139000000,
        "netIncome": 217000000,
        "netIncomeRatio": 0.0832055215,
        "eps": 0.8,
        "epsdiluted": 0.8,
        "weightedAverageShsOut": 271600000,
        "weightedAverageShsOutDil": 271900000,
        "link": "https://www.sec.gov/Archives/edgar/data/21175/000095013707010761/0000950137-07-010761-index.htm",
        "finalLink": "https://www.sec.gov/Archives/edgar/data/21175/000095013707010761/c17088e10vq.htm"
    },
    {
        "date": "2007-03-31",
        "symbol": "CNA",
        "reportedCurrency": "USD",
        "cik": "0000021175",
        "fillingDate": "2007-04-30",
        "acceptedDate": "2007-04-30 11:28:55",
        "calendarYear": "2007",
        "period": "Q1",
        "revenue": 2517000000,
        "costOfRevenue": 0,
        "grossProfit": 2517000000,
        "grossProfitRatio": 1,
        "researchAndDevelopmentExpenses": 0,
        "generalAndAdministrativeExpenses": 0,
        "sellingAndMarketingExpenses": 0,
        "sellingGeneralAndAdministrativeExpenses": 0,
        "otherExpenses": 2047000000,
        "operatingExpenses": 2047000000,
        "costAndExpenses": 2081000000,
        "interestIncome": 0,
        "interestExpense": 34000000,
        "depreciationAndAmortization": -43000000,
        "ebitda": 419000000,
        "ebitdaratio": 0.1664680175,
        "operatingIncome": 462000000,
        "operatingIncomeRatio": 0.1835518474,
        "totalOtherIncomeExpensesNet": -26000000,
        "incomeBeforeTax": 436000000,
        "incomeBeforeTaxRatio": 0.1732220898,
        "incomeTaxExpense": 132000000,
        "netIncome": 296000000,
        "netIncomeRatio": 0.1176003178,
        "eps": 1.09,
        "epsdiluted": 1.09,
        "weightedAverageShsOut": 271300000,
        "weightedAverageShsOutDil": 271600000,
        "link": "https://www.sec.gov/Archives/edgar/data/21175/000095013707006287/0000950137-07-006287-index.htm",
        "finalLink": "https://www.sec.gov/Archives/edgar/data/21175/000095013707006287/c14553e10vq.htm"
    },
    {
        "date": "2006-12-31",
        "symbol": "CNA",
        "reportedCurrency": "USD",
        "cik": "0000021175",
        "fillingDate": "2007-02-23",
        "acceptedDate": "2007-02-23 12:53:48",
        "calendarYear": "2006",
        "period": "Q4",
        "revenue": 2843000000,
        "costOfRevenue": 0,
        "grossProfit": 2843000000,
        "grossProfitRatio": 1,
        "researchAndDevelopmentExpenses": 0,
        "generalAndAdministrativeExpenses": 0,
        "sellingAndMarketingExpenses": 0,
        "sellingGeneralAndAdministrativeExpenses": 0,
        "otherExpenses": 2307000000,
        "operatingExpenses": 2307000000,
        "costAndExpenses": 2345000000,
        "interestIncome": 0,
        "interestExpense": 38000000,
        "depreciationAndAmortization": -261000000,
        "ebitda": 236000000,
        "ebitdaratio": 0.083010904,
        "operatingIncome": 497000000,
        "operatingIncomeRatio": 0.1748153359,
        "totalOtherIncomeExpensesNet": 1000000,
        "incomeBeforeTax": 498000000,
        "incomeBeforeTaxRatio": 0.175167077,
        "incomeTaxExpense": 130000000,
        "netIncome": 329000000,
        "netIncomeRatio": 0.115722828,
        "eps": 1.21,
        "epsdiluted": 1.21,
        "weightedAverageShsOut": 271300000,
        "weightedAverageShsOutDil": 271300000,
        "link": "https://www.sec.gov/Archives/edgar/data/21175/000095013707002661/0000950137-07-002661-index.htm",
        "finalLink": "https://www.sec.gov/Archives/edgar/data/21175/000095013707002661/c12423e10vk.htm"
    },
    {
        "date": "2006-09-30",
        "symbol": "CNA",
        "reportedCurrency": "USD",
        "cik": "0000021175",
        "fillingDate": "2006-11-03",
        "acceptedDate": "2006-11-03 10:55:48",
        "calendarYear": "2006",
        "period": "Q3",
        "revenue": 2620000000,
        "costOfRevenue": 224000000,
        "grossProfit": 2396000000,
        "grossProfitRatio": 0.9145038168,
        "researchAndDevelopmentExpenses": 0,
        "generalAndAdministrativeExpenses": 0,
        "sellingAndMarketingExpenses": 0,
        "sellingGeneralAndAdministrativeExpenses": 0,
        "otherExpenses": 2136000000,
        "operatingExpenses": 2136000000,
        "costAndExpenses": 2171000000,
        "interestIncome": 0,
        "interestExpense": 35000000,
        "depreciationAndAmortization": 163000000,
        "ebitda": 305000000,
        "ebitdaratio": 0.1164122137,
        "operatingIncome": 305000000,
        "operatingIncomeRatio": 0.1164122137,
        "totalOtherIncomeExpensesNet": 123000000,
        "incomeBeforeTax": 449000000,
        "incomeBeforeTaxRatio": 0.1713740458,
        "incomeTaxExpense": 131000000,
        "netIncome": 311000000,
        "netIncomeRatio": 0.1187022901,
        "eps": 1.15,
        "epsdiluted": 1.15,
        "weightedAverageShsOut": 265000000,
        "weightedAverageShsOutDil": 265200000,
        "link": "https://www.sec.gov/Archives/edgar/data/21175/000095013706011794/0000950137-06-011794-index.htm",
        "finalLink": "https://www.sec.gov/Archives/edgar/data/21175/000095013706011794/c09400e10vq.htm"
    },
    {
        "date": "2006-06-30",
        "symbol": "CNA",
        "reportedCurrency": "USD",
        "cik": "0000021175",
        "fillingDate": "2006-08-01",
        "acceptedDate": "2006-08-01 12:10:35",
        "calendarYear": "2006",
        "period": "Q2",
        "revenue": 2412000000,
        "costOfRevenue": 242000000,
        "grossProfit": 2170000000,
        "grossProfitRatio": 0.899668325,
        "researchAndDevelopmentExpenses": 0,
        "generalAndAdministrativeExpenses": 0,
        "sellingAndMarketingExpenses": 0,
        "sellingGeneralAndAdministrativeExpenses": 0,
        "otherExpenses": 2046000000,
        "operatingExpenses": 2046000000,
        "costAndExpenses": 2061000000,
        "interestIncome": 0,
        "interestExpense": 28000000,
        "depreciationAndAmortization": -78000000,
        "ebitda": 241000000,
        "ebitdaratio": 0.0999170813,
        "operatingIncome": 241000000,
        "operatingIncomeRatio": 0.0999170813,
        "totalOtherIncomeExpensesNet": 208000000,
        "incomeBeforeTax": 351000000,
        "incomeBeforeTaxRatio": 0.1455223881,
        "incomeTaxExpense": 100000000,
        "netIncome": 239000000,
        "netIncomeRatio": 0.0990878939,
        "eps": 0.86,
        "epsdiluted": 0.86,
        "weightedAverageShsOut": 256000000,
        "weightedAverageShsOutDil": 256000000,
        "link": "https://www.sec.gov/Archives/edgar/data/21175/000095013706008342/0000950137-06-008342-index.htm",
        "finalLink": "https://www.sec.gov/Archives/edgar/data/21175/000095013706008342/c07057e10vq.htm"
    },
    {
        "date": "2006-03-31",
        "symbol": "CNA",
        "reportedCurrency": "USD",
        "cik": "0000021175",
        "fillingDate": "2006-05-02",
        "acceptedDate": "2006-05-02 11:28:49",
        "calendarYear": "2006",
        "period": "Q1",
        "revenue": 2501000000,
        "costOfRevenue": 0,
        "grossProfit": 2501000000,
        "grossProfitRatio": 1,
        "researchAndDevelopmentExpenses": 0,
        "generalAndAdministrativeExpenses": 0,
        "sellingAndMarketingExpenses": 0,
        "sellingGeneralAndAdministrativeExpenses": 0,
        "otherExpenses": 2119000000,
        "operatingExpenses": 2119000000,
        "costAndExpenses": 2149000000,
        "interestIncome": 0,
        "interestExpense": 30000000,
        "depreciationAndAmortization": -50000000,
        "ebitda": 317000000,
        "ebitdaratio": 0.1267493003,
        "operatingIncome": 367000000,
        "operatingIncomeRatio": 0.1467413035,
        "totalOtherIncomeExpensesNet": -15000000,
        "incomeBeforeTax": 352000000,
        "incomeBeforeTaxRatio": 0.1407437025,
        "incomeTaxExpense": 108000000,
        "netIncome": 229000000,
        "netIncomeRatio": 0.0915633747,
        "eps": 0.82,
        "epsdiluted": 0.82,
        "weightedAverageShsOut": 256000000,
        "weightedAverageShsOutDil": 256000000,
        "link": "https://www.sec.gov/Archives/edgar/data/21175/000095013706005233/0000950137-06-005233-index.htm",
        "finalLink": "https://www.sec.gov/Archives/edgar/data/21175/000095013706005233/c04715e10vq.htm"
    },
    {
        "date": "2005-12-31",
        "symbol": "CNA",
        "reportedCurrency": "USD",
        "cik": "0000021175",
        "fillingDate": "2006-03-08",
        "acceptedDate": "2006-03-08 16:29:41",
        "calendarYear": "2005",
        "period": "Q4",
        "revenue": 2408000000,
        "costOfRevenue": 0,
        "grossProfit": 2408000000,
        "grossProfitRatio": 1,
        "researchAndDevelopmentExpenses": 0,
        "generalAndAdministrativeExpenses": 0,
        "sellingAndMarketingExpenses": 0,
        "sellingGeneralAndAdministrativeExpenses": 0,
        "otherExpenses": 2756000000,
        "operatingExpenses": 2756000000,
        "costAndExpenses": 2784000000,
        "interestIncome": 0,
        "interestExpense": 28000000,
        "depreciationAndAmortization": -56000000,
        "ebitda": -391000000,
        "ebitdaratio": -0.1623754153,
        "operatingIncome": -335000000,
        "operatingIncomeRatio": -0.1391196013,
        "totalOtherIncomeExpensesNet": -41000000,
        "incomeBeforeTax": -376000000,
        "incomeBeforeTaxRatio": -0.1561461794,
        "incomeTaxExpense": -158000000,
        "netIncome": -205000000,
        "netIncomeRatio": -0.0851328904,
        "eps": -0.8,
        "epsdiluted": -0.8,
        "weightedAverageShsOut": 256000000,
        "weightedAverageShsOutDil": 256000000,
        "link": "https://www.sec.gov/Archives/edgar/data/21175/000095013706002738/0000950137-06-002738-index.htm",
        "finalLink": "https://www.sec.gov/Archives/edgar/data/21175/000095013706002738/c03056e10vk.htm"
    },
    {
        "date": "2005-09-30",
        "symbol": "CNA",
        "reportedCurrency": "USD",
        "cik": "0000021175",
        "fillingDate": "2005-10-28",
        "acceptedDate": "2005-10-28 11:55:44",
        "calendarYear": "2005",
        "period": "Q3",
        "revenue": 2520000000,
        "costOfRevenue": 241000000,
        "grossProfit": 2279000000,
        "grossProfitRatio": 0.9043650794,
        "researchAndDevelopmentExpenses": 0,
        "generalAndAdministrativeExpenses": 0,
        "sellingAndMarketingExpenses": 0,
        "sellingGeneralAndAdministrativeExpenses": 0,
        "otherExpenses": 2528000000,
        "operatingExpenses": 2528000000,
        "costAndExpenses": 2557000000,
        "interestIncome": 0,
        "interestExpense": 29000000,
        "depreciationAndAmortization": -16000000,
        "ebitda": -24000000,
        "ebitdaratio": -0.0095238095,
        "operatingIncome": -19000000,
        "operatingIncomeRatio": -0.0075396825,
        "totalOtherIncomeExpensesNet": -18000000,
        "incomeBeforeTax": -37000000,
        "incomeBeforeTaxRatio": -0.0146825397,
        "incomeTaxExpense": -51000000,
        "netIncome": 3000000,
        "netIncomeRatio": 0.0011904762,
        "eps": -0.04,
        "epsdiluted": -0.04,
        "weightedAverageShsOut": 256000000,
        "weightedAverageShsOutDil": 256000000,
        "link": "https://www.sec.gov/Archives/edgar/data/21175/000095013705013027/0000950137-05-013027-index.htm",
        "finalLink": "https://www.sec.gov/Archives/edgar/data/21175/000095013705013027/c99419e10vq.htm"
    },
    {
        "date": "2005-06-30",
        "symbol": "CNA",
        "reportedCurrency": "USD",
        "cik": "0000021175",
        "fillingDate": "2005-07-29",
        "acceptedDate": "2005-07-29 16:51:26",
        "calendarYear": "2005",
        "period": "Q2",
        "revenue": 2570000000,
        "costOfRevenue": 251000000,
        "grossProfit": 2319000000,
        "grossProfitRatio": 0.9023346304,
        "researchAndDevelopmentExpenses": 0,
        "generalAndAdministrativeExpenses": 0,
        "sellingAndMarketingExpenses": 0,
        "sellingGeneralAndAdministrativeExpenses": 0,
        "otherExpenses": 2206000000,
        "operatingExpenses": 2206000000,
        "costAndExpenses": 2236000000,
        "interestIncome": 0,
        "interestExpense": 30000000,
        "depreciationAndAmortization": -19000000,
        "ebitda": 345000000,
        "ebitdaratio": 0.1342412451,
        "operatingIncome": 366000000,
        "operatingIncomeRatio": 0.1424124514,
        "totalOtherIncomeExpensesNet": 334000000,
        "incomeBeforeTax": 334000000,
        "incomeBeforeTaxRatio": 0.1299610895,
        "incomeTaxExpense": 48000000,
        "netIncome": 288000000,
        "netIncomeRatio": 0.1120622568,
        "eps": 1.06,
        "epsdiluted": 1.06,
        "weightedAverageShsOut": 256000000,
        "weightedAverageShsOutDil": 256000000,
        "link": "https://www.sec.gov/Archives/edgar/data/21175/000095013705009302/0000950137-05-009302-index.htm",
        "finalLink": "https://www.sec.gov/Archives/edgar/data/21175/000095013705009302/c97086e10vq.htm"
    },
    {
        "date": "2005-03-31",
        "symbol": "CNA",
        "reportedCurrency": "USD",
        "cik": "0000021175",
        "fillingDate": "2005-05-10",
        "acceptedDate": "2005-05-10 17:30:33",
        "calendarYear": "2005",
        "period": "Q1",
        "revenue": 2364000000,
        "costOfRevenue": 0,
        "grossProfit": 2364000000,
        "grossProfitRatio": 1,
        "researchAndDevelopmentExpenses": 0,
        "generalAndAdministrativeExpenses": 0,
        "sellingAndMarketingExpenses": 0,
        "sellingGeneralAndAdministrativeExpenses": 0,
        "otherExpenses": 2086000000,
        "operatingExpenses": 2086000000,
        "costAndExpenses": 2123000000,
        "interestIncome": 0,
        "interestExpense": 37000000,
        "depreciationAndAmortization": -8000000,
        "ebitda": 263000000,
        "ebitdaratio": 0.1112521151,
        "operatingIncome": 271000000,
        "operatingIncomeRatio": 0.1146362098,
        "totalOtherIncomeExpensesNet": -30000000,
        "incomeBeforeTax": 241000000,
        "incomeBeforeTaxRatio": 0.1019458545,
        "incomeTaxExpense": 56000000,
        "netIncome": 178000000,
        "netIncomeRatio": 0.0752961083,
        "eps": 0.66,
        "epsdiluted": 0.66,
        "weightedAverageShsOut": 256000000,
        "weightedAverageShsOutDil": 256000000,
        "link": "https://www.sec.gov/Archives/edgar/data/21175/000095013705005687/0000950137-05-005687-index.htm",
        "finalLink": "https://www.sec.gov/Archives/edgar/data/21175/000095013705005687/c94922e10vq.htm"
    },
    {
        "date": "2004-12-31",
        "symbol": "CNA",
        "reportedCurrency": "USD",
        "cik": "0000021175",
        "fillingDate": "2005-05-10",
        "acceptedDate": "2005-05-10 17:31:00",
        "calendarYear": "2004",
        "period": "Q4",
        "revenue": 2685000000,
        "costOfRevenue": 0,
        "grossProfit": 2685000000,
        "grossProfitRatio": 1,
        "researchAndDevelopmentExpenses": 0,
        "generalAndAdministrativeExpenses": 0,
        "sellingAndMarketingExpenses": 0,
        "sellingGeneralAndAdministrativeExpenses": 0,
        "otherExpenses": -2244000000,
        "operatingExpenses": -2244000000,
        "costAndExpenses": 2266000000,
        "interestIncome": 0,
        "interestExpense": 30000000,
        "depreciationAndAmortization": 27000000,
        "ebitda": 468000000,
        "ebitdaratio": 0.174301676,
        "operatingIncome": 441000000,
        "operatingIncomeRatio": 0.1642458101,
        "totalOtherIncomeExpensesNet": 419000000,
        "incomeBeforeTax": 419000000,
        "incomeBeforeTaxRatio": 0.1560521415,
        "incomeTaxExpense": 106000000,
        "netIncome": 305000000,
        "netIncomeRatio": 0.113594041,
        "eps": 1.19,
        "epsdiluted": 1.19,
        "weightedAverageShsOut": 256000000,
        "weightedAverageShsOutDil": 256000000,
        "link": "https://www.sec.gov/Archives/edgar/data/21175/000095013705005685/0000950137-05-005685-index.htm",
        "finalLink": "https://www.sec.gov/Archives/edgar/data/21175/000095013705005685/c94918a1e10vkza.htm"
    },
    {
        "date": "2004-09-30",
        "symbol": "CNA",
        "reportedCurrency": "USD",
        "cik": "0000021175",
        "fillingDate": "2004-10-29",
        "acceptedDate": "2004-10-29 16:43:18",
        "calendarYear": "2004",
        "period": "Q3",
        "revenue": 2317000000,
        "costOfRevenue": 393000000,
        "grossProfit": 1924000000,
        "grossProfitRatio": 0.8303841174,
        "researchAndDevelopmentExpenses": 0,
        "generalAndAdministrativeExpenses": 0,
        "sellingAndMarketingExpenses": 0,
        "sellingGeneralAndAdministrativeExpenses": 0,
        "otherExpenses": -1976000000,
        "operatingExpenses": -1976000000,
        "costAndExpenses": 2391000000,
        "interestIncome": 0,
        "interestExpense": 28000000,
        "depreciationAndAmortization": 20000000,
        "ebitda": -25000000,
        "ebitdaratio": -0.0107898144,
        "operatingIncome": -52000000,
        "operatingIncomeRatio": -0.022442814,
        "totalOtherIncomeExpensesNet": -21000000,
        "incomeBeforeTax": -74000000,
        "incomeBeforeTaxRatio": -0.0319378507,
        "incomeTaxExpense": -52000000,
        "netIncome": -28000000,
        "netIncomeRatio": -0.0120845921,
        "eps": -0.11,
        "epsdiluted": -0.11,
        "weightedAverageShsOut": 256000000,
        "weightedAverageShsOutDil": 256000000,
        "link": "https://www.sec.gov/Archives/edgar/data/21175/000095013704009227/0000950137-04-009227-index.htm",
        "finalLink": "https://www.sec.gov/Archives/edgar/data/21175/000095013704009227/c89162e10vq.htm"
    },
    {
        "date": "2004-06-30",
        "symbol": "CNA",
        "reportedCurrency": "USD",
        "cik": "0000021175",
        "fillingDate": "2004-08-02",
        "acceptedDate": "2004-08-02 17:28:47",
        "calendarYear": "2004",
        "period": "Q2",
        "revenue": 2663000000,
        "costOfRevenue": 375000000,
        "grossProfit": 2288000000,
        "grossProfitRatio": 0.8591813744,
        "researchAndDevelopmentExpenses": 0,
        "generalAndAdministrativeExpenses": 0,
        "sellingAndMarketingExpenses": 0,
        "sellingGeneralAndAdministrativeExpenses": 0,
        "otherExpenses": -1939000000,
        "operatingExpenses": -1939000000,
        "costAndExpenses": 2338000000,
        "interestIncome": 0,
        "interestExpense": 31000000,
        "depreciationAndAmortization": 17000000,
        "ebitda": 379000000,
        "ebitdaratio": 0.142320691,
        "operatingIncome": 349000000,
        "operatingIncomeRatio": 0.1310552009,
        "totalOtherIncomeExpensesNet": 331000000,
        "incomeBeforeTax": 325000000,
        "incomeBeforeTaxRatio": 0.1220428089,
        "incomeTaxExpense": 29000000,
        "netIncome": 289000000,
        "netIncomeRatio": 0.1085242208,
        "eps": 1.08,
        "epsdiluted": 1.08,
        "weightedAverageShsOut": 255900000,
        "weightedAverageShsOutDil": 255900000,
        "link": "https://www.sec.gov/Archives/edgar/data/21175/000095013704006086/0000950137-04-006086-index.htm",
        "finalLink": "https://www.sec.gov/Archives/edgar/data/21175/000095013704006086/c87155e10vq.htm"
    },
    {
        "date": "2004-03-31",
        "symbol": "CNA",
        "reportedCurrency": "USD",
        "cik": "0000021175",
        "fillingDate": "2004-04-30",
        "acceptedDate": "2004-04-30 15:47:39",
        "calendarYear": "2004",
        "period": "Q1",
        "revenue": 2265000000,
        "costOfRevenue": 0,
        "grossProfit": 2265000000,
        "grossProfitRatio": 1,
        "researchAndDevelopmentExpenses": 0,
        "generalAndAdministrativeExpenses": 0,
        "sellingAndMarketingExpenses": 0,
        "sellingGeneralAndAdministrativeExpenses": 0,
        "otherExpenses": -2409000000,
        "operatingExpenses": -2409000000,
        "costAndExpenses": 2438000000,
        "interestIncome": 0,
        "interestExpense": 35000000,
        "depreciationAndAmortization": 20000000,
        "ebitda": -117000000,
        "ebitdaratio": -0.0516556291,
        "operatingIncome": -144000000,
        "operatingIncomeRatio": -0.0635761589,
        "totalOtherIncomeExpensesNet": -29000000,
        "incomeBeforeTax": -173000000,
        "incomeBeforeTaxRatio": -0.0763796909,
        "incomeTaxExpense": -54000000,
        "netIncome": -125000000,
        "netIncomeRatio": -0.055187638,
        "eps": -0.49,
        "epsdiluted": -0.49,
        "weightedAverageShsOut": 255900000,
        "weightedAverageShsOutDil": 255900000,
        "link": "https://www.sec.gov/Archives/edgar/data/21175/000095013704003418/0000950137-04-003418-index.htm",
        "finalLink": "https://www.sec.gov/Archives/edgar/data/21175/000095013704003418/c84928e10vq.htm"
    },
    {
        "date": "2003-12-31",
        "symbol": "CNA",
        "reportedCurrency": "USD",
        "cik": "0000021175",
        "fillingDate": "2004-02-27",
        "acceptedDate": "2004-02-27 17:28:15",
        "calendarYear": "2003",
        "period": "Q4",
        "revenue": 3047000000,
        "costOfRevenue": 0,
        "grossProfit": 3047000000,
        "grossProfitRatio": 1,
        "researchAndDevelopmentExpenses": 0,
        "generalAndAdministrativeExpenses": 0,
        "sellingAndMarketingExpenses": 0,
        "sellingGeneralAndAdministrativeExpenses": 0,
        "otherExpenses": -2773000000,
        "operatingExpenses": -2773000000,
        "costAndExpenses": 2800000000,
        "interestIncome": 0,
        "interestExpense": 30000000,
        "depreciationAndAmortization": -12000000,
        "ebitda": 265000000,
        "ebitdaratio": 0.0869707909,
        "operatingIncome": 274000000,
        "operatingIncomeRatio": 0.0899245159,
        "totalOtherIncomeExpensesNet": -27000000,
        "incomeBeforeTax": 247000000,
        "incomeBeforeTaxRatio": 0.081063341,
        "incomeTaxExpense": 70000000,
        "netIncome": 174000000,
        "netIncomeRatio": 0.0571053495,
        "eps": 0.68,
        "epsdiluted": 0.68,
        "weightedAverageShsOut": 255900000,
        "weightedAverageShsOutDil": 255900000,
        "link": "https://www.sec.gov/Archives/edgar/data/21175/000095012404000588/0000950124-04-000588-index.htm",
        "finalLink": "https://www.sec.gov/Archives/edgar/data/21175/000095012404000588/c83244e10vk.htm"
    },
    {
        "date": "2003-09-30",
        "symbol": "CNA",
        "reportedCurrency": "USD",
        "cik": "0000021175",
        "fillingDate": "2003-11-14",
        "acceptedDate": "2003-11-14 15:54:34",
        "calendarYear": "2003",
        "period": "Q3",
        "revenue": 2725000000,
        "costOfRevenue": 945000000,
        "grossProfit": 1780000000,
        "grossProfitRatio": 0.6532110092,
        "researchAndDevelopmentExpenses": 0,
        "generalAndAdministrativeExpenses": 0,
        "sellingAndMarketingExpenses": 0,
        "sellingGeneralAndAdministrativeExpenses": 0,
        "otherExpenses": 0,
        "operatingExpenses": 3540000000,
        "costAndExpenses": 5505000000,
        "interestIncome": 0,
        "interestExpense": 33000000,
        "depreciationAndAmortization": 8000000,
        "ebitda": -1760000000,
        "ebitdaratio": -0.6458715596,
        "operatingIncome": -1760000000,
        "operatingIncomeRatio": -0.6458715596,
        "totalOtherIncomeExpensesNet": -1020000000,
        "incomeBeforeTax": -2780000000,
        "incomeBeforeTaxRatio": -1.0201834862,
        "incomeTaxExpense": -1006000000,
        "netIncome": -1760000000,
        "netIncomeRatio": -0.6458715596,
        "eps": -7.87,
        "epsdiluted": -7.87,
        "weightedAverageShsOut": 223600000,
        "weightedAverageShsOutDil": 223600000,
        "link": "https://www.sec.gov/Archives/edgar/data/21175/000095013703005980/0000950137-03-005980-index.htm",
        "finalLink": "https://www.sec.gov/Archives/edgar/data/21175/000095013703005980/c81024e10vq.htm"
    },
    {
        "date": "2003-06-30",
        "symbol": "CNA",
        "reportedCurrency": "USD",
        "cik": "0000021175",
        "fillingDate": "2003-08-08",
        "acceptedDate": "2003-08-08 17:02:47",
        "calendarYear": "2003",
        "period": "Q2",
        "revenue": 3099000000,
        "costOfRevenue": 441000000,
        "grossProfit": 2658000000,
        "grossProfitRatio": 0.857696031,
        "researchAndDevelopmentExpenses": 0,
        "generalAndAdministrativeExpenses": 0,
        "sellingAndMarketingExpenses": 0,
        "sellingGeneralAndAdministrativeExpenses": 0,
        "otherExpenses": 0,
        "operatingExpenses": 2588000000,
        "costAndExpenses": 3022000000,
        "interestIncome": 0,
        "interestExpense": 33000000,
        "depreciationAndAmortization": 32000000,
        "ebitda": 70000000,
        "ebitdaratio": 0.0225879316,
        "operatingIncome": 70000000,
        "operatingIncomeRatio": 0.0225879316,
        "totalOtherIncomeExpensesNet": 77000000,
        "incomeBeforeTax": 77000000,
        "incomeBeforeTaxRatio": 0.0248467247,
        "incomeTaxExpense": 5000000,
        "netIncome": 70000000,
        "netIncomeRatio": 0.0225879316,
        "eps": 0.25,
        "epsdiluted": 0.25,
        "weightedAverageShsOut": 223600000,
        "weightedAverageShsOutDil": 223600000,
        "link": "https://www.sec.gov/Archives/edgar/data/21175/000095013703004184/0000950137-03-004184-index.htm",
        "finalLink": "https://www.sec.gov/Archives/edgar/data/21175/000095013703004184/c78799e10vq.htm"
    },
    {
        "date": "2003-03-31",
        "symbol": "CNA",
        "reportedCurrency": "USD",
        "cik": "0000021175",
        "fillingDate": "2003-05-09",
        "acceptedDate": "2003-05-09 17:23:04",
        "calendarYear": "2003",
        "period": "Q1",
        "revenue": 2845000000,
        "costOfRevenue": 0,
        "grossProfit": 2845000000,
        "grossProfitRatio": 1,
        "researchAndDevelopmentExpenses": 0,
        "generalAndAdministrativeExpenses": 0,
        "sellingAndMarketingExpenses": 0,
        "sellingGeneralAndAdministrativeExpenses": 0,
        "otherExpenses": -2710000000,
        "operatingExpenses": -2710000000,
        "costAndExpenses": 2741000000,
        "interestIncome": 0,
        "interestExpense": 34000000,
        "depreciationAndAmortization": -21000000,
        "ebitda": 114000000,
        "ebitdaratio": 0.0400702988,
        "operatingIncome": 135000000,
        "operatingIncomeRatio": 0.0474516696,
        "totalOtherIncomeExpensesNet": -31000000,
        "incomeBeforeTax": 104000000,
        "incomeBeforeTaxRatio": 0.0365553603,
        "incomeTaxExpense": 18000000,
        "netIncome": 83000000,
        "netIncomeRatio": 0.0291739895,
        "eps": 0.3,
        "epsdiluted": 0.3,
        "weightedAverageShsOut": 223600000,
        "weightedAverageShsOutDil": 223600000,
        "link": "https://www.sec.gov/Archives/edgar/data/21175/000095013703002784/0000950137-03-002784-index.htm",
        "finalLink": "https://www.sec.gov/Archives/edgar/data/21175/000095013703002784/c76915e10vq.htm"
    },
    {
        "date": "2002-12-31",
        "symbol": "CNA",
        "reportedCurrency": "USD",
        "cik": "0000021175",
        "fillingDate": "2003-03-26",
        "acceptedDate": "2003-03-25 18:03:55",
        "calendarYear": "2002",
        "period": "Q4",
        "revenue": 2730000000,
        "costOfRevenue": 0,
        "grossProfit": 2730000000,
        "grossProfitRatio": 1,
        "researchAndDevelopmentExpenses": 0,
        "generalAndAdministrativeExpenses": 0,
        "sellingAndMarketingExpenses": 0,
        "sellingGeneralAndAdministrativeExpenses": 0,
        "otherExpenses": -2657000000,
        "operatingExpenses": -2657000000,
        "costAndExpenses": 2680000000,
        "interestIncome": 0,
        "interestExpense": 38000000,
        "depreciationAndAmortization": -21000000,
        "ebitda": 67000000,
        "ebitdaratio": 0.0245421245,
        "operatingIncome": 73000000,
        "operatingIncomeRatio": 0.0267399267,
        "totalOtherIncomeExpensesNet": -23000000,
        "incomeBeforeTax": 50000000,
        "incomeBeforeTaxRatio": 0.0183150183,
        "incomeTaxExpense": -10000000,
        "netIncome": 45000000,
        "netIncomeRatio": 0.0164835165,
        "eps": 0.2,
        "epsdiluted": 0.2,
        "weightedAverageShsOut": 223600000,
        "weightedAverageShsOutDil": 223600000,
        "link": "https://www.sec.gov/Archives/edgar/data/21175/000095013703001707/0000950137-03-001707-index.htm",
        "finalLink": "https://www.sec.gov/Archives/edgar/data/21175/000095013703001707/c75546e10vk.htm"
    },
    {
        "date": "2002-09-30",
        "symbol": "CNA",
        "reportedCurrency": "USD",
        "cik": "0000021175",
        "fillingDate": "2002-11-14",
        "acceptedDate": "2002-11-13 18:17:31",
        "calendarYear": "2002",
        "period": "Q3",
        "revenue": 2790000000,
        "costOfRevenue": 377000000,
        "grossProfit": 2413000000,
        "grossProfitRatio": 0.864874552,
        "researchAndDevelopmentExpenses": 0,
        "generalAndAdministrativeExpenses": 0,
        "sellingAndMarketingExpenses": 0,
        "sellingGeneralAndAdministrativeExpenses": 0,
        "otherExpenses": 0,
        "operatingExpenses": 2359000000,
        "costAndExpenses": 2712000000,
        "interestIncome": 0,
        "interestExpense": 37000000,
        "depreciationAndAmortization": -11000000,
        "ebitda": 54000000,
        "ebitdaratio": 0.0193548387,
        "operatingIncome": 54000000,
        "operatingIncomeRatio": 0.0193548387,
        "totalOtherIncomeExpensesNet": 24000000,
        "incomeBeforeTax": 78000000,
        "incomeBeforeTaxRatio": 0.0279569892,
        "incomeTaxExpense": 23000000,
        "netIncome": 54000000,
        "netIncomeRatio": 0.0193548387,
        "eps": 0.24,
        "epsdiluted": 0.24,
        "weightedAverageShsOut": 223600000,
        "weightedAverageShsOutDil": 223600000,
        "link": "https://www.sec.gov/Archives/edgar/data/21175/000095013702006215/0000950137-02-006215-index.htm",
        "finalLink": "https://www.sec.gov/Archives/edgar/data/21175/000095013702006215/c72872e10vq.htm"
    },
    {
        "date": "2002-06-30",
        "symbol": "CNA",
        "reportedCurrency": "USD",
        "cik": "0000021175",
        "fillingDate": "2002-08-14",
        "acceptedDate": "2002-08-13 17:42:54",
        "calendarYear": "2002",
        "period": "Q2",
        "revenue": 3318000000,
        "costOfRevenue": 392000000,
        "grossProfit": 2926000000,
        "grossProfitRatio": 0.8818565401,
        "researchAndDevelopmentExpenses": 0,
        "generalAndAdministrativeExpenses": 0,
        "sellingAndMarketingExpenses": 0,
        "sellingGeneralAndAdministrativeExpenses": 0,
        "otherExpenses": 0,
        "operatingExpenses": 2891000000,
        "costAndExpenses": 3274000000,
        "interestIncome": 0,
        "interestExpense": 38000000,
        "depreciationAndAmortization": -19000000,
        "ebitda": 35000000,
        "ebitdaratio": 0.0105485232,
        "operatingIncome": 35000000,
        "operatingIncomeRatio": 0.0105485232,
        "totalOtherIncomeExpensesNet": -4000000,
        "incomeBeforeTax": 44000000,
        "incomeBeforeTaxRatio": 0.0132610006,
        "incomeTaxExpense": 4000000,
        "netIncome": 35000000,
        "netIncomeRatio": 0.0105485232,
        "eps": 0.14,
        "epsdiluted": 0.14,
        "weightedAverageShsOut": 223600000,
        "weightedAverageShsOutDil": 223600000,
        "link": "https://www.sec.gov/Archives/edgar/data/21175/000095013702004407/0000950137-02-004407-index.htm",
        "finalLink": "https://www.sec.gov/Archives/edgar/data/21175/000095013702004407/c71182e10vq.htm"
    },
    {
        "date": "2002-03-31",
        "symbol": "CNA",
        "reportedCurrency": "USD",
        "cik": "0000021175",
        "fillingDate": "2002-05-10",
        "acceptedDate": "2002-05-10 16:44:27",
        "calendarYear": "2002",
        "period": "Q1",
        "revenue": 3448000000,
        "costOfRevenue": 0,
        "grossProfit": 3448000000,
        "grossProfitRatio": 1,
        "researchAndDevelopmentExpenses": 0,
        "generalAndAdministrativeExpenses": 0,
        "sellingAndMarketingExpenses": 0,
        "sellingGeneralAndAdministrativeExpenses": 0,
        "otherExpenses": -3282000000,
        "operatingExpenses": -3282000000,
        "costAndExpenses": 3279000000,
        "interestIncome": 0,
        "interestExpense": 37000000,
        "depreciationAndAmortization": 6000000,
        "ebitda": 43000000,
        "ebitdaratio": 0.0124709977,
        "operatingIncome": 166000000,
        "operatingIncomeRatio": 0.0481438515,
        "totalOtherIncomeExpensesNet": 3000000,
        "incomeBeforeTax": 169000000,
        "incomeBeforeTaxRatio": 0.0490139211,
        "incomeTaxExpense": 51000000,
        "netIncome": 78000000,
        "netIncomeRatio": 0.0226218097,
        "eps": 0.35,
        "epsdiluted": 0.35,
        "weightedAverageShsOut": 223600000,
        "weightedAverageShsOutDil": 223600000,
        "link": "https://www.sec.gov/Archives/edgar/data/21175/000095013702002869/0000950137-02-002869-index.htm",
        "finalLink": "https://www.sec.gov/Archives/edgar/data/21175/000095013702002869/c69453e10-q.htm"
    },
    {
        "date": "2001-12-31",
        "symbol": "CNA",
        "reportedCurrency": "USD",
        "cik": "0000021175",
        "fillingDate": "2002-03-08",
        "acceptedDate": "2002-03-08 00:00:00",
        "calendarYear": "2001",
        "period": "Q4",
        "revenue": 3708000000,
        "costOfRevenue": 0,
        "grossProfit": 3708000000,
        "grossProfitRatio": 1,
        "researchAndDevelopmentExpenses": 0,
        "generalAndAdministrativeExpenses": 0,
        "sellingAndMarketingExpenses": 0,
        "sellingGeneralAndAdministrativeExpenses": 0,
        "otherExpenses": -3682000000,
        "operatingExpenses": -3682000000,
        "costAndExpenses": 3715000000,
        "interestIncome": 0,
        "interestExpense": 36000000,
        "depreciationAndAmortization": -21000000,
        "ebitda": 8000000,
        "ebitdaratio": 0.0021574973,
        "operatingIncome": 26000000,
        "operatingIncomeRatio": 0.0070118662,
        "totalOtherIncomeExpensesNet": -33000000,
        "incomeBeforeTax": -7000000,
        "incomeBeforeTaxRatio": -0.0018878101,
        "incomeTaxExpense": 12000000,
        "netIncome": -22000000,
        "netIncomeRatio": -0.0059331176,
        "eps": -0.0984,
        "epsdiluted": -0.0984,
        "weightedAverageShsOut": 223600000,
        "weightedAverageShsOutDil": 223600000,
        "link": "https://www.sec.gov/Archives/edgar/data/21175/000095013702001172/0000950137-02-001172-index.htm",
        "finalLink": "https://www.sec.gov/Archives/edgar/data/21175/000095013702001172/c67951ke10-k405.htm"
    },
    {
        "date": "2001-09-30",
        "symbol": "CNA",
        "reportedCurrency": "USD",
        "cik": "0000021175",
        "fillingDate": "2001-11-09",
        "acceptedDate": "2001-11-09 00:00:00",
        "calendarYear": "2001",
        "period": "Q3",
        "revenue": 3149000000,
        "costOfRevenue": 483000000,
        "grossProfit": 2666000000,
        "grossProfitRatio": 0.846617974,
        "researchAndDevelopmentExpenses": 0,
        "generalAndAdministrativeExpenses": 0,
        "sellingAndMarketingExpenses": 0,
        "sellingGeneralAndAdministrativeExpenses": 0,
        "otherExpenses": -2869000000,
        "operatingExpenses": -2869000000,
        "costAndExpenses": 3383000000,
        "interestIncome": 0,
        "interestExpense": 37000000,
        "depreciationAndAmortization": -53000000,
        "ebitda": -16000000,
        "ebitdaratio": -0.0050809781,
        "operatingIncome": -203000000,
        "operatingIncomeRatio": -0.0644649095,
        "totalOtherIncomeExpensesNet": 133000000,
        "incomeBeforeTax": -234000000,
        "incomeBeforeTaxRatio": -0.0743093045,
        "incomeTaxExpense": -85000000,
        "netIncome": -155000000,
        "netIncomeRatio": -0.0492219752,
        "eps": -0.84,
        "epsdiluted": -0.84,
        "weightedAverageShsOut": 185500000,
        "weightedAverageShsOutDil": 185500000,
        "link": "https://www.sec.gov/Archives/edgar/data/21175/000095013701504444/0000950137-01-504444-index.htm",
        "finalLink": "https://www.sec.gov/Archives/edgar/data/21175/000095013701504444/c65915e10-q.htm"
    },
    {
        "date": "2001-06-30",
        "symbol": "CNA",
        "reportedCurrency": "USD",
        "cik": "0000021175",
        "fillingDate": "2001-08-15",
        "acceptedDate": "2001-08-15 00:00:00",
        "calendarYear": "2001",
        "period": "Q2",
        "revenue": 2734000000,
        "costOfRevenue": 0,
        "grossProfit": 2734000000,
        "grossProfitRatio": 1,
        "researchAndDevelopmentExpenses": 0,
        "generalAndAdministrativeExpenses": 0,
        "sellingAndMarketingExpenses": 0,
        "sellingGeneralAndAdministrativeExpenses": 0,
        "otherExpenses": -5310000000,
        "operatingExpenses": -5310000000,
        "costAndExpenses": 5345000000,
        "interestIncome": 0,
        "interestExpense": 41000000,
        "depreciationAndAmortization": -80000000,
        "ebitda": -39000000,
        "ebitdaratio": -0.0142648135,
        "operatingIncome": -2576000000,
        "operatingIncomeRatio": -0.9422092173,
        "totalOtherIncomeExpensesNet": -35000000,
        "incomeBeforeTax": -2611000000,
        "incomeBeforeTaxRatio": -0.9550109729,
        "incomeTaxExpense": -855000000,
        "netIncome": -1762000000,
        "netIncomeRatio": -0.6444769568,
        "eps": -9.61,
        "epsdiluted": -9.61,
        "weightedAverageShsOut": 183300000,
        "weightedAverageShsOutDil": 183300000,
        "link": "https://www.sec.gov/Archives/edgar/data/21175/000095013701503125/0000950137-01-503125-index.htm",
        "finalLink": "https://www.sec.gov/Archives/edgar/data/21175/000095013701503125/c63821e10-q.htm"
    },
    {
        "date": "2001-03-31",
        "symbol": "CNA",
        "reportedCurrency": "USD",
        "cik": "0000021175",
        "fillingDate": "2001-05-03",
        "acceptedDate": "2001-05-03 00:00:00",
        "calendarYear": "2001",
        "period": "Q1",
        "revenue": 3612000000,
        "costOfRevenue": 0,
        "grossProfit": 3612000000,
        "grossProfitRatio": 1,
        "researchAndDevelopmentExpenses": 0,
        "generalAndAdministrativeExpenses": 0,
        "sellingAndMarketingExpenses": 0,
        "sellingGeneralAndAdministrativeExpenses": 0,
        "otherExpenses": -3089000000,
        "operatingExpenses": -3089000000,
        "costAndExpenses": 3065000000,
        "interestIncome": 0,
        "interestExpense": 43000000,
        "depreciationAndAmortization": 39000000,
        "ebitda": 82000000,
        "ebitdaratio": 0.0227021041,
        "operatingIncome": 523000000,
        "operatingIncomeRatio": 0.1447951274,
        "totalOtherIncomeExpensesNet": 24000000,
        "incomeBeforeTax": 547000000,
        "incomeBeforeTaxRatio": 0.1514396456,
        "incomeTaxExpense": 185000000,
        "netIncome": 295000000,
        "netIncomeRatio": 0.0816722038,
        "eps": 1.61,
        "epsdiluted": 1.61,
        "weightedAverageShsOut": 183300000,
        "weightedAverageShsOutDil": 183300000,
        "link": "https://www.sec.gov/Archives/edgar/data/21175/000110465901500344/0001104659-01-500344-index.htm",
        "finalLink": "https://www.sec.gov/Archives/edgar/data/21175/000110465901500344/j0546_10q.htm"
    },
    {
        "date": "2000-12-31",
        "symbol": "CNA",
        "reportedCurrency": "USD",
        "cik": "0000021175",
        "fillingDate": "2001-03-16",
        "acceptedDate": "2001-03-16 00:00:00",
        "calendarYear": "2000",
        "period": "Q4",
        "revenue": 3922000000,
        "costOfRevenue": 0,
        "grossProfit": 3922000000,
        "grossProfitRatio": 1,
        "researchAndDevelopmentExpenses": 0,
        "generalAndAdministrativeExpenses": 0,
        "sellingAndMarketingExpenses": 0,
        "sellingGeneralAndAdministrativeExpenses": 0,
        "otherExpenses": -3577000000,
        "operatingExpenses": -3577000000,
        "costAndExpenses": 3624000000,
        "interestIncome": 0,
        "interestExpense": 52000000,
        "depreciationAndAmortization": -28000000,
        "ebitda": 317000000,
        "ebitdaratio": 0.0808261091,
        "operatingIncome": 345000000,
        "operatingIncomeRatio": 0.0879653238,
        "totalOtherIncomeExpensesNet": 298000000,
        "incomeBeforeTax": 298000000,
        "incomeBeforeTaxRatio": 0.075981642,
        "incomeTaxExpense": 100000000,
        "netIncome": 193000000,
        "netIncomeRatio": 0.0492095869,
        "eps": 1.05,
        "epsdiluted": 1.05,
        "weightedAverageShsOut": 183300000,
        "weightedAverageShsOutDil": 183300000,
        "link": "https://www.sec.gov/Archives/edgar/data/21175/000089155401501431/0000891554-01-501431-index.htm",
        "finalLink": "https://www.sec.gov/Archives/edgar/data/21175/000089155401501431/d25096_10k.txt"
    },
    {
        "date": "2000-09-30",
        "symbol": "CNA",
        "reportedCurrency": "USD",
        "cik": "0000021175",
        "fillingDate": "2000-11-09",
        "acceptedDate": "2000-11-09 00:00:00",
        "calendarYear": "2000",
        "period": "Q3",
        "revenue": 4328000000,
        "costOfRevenue": 0,
        "grossProfit": 4328000000,
        "grossProfitRatio": 1,
        "researchAndDevelopmentExpenses": 0,
        "generalAndAdministrativeExpenses": 0,
        "sellingAndMarketingExpenses": 0,
        "sellingGeneralAndAdministrativeExpenses": 0,
        "otherExpenses": -3473000000,
        "operatingExpenses": -3473000000,
        "costAndExpenses": 3517000000,
        "interestIncome": 0,
        "interestExpense": 54000000,
        "depreciationAndAmortization": -195000000,
        "ebitda": 660000000,
        "ebitdaratio": 0.1524953789,
        "operatingIncome": 855000000,
        "operatingIncomeRatio": 0.1975508318,
        "totalOtherIncomeExpensesNet": 811000000,
        "incomeBeforeTax": 811000000,
        "incomeBeforeTaxRatio": 0.1873844732,
        "incomeTaxExpense": 251000000,
        "netIncome": 550000000,
        "netIncomeRatio": 0.1270794824,
        "eps": 3,
        "epsdiluted": 3,
        "weightedAverageShsOut": 183400000,
        "weightedAverageShsOutDil": 183500000,
        "link": "https://www.sec.gov/Archives/edgar/data/21175/000110465900000654/0001104659-00-000654-index.htm",
        "finalLink": "https://www.sec.gov/Archives/edgar/data/21175/000110465900000654/0001104659-00-000654-0001.txt"
    },
    {
        "date": "2000-06-30",
        "symbol": "CNA",
        "reportedCurrency": "USD",
        "cik": "0000021175",
        "fillingDate": "2000-08-07",
        "acceptedDate": "2000-08-07 00:00:00",
        "calendarYear": "2000",
        "period": "Q2",
        "revenue": 3855000000,
        "costOfRevenue": 0,
        "grossProfit": 3855000000,
        "grossProfitRatio": 1,
        "researchAndDevelopmentExpenses": 0,
        "generalAndAdministrativeExpenses": 0,
        "sellingAndMarketingExpenses": 0,
        "sellingGeneralAndAdministrativeExpenses": 0,
        "otherExpenses": -3320000000,
        "operatingExpenses": -3320000000,
        "costAndExpenses": 3361000000,
        "interestIncome": 0,
        "interestExpense": 48000000,
        "depreciationAndAmortization": 51000000,
        "ebitda": 99000000,
        "ebitdaratio": 0.0256809339,
        "operatingIncome": 535000000,
        "operatingIncomeRatio": 0.1387808042,
        "totalOtherIncomeExpensesNet": -41000000,
        "incomeBeforeTax": 494000000,
        "incomeBeforeTaxRatio": 0.1281452659,
        "incomeTaxExpense": 157000000,
        "netIncome": 330000000,
        "netIncomeRatio": 0.0856031128,
        "eps": 1.8,
        "epsdiluted": 1.8,
        "weightedAverageShsOut": 183300000,
        "weightedAverageShsOutDil": 183300000,
        "link": "https://www.sec.gov/Archives/edgar/data/21175/000110465900000381/0001104659-00-000381-index.htm",
        "finalLink": "https://www.sec.gov/Archives/edgar/data/21175/000110465900000381/0001104659-00-000381-0001.txt"
    },
    {
        "date": "2000-03-31",
        "symbol": "CNA",
        "reportedCurrency": "USD",
        "cik": "0000021175",
        "fillingDate": "2000-05-12",
        "acceptedDate": "2000-05-12 00:00:00",
        "calendarYear": "2000",
        "period": "Q1",
        "revenue": 3509000000,
        "costOfRevenue": 0,
        "grossProfit": 3509000000,
        "grossProfitRatio": 1,
        "researchAndDevelopmentExpenses": 0,
        "generalAndAdministrativeExpenses": 0,
        "sellingAndMarketingExpenses": 0,
        "sellingGeneralAndAdministrativeExpenses": 0,
        "otherExpenses": -3256000000,
        "operatingExpenses": -3256000000,
        "costAndExpenses": 3302000000,
        "interestIncome": 0,
        "interestExpense": 52000000,
        "depreciationAndAmortization": 39000000,
        "ebitda": 91000000,
        "ebitdaratio": 0.0259333143,
        "operatingIncome": 253000000,
        "operatingIncomeRatio": 0.0721003135,
        "totalOtherIncomeExpensesNet": -46000000,
        "incomeBeforeTax": 207000000,
        "incomeBeforeTaxRatio": 0.0589911656,
        "incomeTaxExpense": 60000000,
        "netIncome": 141000000,
        "netIncomeRatio": 0.0401823881,
        "eps": 0.76,
        "epsdiluted": 0.76,
        "weightedAverageShsOut": 184200000,
        "weightedAverageShsOutDil": 184200000,
        "link": "https://www.sec.gov/Archives/edgar/data/21175/000110465900000226/0001104659-00-000226-index.htm",
        "finalLink": "https://www.sec.gov/Archives/edgar/data/21175/000110465900000226/"
    },
    {
        "date": "1999-12-31",
        "symbol": "CNA",
        "reportedCurrency": "USD",
        "cik": "0000021175",
        "fillingDate": "2000-04-18",
        "acceptedDate": "2000-04-18 00:00:00",
        "calendarYear": "1999",
        "period": "Q4",
        "revenue": 3708000000,
        "costOfRevenue": 0,
        "grossProfit": 3708000000,
        "grossProfitRatio": 1,
        "researchAndDevelopmentExpenses": 0,
        "generalAndAdministrativeExpenses": 0,
        "sellingAndMarketingExpenses": 0,
        "sellingGeneralAndAdministrativeExpenses": 0,
        "otherExpenses": -4152000000,
        "operatingExpenses": -4152000000,
        "costAndExpenses": 16251000000,
        "interestIncome": 0,
        "interestExpense": 39000000,
        "depreciationAndAmortization": 176000000,
        "ebitda": 204000000,
        "ebitdaratio": 0.0550161812,
        "operatingIncome": -444000000,
        "operatingIncomeRatio": -0.1197411003,
        "totalOtherIncomeExpensesNet": -11000000,
        "incomeBeforeTax": -11000000,
        "incomeBeforeTaxRatio": -0.0029665588,
        "incomeTaxExpense": -175000000,
        "netIncome": -308000000,
        "netIncomeRatio": -0.0830636462,
        "eps": -1.67,
        "epsdiluted": -1.67,
        "weightedAverageShsOut": 184200000,
        "weightedAverageShsOutDil": 184200000,
        "link": "https://www.sec.gov/Archives/edgar/data/21175/000095013700001742/0000950137-00-001742-index.htm",
        "finalLink": "https://www.sec.gov/Archives/edgar/data/21175/000095013700001742/0000950137-00-001742.txt"
    },
    {
        "date": "1999-09-30",
        "symbol": "CNA",
        "reportedCurrency": "USD",
        "cik": "0000021175",
        "fillingDate": "1999-11-15",
        "acceptedDate": "1999-11-15 00:00:00",
        "calendarYear": "1999",
        "period": "Q3",
        "revenue": 3917000000,
        "costOfRevenue": 0,
        "grossProfit": 3917000000,
        "grossProfitRatio": 1,
        "researchAndDevelopmentExpenses": 0,
        "generalAndAdministrativeExpenses": 0,
        "sellingAndMarketingExpenses": 0,
        "sellingGeneralAndAdministrativeExpenses": 0,
        "otherExpenses": -3837000000,
        "operatingExpenses": -3837000000,
        "costAndExpenses": 55000000,
        "interestIncome": 0,
        "interestExpense": 55000000,
        "depreciationAndAmortization": -22000000,
        "ebitda": 58000000,
        "ebitdaratio": 0.0148072504,
        "operatingIncome": 80000000,
        "operatingIncomeRatio": 0.0204237937,
        "totalOtherIncomeExpensesNet": -80000000,
        "incomeBeforeTax": 668000000,
        "incomeBeforeTaxRatio": 0.1705386776,
        "incomeTaxExpense": -4000000,
        "netIncome": 29000000,
        "netIncomeRatio": 0.0074036252,
        "eps": 0.15,
        "epsdiluted": 0.15,
        "weightedAverageShsOut": 193333333,
        "weightedAverageShsOutDil": 193333333,
        "link": "https://www.sec.gov/Archives/edgar/data/21175/000002117599000026/0000021175-99-000026-index.htm",
        "finalLink": "https://www.sec.gov/Archives/edgar/data/21175/000002117599000026/"
    },
    {
        "date": "1999-06-30",
        "symbol": "CNA",
        "reportedCurrency": "USD",
        "cik": "0000021175",
        "fillingDate": "1999-08-16",
        "acceptedDate": "1999-08-16 00:00:00",
        "calendarYear": "1999",
        "period": "Q2",
        "revenue": 4384000000,
        "costOfRevenue": 0,
        "grossProfit": 4384000000,
        "grossProfitRatio": 1,
        "researchAndDevelopmentExpenses": 0,
        "generalAndAdministrativeExpenses": 0,
        "sellingAndMarketingExpenses": 0,
        "sellingGeneralAndAdministrativeExpenses": 0,
        "otherExpenses": -4129000000,
        "operatingExpenses": -4129000000,
        "costAndExpenses": 46000000,
        "interestIncome": 0,
        "interestExpense": 46000000,
        "depreciationAndAmortization": -1000000,
        "ebitda": 45000000,
        "ebitdaratio": 0.0102645985,
        "operatingIncome": 255000000,
        "operatingIncomeRatio": 0.0581660584,
        "totalOtherIncomeExpensesNet": 0,
        "incomeBeforeTax": 1133000000,
        "incomeBeforeTaxRatio": 0.258439781,
        "incomeTaxExpense": 55000000,
        "netIncome": 154000000,
        "netIncomeRatio": 0.0351277372,
        "eps": 0.82,
        "epsdiluted": 0.82,
        "weightedAverageShsOut": 185365854,
        "weightedAverageShsOutDil": 185365854,
        "link": "https://www.sec.gov/Archives/edgar/data/21175/000002117599000022/0000021175-99-000022-index.htm",
        "finalLink": "https://www.sec.gov/Archives/edgar/data/21175/000002117599000022/"
    },
    {
        "date": "1999-03-31",
        "symbol": "CNA",
        "reportedCurrency": "USD",
        "cik": "0000021175",
        "fillingDate": "1999-05-17",
        "acceptedDate": "1999-05-17 00:00:00",
        "calendarYear": "1999",
        "period": "Q1",
        "revenue": 4425000000,
        "costOfRevenue": 0,
        "grossProfit": 4425000000,
        "grossProfitRatio": 1,
        "researchAndDevelopmentExpenses": 0,
        "generalAndAdministrativeExpenses": 0,
        "sellingAndMarketingExpenses": 0,
        "sellingGeneralAndAdministrativeExpenses": 0,
        "otherExpenses": -4333000000,
        "operatingExpenses": -4333000000,
        "costAndExpenses": 62000000,
        "interestIncome": 0,
        "interestExpense": 62000000,
        "depreciationAndAmortization": 16000000,
        "ebitda": 108000000,
        "ebitdaratio": 0.0244067797,
        "operatingIncome": 92000000,
        "operatingIncomeRatio": 0.0207909605,
        "totalOtherIncomeExpensesNet": -92000000,
        "incomeBeforeTax": 1078000000,
        "incomeBeforeTaxRatio": 0.2436158192,
        "incomeTaxExpense": 35000000,
        "netIncome": -5000000,
        "netIncomeRatio": -0.0011299435,
        "eps": -0.025,
        "epsdiluted": -0.025,
        "weightedAverageShsOut": 200000000,
        "weightedAverageShsOutDil": 200000000,
        "link": "https://www.sec.gov/Archives/edgar/data/21175/000002117599000017/0000021175-99-000017-index.htm",
        "finalLink": "https://www.sec.gov/Archives/edgar/data/21175/"
    },
    {
        "date": "1998-12-31",
        "symbol": "CNA",
        "reportedCurrency": "USD",
        "cik": "0000021175",
        "fillingDate": "1999-03-31",
        "acceptedDate": "1999-03-31 00:00:00",
        "calendarYear": "1998",
        "period": "Q4",
        "revenue": 4188000000,
        "costOfRevenue": 0,
        "grossProfit": 4188000000,
        "grossProfitRatio": 1,
        "researchAndDevelopmentExpenses": 0,
        "generalAndAdministrativeExpenses": 0,
        "sellingAndMarketingExpenses": 0,
        "sellingGeneralAndAdministrativeExpenses": 0,
        "otherExpenses": -4397000000,
        "operatingExpenses": -4397000000,
        "costAndExpenses": 16557000000,
        "interestIncome": 0,
        "interestExpense": 51000000,
        "depreciationAndAmortization": 7000000,
        "ebitda": 407000000,
        "ebitdaratio": 0.097182426,
        "operatingIncome": -209000000,
        "operatingIncomeRatio": -0.049904489,
        "totalOtherIncomeExpensesNet": 558000000,
        "incomeBeforeTax": 349000000,
        "incomeBeforeTaxRatio": 0.0833333333,
        "incomeTaxExpense": -113000000,
        "netIncome": -147000000,
        "netIncomeRatio": -0.0351002865,
        "eps": -0.73,
        "epsdiluted": -0.73,
        "weightedAverageShsOut": 200000000,
        "weightedAverageShsOutDil": 200000000,
        "link": "https://www.sec.gov/Archives/edgar/data/21175/000002117599000014/0000021175-99-000014-index.htm",
        "finalLink": "https://www.sec.gov/Archives/edgar/data/21175/"
    },
    {
        "date": "1998-09-30",
        "symbol": "CNA",
        "reportedCurrency": "USD",
        "cik": "0000021175",
        "fillingDate": "1998-11-13",
        "acceptedDate": "1998-11-13 00:00:00",
        "calendarYear": "1998",
        "period": "Q3",
        "revenue": 4129000000,
        "costOfRevenue": 0,
        "grossProfit": 4129000000,
        "grossProfitRatio": 1,
        "researchAndDevelopmentExpenses": 0,
        "generalAndAdministrativeExpenses": 0,
        "sellingAndMarketingExpenses": 0,
        "sellingGeneralAndAdministrativeExpenses": 0,
        "otherExpenses": -4102000000,
        "operatingExpenses": -4102000000,
        "costAndExpenses": 53000000,
        "interestIncome": 0,
        "interestExpense": 53000000,
        "depreciationAndAmortization": 63000000,
        "ebitda": 116000000,
        "ebitdaratio": 0.0280939695,
        "operatingIncome": 27000000,
        "operatingIncomeRatio": 0.0065391136,
        "totalOtherIncomeExpensesNet": -27000000,
        "incomeBeforeTax": 856000000,
        "incomeBeforeTaxRatio": 0.2073141196,
        "incomeTaxExpense": -12000000,
        "netIncome": -14000000,
        "netIncomeRatio": -0.0033906515,
        "eps": -0.09,
        "epsdiluted": -0.09,
        "weightedAverageShsOut": 155555556,
        "weightedAverageShsOutDil": 155555556,
        "link": "https://www.sec.gov/Archives/edgar/data/21175/000002117598000016/0000021175-98-000016-index.html",
        "finalLink": "https://www.sec.gov/Archives/edgar/data/21175/"
    },
    {
        "date": "1998-06-30",
        "symbol": "CNA",
        "reportedCurrency": "USD",
        "cik": "0000021175",
        "fillingDate": "1998-08-14",
        "acceptedDate": "1998-08-14 00:00:00",
        "calendarYear": "1998",
        "period": "Q2",
        "revenue": 4429000000,
        "costOfRevenue": 0,
        "grossProfit": 4429000000,
        "grossProfitRatio": 1,
        "researchAndDevelopmentExpenses": 0,
        "generalAndAdministrativeExpenses": 0,
        "sellingAndMarketingExpenses": 0,
        "sellingGeneralAndAdministrativeExpenses": 0,
        "otherExpenses": -4085000000,
        "operatingExpenses": -4085000000,
        "costAndExpenses": 60000000,
        "interestIncome": 0,
        "interestExpense": 60000000,
        "depreciationAndAmortization": -56000000,
        "ebitda": 4000000,
        "ebitdaratio": 0.0009031384,
        "operatingIncome": 344000000,
        "operatingIncomeRatio": 0.0776699029,
        "totalOtherIncomeExpensesNet": 0,
        "incomeBeforeTax": 1306000000,
        "incomeBeforeTaxRatio": 0.2948746895,
        "incomeTaxExpense": 74000000,
        "netIncome": 210000000,
        "netIncomeRatio": 0.0474147663,
        "eps": 1.12,
        "epsdiluted": 1.12,
        "weightedAverageShsOut": 185714286,
        "weightedAverageShsOutDil": 185714286,
        "link": "https://www.sec.gov/Archives/edgar/data/21175/000002117598000011/0000021175-98-000011-index.htm",
        "finalLink": "https://www.sec.gov/Archives/edgar/data/21175/"
    },
    {
        "date": "1998-03-31",
        "symbol": "CNA",
        "reportedCurrency": "USD",
        "cik": "0000021175",
        "fillingDate": "1998-05-15",
        "acceptedDate": "1998-05-15 00:00:00",
        "calendarYear": "1998",
        "period": "Q1",
        "revenue": 4328000000,
        "costOfRevenue": 0,
        "grossProfit": 4328000000,
        "grossProfitRatio": 1,
        "researchAndDevelopmentExpenses": 0,
        "generalAndAdministrativeExpenses": 0,
        "sellingAndMarketingExpenses": 0,
        "sellingGeneralAndAdministrativeExpenses": 0,
        "otherExpenses": -3942000000,
        "operatingExpenses": -3942000000,
        "costAndExpenses": 55000000,
        "interestIncome": 0,
        "interestExpense": 55000000,
        "depreciationAndAmortization": 37000000,
        "ebitda": 92000000,
        "ebitdaratio": 0.0212569316,
        "operatingIncome": 386000000,
        "operatingIncomeRatio": 0.0891866913,
        "totalOtherIncomeExpensesNet": 0,
        "incomeBeforeTax": 1346000000,
        "incomeBeforeTaxRatio": 0.3109981516,
        "incomeTaxExpense": 98000000,
        "netIncome": 233000000,
        "netIncomeRatio": 0.0538354898,
        "eps": 0.42,
        "epsdiluted": 0.42,
        "weightedAverageShsOut": 185583000,
        "weightedAverageShsOutDil": 185583000,
        "link": "https://www.sec.gov/Archives/edgar/data/21175/000002117598000008/0000021175-98-000008-index.html",
        "finalLink": "https://www.sec.gov/Archives/edgar/data/21175/"
    },
    {
        "date": "1997-12-31",
        "symbol": "CNA",
        "reportedCurrency": "USD",
        "cik": "0000021175",
        "fillingDate": "1998-03-31",
        "acceptedDate": "1998-03-31 00:00:00",
        "calendarYear": "1997",
        "period": "Q4",
        "revenue": 4388000000,
        "costOfRevenue": 0,
        "grossProfit": 4388000000,
        "grossProfitRatio": 1,
        "researchAndDevelopmentExpenses": 0,
        "generalAndAdministrativeExpenses": 0,
        "sellingAndMarketingExpenses": 0,
        "sellingGeneralAndAdministrativeExpenses": 0,
        "otherExpenses": -3948000000,
        "operatingExpenses": -3948000000,
        "costAndExpenses": 15561000000,
        "interestIncome": 0,
        "interestExpense": 45000000,
        "depreciationAndAmortization": 17000000,
        "ebitda": 457000000,
        "ebitdaratio": 0.1041476755,
        "operatingIncome": 440000000,
        "operatingIncomeRatio": 0.1002734731,
        "totalOtherIncomeExpensesNet": 918000000,
        "incomeBeforeTax": 1358000000,
        "incomeBeforeTaxRatio": 0.3094804011,
        "incomeTaxExpense": 116000000,
        "netIncome": 279000000,
        "netIncomeRatio": 0.0635824977,
        "eps": 1.5,
        "epsdiluted": 1.5,
        "weightedAverageShsOut": 185580000,
        "weightedAverageShsOutDil": 185583000,
        "link": "https://www.sec.gov/Archives/edgar/data/21175/000002117598000006/0000021175-98-000006-index.htm",
        "finalLink": "https://www.sec.gov/Archives/edgar/data/21175/"
    },
    {
        "date": "1997-09-30",
        "symbol": "CNA",
        "reportedCurrency": "USD",
        "cik": "0000021175",
        "fillingDate": "1997-11-14",
        "acceptedDate": "1997-11-14 00:00:00",
        "calendarYear": "1997",
        "period": "Q3",
        "revenue": 4309000000,
        "costOfRevenue": 0,
        "grossProfit": 4309000000,
        "grossProfitRatio": 1,
        "researchAndDevelopmentExpenses": 0,
        "generalAndAdministrativeExpenses": 0,
        "sellingAndMarketingExpenses": 0,
        "sellingGeneralAndAdministrativeExpenses": 0,
        "otherExpenses": -3859000000,
        "operatingExpenses": -3859000000,
        "costAndExpenses": 57000000,
        "interestIncome": 0,
        "interestExpense": 57000000,
        "depreciationAndAmortization": 115000000,
        "ebitda": 172000000,
        "ebitdaratio": 0.0399164539,
        "operatingIncome": 450000000,
        "operatingIncomeRatio": 0.104432583,
        "totalOtherIncomeExpensesNet": 0,
        "incomeBeforeTax": 1423000000,
        "incomeBeforeTaxRatio": 0.3302390346,
        "incomeTaxExpense": 119000000,
        "netIncome": 274000000,
        "netIncomeRatio": 0.0635878394,
        "eps": 0.49,
        "epsdiluted": 0.49,
        "weightedAverageShsOut": 185712000,
        "weightedAverageShsOutDil": 185712000,
        "link": "https://www.sec.gov/Archives/edgar/data/21175/000002117597000022/0000021175-97-000022-index.html",
        "finalLink": "https://www.sec.gov/Archives/edgar/data/21175/"
    },
    {
        "date": "1997-06-30",
        "symbol": "CNA",
        "reportedCurrency": "USD",
        "cik": "0000021175",
        "fillingDate": "1997-08-14",
        "acceptedDate": "1997-08-14 00:00:00",
        "calendarYear": "1997",
        "period": "Q2",
        "revenue": 4243000000,
        "costOfRevenue": 0,
        "grossProfit": 4243000000,
        "grossProfitRatio": 1,
        "researchAndDevelopmentExpenses": 0,
        "generalAndAdministrativeExpenses": 0,
        "sellingAndMarketingExpenses": 0,
        "sellingGeneralAndAdministrativeExpenses": 0,
        "otherExpenses": -3855000000,
        "operatingExpenses": -3855000000,
        "costAndExpenses": 46000000,
        "interestIncome": 0,
        "interestExpense": 46000000,
        "depreciationAndAmortization": -20000000,
        "ebitda": 26000000,
        "ebitdaratio": 0.0061277398,
        "operatingIncome": 388000000,
        "operatingIncomeRatio": 0.0914447325,
        "totalOtherIncomeExpensesNet": -388000000,
        "incomeBeforeTax": 1283000000,
        "incomeBeforeTaxRatio": 0.3023803912,
        "incomeTaxExpense": 107000000,
        "netIncome": 235000000,
        "netIncomeRatio": 0.0553853406,
        "eps": 0.42,
        "epsdiluted": 0.42,
        "weightedAverageShsOut": 185580000,
        "weightedAverageShsOutDil": 185580000,
        "link": "https://www.sec.gov/Archives/edgar/data/21175/000002117597000020/0000021175-97-000020-index.htm",
        "finalLink": "https://www.sec.gov/Archives/edgar/data/21175/"
    },
    {
        "date": "1997-03-31",
        "symbol": "CNA",
        "reportedCurrency": "USD",
        "cik": "0000021175",
        "fillingDate": "1997-05-15",
        "acceptedDate": "1997-05-15 00:00:00",
        "calendarYear": "1997",
        "period": "Q1",
        "revenue": 4132000000,
        "costOfRevenue": 0,
        "grossProfit": 4132000000,
        "grossProfitRatio": 1,
        "researchAndDevelopmentExpenses": 0,
        "generalAndAdministrativeExpenses": 0,
        "sellingAndMarketingExpenses": 0,
        "sellingGeneralAndAdministrativeExpenses": 0,
        "otherExpenses": -3855000000,
        "operatingExpenses": -3855000000,
        "costAndExpenses": 49000000,
        "interestIncome": 0,
        "interestExpense": 49000000,
        "depreciationAndAmortization": -24000000,
        "ebitda": 25000000,
        "ebitdaratio": 0.0060503388,
        "operatingIncome": 277000000,
        "operatingIncomeRatio": 0.0670377541,
        "totalOtherIncomeExpensesNet": 0,
        "incomeBeforeTax": 1062000000,
        "incomeBeforeTaxRatio": 0.257018393,
        "incomeTaxExpense": 50000000,
        "netIncome": 178000000,
        "netIncomeRatio": 0.0430784124,
        "eps": 0.32,
        "epsdiluted": 0.32,
        "weightedAverageShsOut": 185580000,
        "weightedAverageShsOutDil": 185580000,
        "link": "https://www.sec.gov/Archives/edgar/data/21175/000002117597000018/0000021175-97-000018-index.html",
        "finalLink": "https://www.sec.gov/Archives/edgar/data/21175/"
    },
    {
        "date": "1996-12-31",
        "symbol": "CNA",
        "reportedCurrency": "USD",
        "cik": "0000021175",
        "fillingDate": "1997-04-03",
        "acceptedDate": "1997-04-03 00:00:00",
        "calendarYear": "1996",
        "period": "Q4",
        "revenue": 4321700000,
        "costOfRevenue": 0,
        "grossProfit": 4321700000,
        "grossProfitRatio": 1,
        "researchAndDevelopmentExpenses": 0,
        "generalAndAdministrativeExpenses": 0,
        "sellingAndMarketingExpenses": 0,
        "sellingGeneralAndAdministrativeExpenses": 0,
        "otherExpenses": -4003300000,
        "operatingExpenses": -4003300000,
        "costAndExpenses": 15487400000,
        "interestIncome": 0,
        "interestExpense": 45000000,
        "depreciationAndAmortization": -21600000,
        "ebitda": 296800000,
        "ebitdaratio": 0.0686766782,
        "operatingIncome": 318400000,
        "operatingIncomeRatio": 0.0736747113,
        "totalOtherIncomeExpensesNet": 1026600000,
        "incomeBeforeTax": 1345000000,
        "incomeBeforeTaxRatio": 0.3112201217,
        "incomeTaxExpense": 78500000,
        "netIncome": 194900000,
        "netIncomeRatio": 0.0450979938,
        "eps": 1.05,
        "epsdiluted": 1.05,
        "weightedAverageShsOut": 185580000,
        "weightedAverageShsOutDil": 185580000,
        "link": "https://www.sec.gov/Archives/edgar/data/21175/000002117597000017/0000021175-97-000017-index.htm",
        "finalLink": "https://www.sec.gov/Archives/edgar/data/21175/0000021175-97-000017.txt"
    },
    {
        "date": "1996-09-30",
        "symbol": "CNA",
        "reportedCurrency": "USD",
        "cik": "0000021175",
        "fillingDate": "1996-11-14",
        "acceptedDate": "1996-11-14 00:00:00",
        "calendarYear": "1996",
        "period": "Q3",
        "revenue": 4255600000,
        "costOfRevenue": 0,
        "grossProfit": 4255600000,
        "grossProfitRatio": 1,
        "researchAndDevelopmentExpenses": 0,
        "generalAndAdministrativeExpenses": 0,
        "sellingAndMarketingExpenses": 0,
        "sellingGeneralAndAdministrativeExpenses": 0,
        "otherExpenses": -3905400000,
        "operatingExpenses": -3905400000,
        "costAndExpenses": 50900000,
        "interestIncome": 0,
        "interestExpense": 50900000,
        "depreciationAndAmortization": 2000000,
        "ebitda": 52900000,
        "ebitdaratio": 0.0124306796,
        "operatingIncome": 350200000,
        "operatingIncomeRatio": 0.0822915688,
        "totalOtherIncomeExpensesNet": 0,
        "incomeBeforeTax": 1170500000,
        "incomeBeforeTaxRatio": 0.2750493467,
        "incomeTaxExpense": 60800000,
        "netIncome": 238500000,
        "netIncomeRatio": 0.0560438011,
        "eps": 0.43,
        "epsdiluted": 0.43,
        "weightedAverageShsOut": 185712000,
        "weightedAverageShsOutDil": 185712000,
        "link": "https://www.sec.gov/Archives/edgar/data/21175/000002117596000011/0000021175-96-000011-index.htm",
        "finalLink": "https://www.sec.gov/Archives/edgar/data/21175/0000021175-96-000011.txt"
    },
    {
        "date": "1996-06-30",
        "symbol": "CNA",
        "reportedCurrency": "USD",
        "cik": "0000021175",
        "fillingDate": "1996-08-14",
        "acceptedDate": "1996-08-14 00:00:00",
        "calendarYear": "1996",
        "period": "Q2",
        "revenue": 4095200000,
        "costOfRevenue": 0,
        "grossProfit": 4095200000,
        "grossProfitRatio": 1,
        "researchAndDevelopmentExpenses": 0,
        "generalAndAdministrativeExpenses": 0,
        "sellingAndMarketingExpenses": 0,
        "sellingGeneralAndAdministrativeExpenses": 0,
        "otherExpenses": -3760600000,
        "operatingExpenses": -3760600000,
        "costAndExpenses": 44700000,
        "interestIncome": 0,
        "interestExpense": 44700000,
        "depreciationAndAmortization": -5800000,
        "ebitda": 38900000,
        "ebitdaratio": 0.0094989256,
        "operatingIncome": 334600000,
        "operatingIncomeRatio": 0.0817054112,
        "totalOtherIncomeExpensesNet": 0,
        "incomeBeforeTax": 1109100000,
        "incomeBeforeTaxRatio": 0.2708292635,
        "incomeTaxExpense": 87800000,
        "netIncome": 202100000,
        "netIncomeRatio": 0.0493504591,
        "eps": 0.36,
        "epsdiluted": 0.36,
        "weightedAverageShsOut": 185580000,
        "weightedAverageShsOutDil": 185580000,
        "link": "https://www.sec.gov/Archives/edgar/data/21175/000002117596000009/0000021175-96-000009-index.htm",
        "finalLink": "https://www.sec.gov/Archives/edgar/data/21175/0000021175-96-000009.txt"
    },
    {
        "date": "1996-03-31",
        "symbol": "CNA",
        "reportedCurrency": "USD",
        "cik": "0000021175",
        "fillingDate": "1996-05-15",
        "acceptedDate": "1996-05-15 00:00:00",
        "calendarYear": "1996",
        "period": "Q1",
        "revenue": 4315400000,
        "costOfRevenue": 0,
        "grossProfit": 4315400000,
        "grossProfitRatio": 1,
        "researchAndDevelopmentExpenses": 0,
        "generalAndAdministrativeExpenses": 0,
        "sellingAndMarketingExpenses": 0,
        "sellingGeneralAndAdministrativeExpenses": 0,
        "otherExpenses": -3773200000,
        "operatingExpenses": -3773200000,
        "costAndExpenses": 59800000,
        "interestIncome": 0,
        "interestExpense": 59800000,
        "depreciationAndAmortization": 11100000,
        "ebitda": 70900000,
        "ebitdaratio": 0.0164295314,
        "operatingIncome": 542200000,
        "operatingIncomeRatio": 0.1256430458,
        "totalOtherIncomeExpensesNet": -542200000,
        "incomeBeforeTax": 1564500000,
        "incomeBeforeTaxRatio": 0.3625388145,
        "incomeTaxExpense": 153100000,
        "netIncome": 329300000,
        "netIncomeRatio": 0.0763081059,
        "eps": 0.59,
        "epsdiluted": 0.59,
        "weightedAverageShsOut": 185712000,
        "weightedAverageShsOutDil": 185712000,
        "link": "https://www.sec.gov/Archives/edgar/data/21175/000002117596000005/0000021175-96-000005-index.htm",
        "finalLink": "https://www.sec.gov/Archives/edgar/data/21175/0000021175-96-000005.txt"
    },
    {
        "date": "1995-12-31",
        "symbol": "CNA",
        "reportedCurrency": "USD",
        "cik": "0000021175",
        "fillingDate": "1996-04-01",
        "acceptedDate": "1996-04-01 00:00:00",
        "calendarYear": "1995",
        "period": "Q4",
        "revenue": 3986800000,
        "costOfRevenue": 0,
        "grossProfit": 3986800000,
        "grossProfitRatio": 1,
        "researchAndDevelopmentExpenses": 0,
        "generalAndAdministrativeExpenses": 0,
        "sellingAndMarketingExpenses": 0,
        "sellingGeneralAndAdministrativeExpenses": 0,
        "otherExpenses": -3692800000,
        "operatingExpenses": -3692800000,
        "costAndExpenses": 13536800000,
        "interestIncome": 0,
        "interestExpense": 61800000,
        "depreciationAndAmortization": 8100000,
        "ebitda": 302100000,
        "ebitdaratio": 0.0757750577,
        "operatingIncome": 294000000,
        "operatingIncomeRatio": 0.0737433531,
        "totalOtherIncomeExpensesNet": 748400000,
        "incomeBeforeTax": 1042400000,
        "incomeBeforeTaxRatio": 0.2614628273,
        "incomeTaxExpense": 51000000,
        "netIncome": 181200000,
        "netIncomeRatio": 0.045449985,
        "eps": 0.98,
        "epsdiluted": 0.98,
        "weightedAverageShsOut": 185580000,
        "weightedAverageShsOutDil": 185712000,
        "link": "https://www.sec.gov/Archives/edgar/data/21175/000002117596000003/0000021175-96-000003-index.htm",
        "finalLink": "https://www.sec.gov/Archives/edgar/data/21175/0000021175-96-000003.txt"
    },
    {
        "date": "1995-09-30",
        "symbol": "CNA",
        "reportedCurrency": "USD",
        "cik": "0000021175",
        "fillingDate": "1995-11-14",
        "acceptedDate": "1995-11-14 00:00:00",
        "calendarYear": "1995",
        "period": "Q3",
        "revenue": 4000900000,
        "costOfRevenue": 0,
        "grossProfit": 4000900000,
        "grossProfitRatio": 1,
        "researchAndDevelopmentExpenses": 0,
        "generalAndAdministrativeExpenses": 0,
        "sellingAndMarketingExpenses": 0,
        "sellingGeneralAndAdministrativeExpenses": 0,
        "otherExpenses": -3693200000,
        "operatingExpenses": -3693200000,
        "costAndExpenses": 64800000,
        "interestIncome": 0,
        "interestExpense": 64800000,
        "depreciationAndAmortization": -14600000,
        "ebitda": 50200000,
        "ebitdaratio": 0.0125471769,
        "operatingIncome": 307700000,
        "operatingIncomeRatio": 0.0769076958,
        "totalOtherIncomeExpensesNet": 0,
        "incomeBeforeTax": 1112400000,
        "incomeBeforeTaxRatio": 0.2780374416,
        "incomeTaxExpense": 76600000,
        "netIncome": 166300000,
        "netIncomeRatio": 0.0415656477,
        "eps": 0.3,
        "epsdiluted": 0.3,
        "weightedAverageShsOut": 185712000,
        "weightedAverageShsOutDil": 185712000,
        "link": "https://www.sec.gov/Archives/edgar/data/21175/000002117595000024/0000021175-95-000024-index.htm",
        "finalLink": "https://www.sec.gov/Archives/edgar/data/21175/0000021175-95-000024.txt"
    },
    {
        "date": "1995-06-30",
        "symbol": "CNA",
        "reportedCurrency": "USD",
        "cik": "0000021175",
        "fillingDate": "1995-08-14",
        "acceptedDate": "1995-08-14 00:00:00",
        "calendarYear": "1995",
        "period": "Q2",
        "revenue": 3659200000,
        "costOfRevenue": 0,
        "grossProfit": 3659200000,
        "grossProfitRatio": 1,
        "researchAndDevelopmentExpenses": 0,
        "generalAndAdministrativeExpenses": 0,
        "sellingAndMarketingExpenses": 0,
        "sellingGeneralAndAdministrativeExpenses": 0,
        "otherExpenses": -3256000000,
        "operatingExpenses": -3256000000,
        "costAndExpenses": 38000000,
        "interestIncome": 0,
        "interestExpense": 38000000,
        "depreciationAndAmortization": 2400000,
        "ebitda": 40400000,
        "ebitdaratio": 0.0110406646,
        "operatingIncome": 403200000,
        "operatingIncomeRatio": 0.1101880192,
        "totalOtherIncomeExpensesNet": -403200000,
        "incomeBeforeTax": 1193500000,
        "incomeBeforeTaxRatio": 0.3261641889,
        "incomeTaxExpense": 108500000,
        "netIncome": 256700000,
        "netIncomeRatio": 0.0701519458,
        "eps": 0.46,
        "epsdiluted": 0.46,
        "weightedAverageShsOut": 185712000,
        "weightedAverageShsOutDil": 185712000,
        "link": "https://www.sec.gov/Archives/edgar/data/21175/000002117595000017/0000021175-95-000017-index.htm",
        "finalLink": "https://www.sec.gov/Archives/edgar/data/21175/0000021175-95-000017.txt"
    },
    {
        "date": "1995-03-31",
        "symbol": "CNA",
        "reportedCurrency": "USD",
        "cik": "0000021175",
        "fillingDate": "1995-05-15",
        "acceptedDate": "1995-05-15 00:00:00",
        "calendarYear": "1995",
        "period": "Q1",
        "revenue": 3052800000,
        "costOfRevenue": 0,
        "grossProfit": 3052800000,
        "grossProfitRatio": 1,
        "researchAndDevelopmentExpenses": 0,
        "generalAndAdministrativeExpenses": 0,
        "sellingAndMarketingExpenses": 0,
        "sellingGeneralAndAdministrativeExpenses": 0,
        "otherExpenses": -2833000000,
        "operatingExpenses": -2833000000,
        "costAndExpenses": 17700000,
        "interestIncome": 0,
        "interestExpense": 17700000,
        "depreciationAndAmortization": -18700000,
        "ebitda": -1000000,
        "ebitdaratio": -0.0003275681,
        "operatingIncome": 219800000,
        "operatingIncomeRatio": 0.0719994759,
        "totalOtherIncomeExpensesNet": -219800000,
        "incomeBeforeTax": 756600000,
        "incomeBeforeTaxRatio": 0.2478380503,
        "incomeTaxExpense": 49300000,
        "netIncome": 152800000,
        "netIncomeRatio": 0.0500524109,
        "eps": 0.27,
        "epsdiluted": 0.27,
        "weightedAverageShsOut": 185580000,
        "weightedAverageShsOutDil": 185580000,
        "link": "https://www.sec.gov/Archives/edgar/data/21175/000002117595000008/0000021175-95-000008-index.html",
        "finalLink": "https://www.sec.gov/Archives/edgar/data/21175/"
    },
    {
        "date": "1994-12-31",
        "symbol": "CNA",
        "reportedCurrency": "USD",
        "cik": "0000021175",
        "fillingDate": "1995-03-30",
        "acceptedDate": "1995-03-30 00:00:00",
        "calendarYear": "1994",
        "period": "Q4",
        "revenue": 2819700000,
        "costOfRevenue": 0,
        "grossProfit": 2819700000,
        "grossProfitRatio": 1,
        "researchAndDevelopmentExpenses": 0,
        "generalAndAdministrativeExpenses": 0,
        "sellingAndMarketingExpenses": 0,
        "sellingGeneralAndAdministrativeExpenses": 0,
        "otherExpenses": -2701900000,
        "operatingExpenses": -2701900000,
        "costAndExpenses": 11080700000,
        "interestIncome": 0,
        "interestExpense": 17700000,
        "depreciationAndAmortization": -10400000,
        "ebitda": -126700000,
        "ebitdaratio": -0.0449338582,
        "operatingIncome": 117800000,
        "operatingIncomeRatio": 0.0417774941,
        "totalOtherIncomeExpensesNet": -251800000,
        "incomeBeforeTax": -134000000,
        "incomeBeforeTaxRatio": -0.0475227861,
        "incomeTaxExpense": 4200000,
        "netIncome": 95900000,
        "netIncomeRatio": 0.0340107104,
        "eps": 0.52,
        "epsdiluted": 0.52,
        "weightedAverageShsOut": 185580000,
        "weightedAverageShsOutDil": 185580000,
        "link": "https://www.sec.gov/Archives/edgar/data/21175/000002117595000005/0000021175-95-000005-index.htm",
        "finalLink": "https://www.sec.gov/Archives/edgar/data/21175/0000021175-95-000005.txt"
    },
    {
        "date": "1994-09-30",
        "symbol": "CNA",
        "reportedCurrency": "USD",
        "cik": "0000021175",
        "fillingDate": "1994-11-14",
        "acceptedDate": "1994-11-14 00:00:00",
        "calendarYear": "1994",
        "period": "Q3",
        "revenue": 2844300000,
        "costOfRevenue": 0,
        "grossProfit": 2844300000,
        "grossProfitRatio": 1,
        "researchAndDevelopmentExpenses": 0,
        "generalAndAdministrativeExpenses": 0,
        "sellingAndMarketingExpenses": 0,
        "sellingGeneralAndAdministrativeExpenses": 0,
        "otherExpenses": -2803200000,
        "operatingExpenses": -2803200000,
        "costAndExpenses": 17600000,
        "interestIncome": 0,
        "interestExpense": 17600000,
        "depreciationAndAmortization": -12300000,
        "ebitda": 5300000,
        "ebitdaratio": 0.0018633759,
        "operatingIncome": 41100000,
        "operatingIncomeRatio": 0.0144499525,
        "totalOtherIncomeExpensesNet": -41100000,
        "incomeBeforeTax": 478900000,
        "incomeBeforeTaxRatio": 0.1683718314,
        "incomeTaxExpense": -31500000,
        "netIncome": 55000000,
        "netIncomeRatio": 0.0193369195,
        "eps": 0.0967,
        "epsdiluted": 0.0967,
        "weightedAverageShsOut": 185712000,
        "weightedAverageShsOutDil": 185712000,
        "link": "https://www.sec.gov/Archives/edgar/data/21175/000002117594000018/0000021175-94-000018-index.htm",
        "finalLink": "https://www.sec.gov/Archives/edgar/data/21175/0000021175-94-000018.txt"
    },
    {
        "date": "1994-06-30",
        "symbol": "CNA",
        "reportedCurrency": "USD",
        "cik": "0000021175",
        "fillingDate": "1994-08-15",
        "acceptedDate": "1994-08-15 00:00:00",
        "calendarYear": "1994",
        "period": "Q2",
        "revenue": 2731000000,
        "costOfRevenue": 0,
        "grossProfit": 2731000000,
        "grossProfitRatio": 1,
        "researchAndDevelopmentExpenses": 0,
        "generalAndAdministrativeExpenses": 0,
        "sellingAndMarketingExpenses": 0,
        "sellingGeneralAndAdministrativeExpenses": 0,
        "otherExpenses": -2804700000,
        "operatingExpenses": -2804700000,
        "costAndExpenses": 17600000,
        "interestIncome": 0,
        "interestExpense": 17600000,
        "depreciationAndAmortization": -6900000,
        "ebitda": 10700000,
        "ebitdaratio": 0.0039179788,
        "operatingIncome": -73700000,
        "operatingIncomeRatio": -0.0269864518,
        "totalOtherIncomeExpensesNet": 73700000,
        "incomeBeforeTax": 290400000,
        "incomeBeforeTaxRatio": 0.1063346759,
        "incomeTaxExpense": -55000000,
        "netIncome": -36300000,
        "netIncomeRatio": -0.0132918345,
        "eps": -0.2,
        "epsdiluted": -0.2,
        "weightedAverageShsOut": 185580000,
        "weightedAverageShsOutDil": 185580000,
        "link": "https://www.sec.gov/Archives/edgar/data/21175/000002117594000013/0000021175-94-000013-index.htm",
        "finalLink": "https://www.sec.gov/Archives/edgar/data/21175/0000021175-94-000013.txt"
    },
    {
        "date": "1994-03-31",
        "symbol": "CNA",
        "reportedCurrency": "USD",
        "cik": "0000021175",
        "fillingDate": "1994-05-16",
        "acceptedDate": "1994-05-16 00:00:00",
        "calendarYear": "1994",
        "period": "Q1",
        "revenue": 2604500000,
        "costOfRevenue": 0,
        "grossProfit": 2604500000,
        "grossProfitRatio": 1,
        "researchAndDevelopmentExpenses": 0,
        "generalAndAdministrativeExpenses": 0,
        "sellingAndMarketingExpenses": 0,
        "sellingGeneralAndAdministrativeExpenses": 0,
        "otherExpenses": -2753100000,
        "operatingExpenses": -2753100000,
        "costAndExpenses": 17600000,
        "interestIncome": 0,
        "interestExpense": 17600000,
        "depreciationAndAmortization": 200000,
        "ebitda": 17800000,
        "ebitdaratio": 0.0068343252,
        "operatingIncome": -148600000,
        "operatingIncomeRatio": -0.0570550969,
        "totalOtherIncomeExpensesNet": 148600000,
        "incomeBeforeTax": 147000000,
        "incomeBeforeTaxRatio": 0.0564407756,
        "incomeTaxExpense": -88100000,
        "netIncome": -78100000,
        "netIncomeRatio": -0.0299865617,
        "eps": -0.42,
        "epsdiluted": -0.42,
        "weightedAverageShsOut": 185580000,
        "weightedAverageShsOutDil": 185580000,
        "link": "https://www.sec.gov/Archives/edgar/data/21175/000002117594000007/0000021175-94-000007-index.htm",
        "finalLink": "https://www.sec.gov/Archives/edgar/data/21175/0000021175-94-000007.txt"
    },
    {
        "date": "1993-12-31",
        "symbol": "CNA",
        "reportedCurrency": "USD",
        "cik": "0000021175",
        "fillingDate": "1994-03-30",
        "acceptedDate": "1994-03-30 00:00:00",
        "calendarYear": "1993",
        "period": "Q4",
        "revenue": 2708200000,
        "costOfRevenue": 0,
        "grossProfit": 2708200000,
        "grossProfitRatio": 1,
        "researchAndDevelopmentExpenses": 0,
        "generalAndAdministrativeExpenses": 0,
        "sellingAndMarketingExpenses": 0,
        "sellingGeneralAndAdministrativeExpenses": 0,
        "otherExpenses": -2624100000,
        "operatingExpenses": -2624100000,
        "costAndExpenses": 8569900000,
        "interestIncome": 0,
        "interestExpense": 13400000,
        "depreciationAndAmortization": -10700000,
        "ebitda": 2700000,
        "ebitdaratio": 0.0009969722,
        "operatingIncome": 84100000,
        "operatingIncomeRatio": 0.0310538365,
        "totalOtherIncomeExpensesNet": 0,
        "incomeBeforeTax": 546200000,
        "incomeBeforeTaxRatio": 0.2016837752,
        "incomeTaxExpense": -16700000,
        "netIncome": 87400000,
        "netIncomeRatio": 0.032272358,
        "eps": 0.47,
        "epsdiluted": 0.47,
        "weightedAverageShsOut": 185580000,
        "weightedAverageShsOutDil": 185580000,
        "link": "https://www.sec.gov/Archives/edgar/data/21175/000002117594000005/0000021175-94-000005-index.htm",
        "finalLink": "https://www.sec.gov/Archives/edgar/data/21175/0000021175-94-000005.txt"
    },
    {
        "date": "1993-09-30",
        "symbol": "CNA",
        "reportedCurrency": "USD",
        "cik": "0000021175",
        "fillingDate": "1993-09-30",
        "acceptedDate": "1993-09-29 20:00:00",
        "calendarYear": "1993",
        "period": "Q3",
        "revenue": 2756900000,
        "costOfRevenue": 0,
        "grossProfit": 2756900000,
        "grossProfitRatio": 1,
        "researchAndDevelopmentExpenses": 0,
        "generalAndAdministrativeExpenses": 0,
        "sellingAndMarketingExpenses": 0,
        "sellingGeneralAndAdministrativeExpenses": 0,
        "otherExpenses": -3166000000,
        "operatingExpenses": -3166000000,
        "costAndExpenses": 9100000,
        "interestIncome": 0,
        "interestExpense": 9100000,
        "depreciationAndAmortization": -3400000,
        "ebitda": 5700000,
        "ebitdaratio": 0.0020675396,
        "operatingIncome": -409100000,
        "operatingIncomeRatio": -0.1483913091,
        "totalOtherIncomeExpensesNet": 0,
        "incomeBeforeTax": 106600000,
        "incomeBeforeTaxRatio": 0.0386666183,
        "incomeTaxExpense": -209900000,
        "netIncome": -208300000,
        "netIncomeRatio": -0.075555878,
        "eps": -1.12,
        "epsdiluted": -1.12,
        "weightedAverageShsOut": 185580000,
        "weightedAverageShsOutDil": 185580000,
        "link": "",
        "finalLink": ""
    },
    {
        "date": "1993-06-30",
        "symbol": "CNA",
        "reportedCurrency": "USD",
        "cik": "0000021175",
        "fillingDate": "1993-06-30",
        "acceptedDate": "1993-06-29 20:00:00",
        "calendarYear": "1993",
        "period": "Q2",
        "revenue": 2628200000,
        "costOfRevenue": 0,
        "grossProfit": 2628200000,
        "grossProfitRatio": 1,
        "researchAndDevelopmentExpenses": 0,
        "generalAndAdministrativeExpenses": 0,
        "sellingAndMarketingExpenses": 0,
        "sellingGeneralAndAdministrativeExpenses": 0,
        "otherExpenses": -2572000000,
        "operatingExpenses": -2572000000,
        "costAndExpenses": 9100000,
        "interestIncome": 0,
        "interestExpense": 9100000,
        "depreciationAndAmortization": -38100000,
        "ebitda": -29000000,
        "ebitdaratio": -0.0110341679,
        "operatingIncome": 56200000,
        "operatingIncomeRatio": 0.0213834564,
        "totalOtherIncomeExpensesNet": 0,
        "incomeBeforeTax": 567700000,
        "incomeBeforeTaxRatio": 0.2160033483,
        "incomeTaxExpense": -27700000,
        "netIncome": 74800000,
        "netIncomeRatio": 0.0284605433,
        "eps": 0.13,
        "epsdiluted": 0.13,
        "weightedAverageShsOut": 185580000,
        "weightedAverageShsOutDil": 185580000,
        "link": "",
        "finalLink": ""
    },
    {
        "date": "1993-03-31",
        "symbol": "CNA",
        "reportedCurrency": "USD",
        "cik": "0000021175",
        "fillingDate": "1993-03-31",
        "acceptedDate": "1993-03-30 19:00:00",
        "calendarYear": "1993",
        "period": "Q1",
        "revenue": 2917500000,
        "costOfRevenue": 0,
        "grossProfit": 2917500000,
        "grossProfitRatio": 1,
        "researchAndDevelopmentExpenses": 0,
        "generalAndAdministrativeExpenses": 0,
        "sellingAndMarketingExpenses": 0,
        "sellingGeneralAndAdministrativeExpenses": 0,
        "otherExpenses": -2514500000,
        "operatingExpenses": -2514500000,
        "costAndExpenses": 9100000,
        "interestIncome": 0,
        "interestExpense": 9100000,
        "depreciationAndAmortization": 10700000,
        "ebitda": 19800000,
        "ebitdaratio": 0.0067866324,
        "operatingIncome": 403000000,
        "operatingIncomeRatio": 0.1381319623,
        "totalOtherIncomeExpensesNet": 0,
        "incomeBeforeTax": 1235700000,
        "incomeBeforeTaxRatio": 0.4235475578,
        "incomeTaxExpense": 80300000,
        "netIncome": 313600000,
        "netIncomeRatio": 0.1074892888,
        "eps": 0.56,
        "epsdiluted": 0.56,
        "weightedAverageShsOut": 185580000,
        "weightedAverageShsOutDil": 185580000,
        "link": "",
        "finalLink": ""
    },
    {
        "date": "1992-12-31",
        "symbol": "CNA",
        "reportedCurrency": "USD",
        "cik": "0000021175",
        "fillingDate": "1992-12-31",
        "acceptedDate": "1992-12-30 19:00:00",
        "calendarYear": "1992",
        "period": "Q4",
        "revenue": 2684200000,
        "costOfRevenue": 0,
        "grossProfit": 2684200000,
        "grossProfitRatio": 1,
        "researchAndDevelopmentExpenses": 0,
        "generalAndAdministrativeExpenses": 0,
        "sellingAndMarketingExpenses": 0,
        "sellingGeneralAndAdministrativeExpenses": 0,
        "otherExpenses": -3810400000,
        "operatingExpenses": -3810400000,
        "costAndExpenses": 9879700000,
        "interestIncome": 0,
        "interestExpense": 9100000,
        "depreciationAndAmortization": 9100000,
        "ebitda": 18200000,
        "ebitdaratio": 0.0067804187,
        "operatingIncome": -1126200000,
        "operatingIncomeRatio": -0.4195663512,
        "totalOtherIncomeExpensesNet": 469800000,
        "incomeBeforeTax": -656400000,
        "incomeBeforeTaxRatio": -0.2445421355,
        "incomeTaxExpense": -538100000,
        "netIncome": -597200000,
        "netIncomeRatio": -0.222487147,
        "eps": -3.22,
        "epsdiluted": -3.22,
        "weightedAverageShsOut": 185565000,
        "weightedAverageShsOutDil": 185565000,
        "link": "",
        "finalLink": ""
    },
    {
        "date": "1992-09-30",
        "symbol": "CNA",
        "reportedCurrency": "USD",
        "cik": "0000021175",
        "fillingDate": "1992-09-30",
        "acceptedDate": "1992-09-29 20:00:00",
        "calendarYear": "1992",
        "period": "Q3",
        "revenue": 2702600000,
        "costOfRevenue": 0,
        "grossProfit": 2702600000,
        "grossProfitRatio": 1,
        "researchAndDevelopmentExpenses": 0,
        "generalAndAdministrativeExpenses": 0,
        "sellingAndMarketingExpenses": 0,
        "sellingGeneralAndAdministrativeExpenses": 0,
        "otherExpenses": -2796200000,
        "operatingExpenses": -2796200000,
        "costAndExpenses": 9100000,
        "interestIncome": 0,
        "interestExpense": 9100000,
        "depreciationAndAmortization": 10000000,
        "ebitda": 19100000,
        "ebitdaratio": 0.0070672686,
        "operatingIncome": -93600000,
        "operatingIncomeRatio": -0.0346333161,
        "totalOtherIncomeExpensesNet": 93600000,
        "incomeBeforeTax": 422100000,
        "incomeBeforeTaxRatio": 0.156182935,
        "incomeTaxExpense": -104300000,
        "netIncome": 1600000,
        "netIncomeRatio": 0.0005920225,
        "eps": 0.0086,
        "epsdiluted": 0.0086,
        "weightedAverageShsOut": 185565000,
        "weightedAverageShsOutDil": 185565000,
        "link": "",
        "finalLink": ""
    },
    {
        "date": "1992-06-30",
        "symbol": "CNA",
        "reportedCurrency": "USD",
        "cik": "0000021175",
        "fillingDate": "1992-06-30",
        "acceptedDate": "1992-06-29 20:00:00",
        "calendarYear": "1992",
        "period": "Q2",
        "revenue": 2691200000,
        "costOfRevenue": 0,
        "grossProfit": 2691200000,
        "grossProfitRatio": 1,
        "researchAndDevelopmentExpenses": 0,
        "generalAndAdministrativeExpenses": 0,
        "sellingAndMarketingExpenses": 0,
        "sellingGeneralAndAdministrativeExpenses": 0,
        "otherExpenses": -2555100000,
        "operatingExpenses": -2555100000,
        "costAndExpenses": 9100000,
        "interestIncome": 0,
        "interestExpense": 9100000,
        "depreciationAndAmortization": 10300000,
        "ebitda": 19400000,
        "ebitdaratio": 0.0072086801,
        "operatingIncome": 136100000,
        "operatingIncomeRatio": 0.0505722354,
        "totalOtherIncomeExpensesNet": -136100000,
        "incomeBeforeTax": 678000000,
        "incomeBeforeTaxRatio": 0.2519322235,
        "incomeTaxExpense": -23600000,
        "netIncome": 150600000,
        "netIncomeRatio": 0.0559601665,
        "eps": 0.27,
        "epsdiluted": 0.27,
        "weightedAverageShsOut": 185565000,
        "weightedAverageShsOutDil": 185565000,
        "link": "",
        "finalLink": ""
    },
    {
        "date": "1992-03-31",
        "symbol": "CNA",
        "reportedCurrency": "USD",
        "cik": "0000021175",
        "fillingDate": "1992-03-31",
        "acceptedDate": "1992-03-30 19:00:00",
        "calendarYear": "1992",
        "period": "Q1",
        "revenue": 2715400000,
        "costOfRevenue": 0,
        "grossProfit": 2715400000,
        "grossProfitRatio": 1,
        "researchAndDevelopmentExpenses": 0,
        "generalAndAdministrativeExpenses": 0,
        "sellingAndMarketingExpenses": 0,
        "sellingGeneralAndAdministrativeExpenses": 0,
        "otherExpenses": -2637900000,
        "operatingExpenses": -2637900000,
        "costAndExpenses": 9400000,
        "interestIncome": 0,
        "interestExpense": 9400000,
        "depreciationAndAmortization": 10400000,
        "ebitda": 19800000,
        "ebitdaratio": 0.0072917434,
        "operatingIncome": 77500000,
        "operatingIncomeRatio": 0.0285409148,
        "totalOtherIncomeExpensesNet": -77500000,
        "incomeBeforeTax": 575500000,
        "incomeBeforeTaxRatio": 0.2119393091,
        "incomeTaxExpense": -46400000,
        "netIncome": 114500000,
        "netIncomeRatio": 0.0421668999,
        "eps": 0.2,
        "epsdiluted": 0.2,
        "weightedAverageShsOut": 185565000,
        "weightedAverageShsOutDil": 185565000,
        "link": "",
        "finalLink": ""
    },
    {
        "date": "1991-12-31",
        "symbol": "CNA",
        "reportedCurrency": "USD",
        "cik": "0000021175",
        "fillingDate": "1991-12-31",
        "acceptedDate": "1991-12-30 19:00:00",
        "calendarYear": "1991",
        "period": "Q4",
        "revenue": 2995900000,
        "costOfRevenue": 0,
        "grossProfit": 2995900000,
        "grossProfitRatio": 1,
        "researchAndDevelopmentExpenses": 0,
        "generalAndAdministrativeExpenses": 0,
        "sellingAndMarketingExpenses": 0,
        "sellingGeneralAndAdministrativeExpenses": 0,
        "otherExpenses": -2737700000,
        "operatingExpenses": -2737700000,
        "costAndExpenses": 8251900000,
        "interestIncome": 0,
        "interestExpense": 9700000,
        "depreciationAndAmortization": 101200000,
        "ebitda": 110900000,
        "ebitdaratio": 0.0370172569,
        "operatingIncome": 258200000,
        "operatingIncomeRatio": 0.0861844521,
        "totalOtherIncomeExpensesNet": -258200000,
        "incomeBeforeTax": 1018100000,
        "incomeBeforeTaxRatio": 0.3398311025,
        "incomeTaxExpense": 4700000,
        "netIncome": 243800000,
        "netIncomeRatio": 0.0813778831,
        "eps": 1.31,
        "epsdiluted": 1.31,
        "weightedAverageShsOut": 185565000,
        "weightedAverageShsOutDil": 185565000,
        "link": "",
        "finalLink": ""
    },
    {
        "date": "1991-09-30",
        "symbol": "CNA",
        "reportedCurrency": "USD",
        "cik": "0000021175",
        "fillingDate": "1991-09-30",
        "acceptedDate": "1991-09-29 20:00:00",
        "calendarYear": "1991",
        "period": "Q3",
        "revenue": 2700300000,
        "costOfRevenue": 0,
        "grossProfit": 2700300000,
        "grossProfitRatio": 1,
        "researchAndDevelopmentExpenses": 0,
        "generalAndAdministrativeExpenses": 0,
        "sellingAndMarketingExpenses": 0,
        "sellingGeneralAndAdministrativeExpenses": 0,
        "otherExpenses": -2626200000,
        "operatingExpenses": -2626200000,
        "costAndExpenses": 9600000,
        "interestIncome": 0,
        "interestExpense": 9600000,
        "depreciationAndAmortization": -20200000,
        "ebitda": -10600000,
        "ebitdaratio": -0.0039254898,
        "operatingIncome": 74100000,
        "operatingIncomeRatio": 0.0274413954,
        "totalOtherIncomeExpensesNet": 0,
        "incomeBeforeTax": 523700000,
        "incomeBeforeTaxRatio": 0.1939414139,
        "incomeTaxExpense": -32300000,
        "netIncome": 96800000,
        "netIncomeRatio": 0.0358478688,
        "eps": 0.17,
        "epsdiluted": 0.17,
        "weightedAverageShsOut": 185565000,
        "weightedAverageShsOutDil": 185565000,
        "link": "",
        "finalLink": ""
    },
    {
        "date": "1991-06-30",
        "symbol": "CNA",
        "reportedCurrency": "USD",
        "cik": "0000021175",
        "fillingDate": "1991-06-30",
        "acceptedDate": "1991-06-29 20:00:00",
        "calendarYear": "1991",
        "period": "Q2",
        "revenue": 2754600000,
        "costOfRevenue": 0,
        "grossProfit": 2754600000,
        "grossProfitRatio": 1,
        "researchAndDevelopmentExpenses": 0,
        "generalAndAdministrativeExpenses": 0,
        "sellingAndMarketingExpenses": 0,
        "sellingGeneralAndAdministrativeExpenses": 0,
        "otherExpenses": -2603700000,
        "operatingExpenses": -2603700000,
        "costAndExpenses": 10000000,
        "interestIncome": 0,
        "interestExpense": 10000000,
        "depreciationAndAmortization": -21100000,
        "ebitda": -11100000,
        "ebitdaratio": -0.0040296232,
        "operatingIncome": 150900000,
        "operatingIncomeRatio": 0.0547810934,
        "totalOtherIncomeExpensesNet": -150900000,
        "incomeBeforeTax": 664200000,
        "incomeBeforeTaxRatio": 0.2411239381,
        "incomeTaxExpense": -13400000,
        "netIncome": 154300000,
        "netIncomeRatio": 0.0560153924,
        "eps": 0.27,
        "epsdiluted": 0.27,
        "weightedAverageShsOut": 185565000,
        "weightedAverageShsOutDil": 185565000,
        "link": "",
        "finalLink": ""
    },
    {
        "date": "1991-03-31",
        "symbol": "CNA",
        "reportedCurrency": "USD",
        "cik": "0000021175",
        "fillingDate": "1991-03-31",
        "acceptedDate": "1991-03-30 19:00:00",
        "calendarYear": "1991",
        "period": "Q1",
        "revenue": 2680600000,
        "costOfRevenue": 0,
        "grossProfit": 2680600000,
        "grossProfitRatio": 1,
        "researchAndDevelopmentExpenses": 0,
        "generalAndAdministrativeExpenses": 0,
        "sellingAndMarketingExpenses": 0,
        "sellingGeneralAndAdministrativeExpenses": 0,
        "otherExpenses": -2569500000,
        "operatingExpenses": -2569500000,
        "costAndExpenses": 9000000,
        "interestIncome": 0,
        "interestExpense": 9000000,
        "depreciationAndAmortization": -21800000,
        "ebitda": -12800000,
        "ebitdaratio": -0.0047750504,
        "operatingIncome": 111100000,
        "operatingIncomeRatio": 0.0414459449,
        "totalOtherIncomeExpensesNet": -111100000,
        "incomeBeforeTax": 573300000,
        "incomeBeforeTaxRatio": 0.2138700291,
        "incomeTaxExpense": -15500000,
        "netIncome": 117600000,
        "netIncomeRatio": 0.0438707752,
        "eps": 0.21,
        "epsdiluted": 0.21,
        "weightedAverageShsOut": 185565000,
        "weightedAverageShsOutDil": 185565000,
        "link": "",
        "finalLink": ""
    },
    {
        "date": "1990-12-31",
        "symbol": "CNA",
        "reportedCurrency": "USD",
        "cik": "0000021175",
        "fillingDate": "1990-12-31",
        "acceptedDate": "1990-12-30 19:00:00",
        "calendarYear": "1990",
        "period": "Q4",
        "revenue": 2609700000,
        "costOfRevenue": 0,
        "grossProfit": 2609700000,
        "grossProfitRatio": 1,
        "researchAndDevelopmentExpenses": 0,
        "generalAndAdministrativeExpenses": 0,
        "sellingAndMarketingExpenses": 0,
        "sellingGeneralAndAdministrativeExpenses": 0,
        "otherExpenses": -2642000000,
        "operatingExpenses": -2642000000,
        "costAndExpenses": 7600000,
        "interestIncome": 0,
        "interestExpense": 7600000,
        "depreciationAndAmortization": -23200000,
        "ebitda": -15600000,
        "ebitdaratio": -0.0059776986,
        "operatingIncome": -32300000,
        "operatingIncomeRatio": -0.0123769016,
        "totalOtherIncomeExpensesNet": 32300000,
        "incomeBeforeTax": 287100000,
        "incomeBeforeTaxRatio": 0.1100126451,
        "incomeTaxExpense": -104500000,
        "netIncome": 64600000,
        "netIncomeRatio": 0.0247538031,
        "eps": 0.35,
        "epsdiluted": 0.35,
        "weightedAverageShsOut": 185565000,
        "weightedAverageShsOutDil": 185565000,
        "link": "",
        "finalLink": ""
    },
    {
        "date": "1990-09-30",
        "symbol": "CNA",
        "reportedCurrency": "USD",
        "cik": "0000021175",
        "fillingDate": "1990-09-30",
        "acceptedDate": "1990-09-29 20:00:00",
        "calendarYear": "1990",
        "period": "Q3",
        "revenue": 2517500000,
        "costOfRevenue": 0,
        "grossProfit": 2517500000,
        "grossProfitRatio": 1,
        "researchAndDevelopmentExpenses": 0,
        "generalAndAdministrativeExpenses": 0,
        "sellingAndMarketingExpenses": 0,
        "sellingGeneralAndAdministrativeExpenses": 0,
        "otherExpenses": -2435200000,
        "operatingExpenses": -2435200000,
        "costAndExpenses": 1600000,
        "interestIncome": 0,
        "interestExpense": 1600000,
        "depreciationAndAmortization": -19500000,
        "ebitda": -17900000,
        "ebitdaratio": -0.0071102284,
        "operatingIncome": 82300000,
        "operatingIncomeRatio": 0.0326911619,
        "totalOtherIncomeExpensesNet": 0,
        "incomeBeforeTax": 525900000,
        "incomeBeforeTaxRatio": 0.208897716,
        "incomeTaxExpense": -39100000,
        "netIncome": 119800000,
        "netIncomeRatio": 0.0475868918,
        "eps": 0.21,
        "epsdiluted": 0.21,
        "weightedAverageShsOut": 185565000,
        "weightedAverageShsOutDil": 185565000,
        "link": "",
        "finalLink": ""
    },
    {
        "date": "1990-06-30",
        "symbol": "CNA",
        "reportedCurrency": "USD",
        "cik": "0000021175",
        "fillingDate": "1990-06-30",
        "acceptedDate": "1990-06-29 20:00:00",
        "calendarYear": "1990",
        "period": "Q2",
        "revenue": 2442400000,
        "costOfRevenue": 0,
        "grossProfit": 2442400000,
        "grossProfitRatio": 1,
        "researchAndDevelopmentExpenses": 0,
        "generalAndAdministrativeExpenses": 0,
        "sellingAndMarketingExpenses": 0,
        "sellingGeneralAndAdministrativeExpenses": 0,
        "otherExpenses": -2406600000,
        "operatingExpenses": -2406600000,
        "costAndExpenses": 5100000,
        "interestIncome": 0,
        "interestExpense": 5100000,
        "depreciationAndAmortization": -15200000,
        "ebitda": -10100000,
        "ebitdaratio": -0.0041352768,
        "operatingIncome": 35800000,
        "operatingIncomeRatio": 0.0146577137,
        "totalOtherIncomeExpensesNet": 0,
        "incomeBeforeTax": 428500000,
        "incomeBeforeTaxRatio": 0.175442188,
        "incomeTaxExpense": -57200000,
        "netIncome": 87900000,
        "netIncomeRatio": 0.035989191,
        "eps": 0.15,
        "epsdiluted": 0.15,
        "weightedAverageShsOut": 185712000,
        "weightedAverageShsOutDil": 185712000,
        "link": "",
        "finalLink": ""
    },
    {
        "date": "1990-03-31",
        "symbol": "CNA",
        "reportedCurrency": "USD",
        "cik": "0000021175",
        "fillingDate": "1990-03-31",
        "acceptedDate": "1990-03-30 19:00:00",
        "calendarYear": "1990",
        "period": "Q1",
        "revenue": 2374800000,
        "costOfRevenue": 0,
        "grossProfit": 2374800000,
        "grossProfitRatio": 1,
        "researchAndDevelopmentExpenses": 0,
        "generalAndAdministrativeExpenses": 0,
        "sellingAndMarketingExpenses": 0,
        "sellingGeneralAndAdministrativeExpenses": 0,
        "otherExpenses": -2339700000,
        "operatingExpenses": -2339700000,
        "costAndExpenses": 5500000,
        "interestIncome": 0,
        "interestExpense": 5500000,
        "depreciationAndAmortization": -16200000,
        "ebitda": -10700000,
        "ebitdaratio": -0.0045056426,
        "operatingIncome": 35100000,
        "operatingIncomeRatio": 0.014780192,
        "totalOtherIncomeExpensesNet": 0,
        "incomeBeforeTax": 424300000,
        "incomeBeforeTaxRatio": 0.1786676773,
        "incomeTaxExpense": -64600000,
        "netIncome": 94200000,
        "netIncomeRatio": 0.0396664982,
        "eps": 0.17,
        "epsdiluted": 0.17,
        "weightedAverageShsOut": 185712000,
        "weightedAverageShsOutDil": 185712000,
        "link": "",
        "finalLink": ""
    },
    {
        "date": "1989-12-31",
        "symbol": "CNA",
        "reportedCurrency": "USD",
        "cik": "0000021175",
        "fillingDate": "1989-12-31",
        "acceptedDate": "1989-12-30 19:00:00",
        "calendarYear": "1989",
        "period": "Q4",
        "revenue": 2292100000,
        "costOfRevenue": 0,
        "grossProfit": 2292100000,
        "grossProfitRatio": 1,
        "researchAndDevelopmentExpenses": 0,
        "generalAndAdministrativeExpenses": 0,
        "sellingAndMarketingExpenses": 0,
        "sellingGeneralAndAdministrativeExpenses": 0,
        "otherExpenses": -2385400000,
        "operatingExpenses": -2385400000,
        "costAndExpenses": 600000,
        "interestIncome": 0,
        "interestExpense": 600000,
        "depreciationAndAmortization": -18000000,
        "ebitda": -17400000,
        "ebitdaratio": -0.0075912918,
        "operatingIncome": -93300000,
        "operatingIncomeRatio": -0.0407050303,
        "totalOtherIncomeExpensesNet": 0,
        "incomeBeforeTax": 270400000,
        "incomeBeforeTaxRatio": 0.1179704201,
        "incomeTaxExpense": -148900000,
        "netIncome": 55000000,
        "netIncomeRatio": 0.0239954627,
        "eps": 0.3,
        "epsdiluted": 0.3,
        "weightedAverageShsOut": 185712000,
        "weightedAverageShsOutDil": 185712000,
        "link": "",
        "finalLink": ""
    },
    {
        "date": "1989-09-30",
        "symbol": "CNA",
        "reportedCurrency": "USD",
        "cik": "0000021175",
        "fillingDate": "1989-09-30",
        "acceptedDate": "1989-09-29 20:00:00",
        "calendarYear": "1989",
        "period": "Q3",
        "revenue": 2329300000,
        "costOfRevenue": 0,
        "grossProfit": 2329300000,
        "grossProfitRatio": 1,
        "researchAndDevelopmentExpenses": 0,
        "generalAndAdministrativeExpenses": 0,
        "sellingAndMarketingExpenses": 0,
        "sellingGeneralAndAdministrativeExpenses": 0,
        "otherExpenses": -2233700000,
        "operatingExpenses": -2233700000,
        "costAndExpenses": 800000,
        "interestIncome": 0,
        "interestExpense": 800000,
        "depreciationAndAmortization": 0,
        "ebitda": 0,
        "ebitdaratio": 0,
        "operatingIncome": 95600000,
        "operatingIncomeRatio": 0.0410423732,
        "totalOtherIncomeExpensesNet": -95600000,
        "incomeBeforeTax": 490900000,
        "incomeBeforeTaxRatio": 0.2107500107,
        "incomeTaxExpense": -63500000,
        "netIncome": 158300000,
        "netIncomeRatio": 0.0679603314,
        "eps": 0.28,
        "epsdiluted": 0.28,
        "weightedAverageShsOut": 185712000,
        "weightedAverageShsOutDil": 185712000,
        "link": "",
        "finalLink": ""
    },
    {
        "date": "1989-06-30",
        "symbol": "CNA",
        "reportedCurrency": "USD",
        "cik": "0000021175",
        "fillingDate": "1989-06-30",
        "acceptedDate": "1989-06-29 20:00:00",
        "calendarYear": "1989",
        "period": "Q2",
        "revenue": 2285600000,
        "costOfRevenue": 0,
        "grossProfit": 2285600000,
        "grossProfitRatio": 1,
        "researchAndDevelopmentExpenses": 0,
        "generalAndAdministrativeExpenses": 0,
        "sellingAndMarketingExpenses": 0,
        "sellingGeneralAndAdministrativeExpenses": 0,
        "otherExpenses": -2066200000,
        "operatingExpenses": -2066200000,
        "costAndExpenses": -2066200000,
        "interestIncome": 0,
        "interestExpense": 0,
        "depreciationAndAmortization": 0,
        "ebitda": 219400000,
        "ebitdaratio": 0.0959922996,
        "operatingIncome": 219400000,
        "operatingIncomeRatio": 0.0959922996,
        "totalOtherIncomeExpensesNet": 0,
        "incomeBeforeTax": 0,
        "incomeBeforeTaxRatio": 0,
        "incomeTaxExpense": -219400000,
        "netIncome": 219400000,
        "netIncomeRatio": 0.0959922996,
        "eps": 0.39,
        "epsdiluted": 0.39,
        "weightedAverageShsOut": 185712000,
        "weightedAverageShsOutDil": 185712000,
        "link": "",
        "finalLink": ""
    },
    {
        "date": "1989-03-31",
        "symbol": "CNA",
        "reportedCurrency": "USD",
        "cik": "0000021175",
        "fillingDate": "1989-03-31",
        "acceptedDate": "1989-03-30 19:00:00",
        "calendarYear": "1989",
        "period": "Q1",
        "revenue": 2177000000,
        "costOfRevenue": 0,
        "grossProfit": 2177000000,
        "grossProfitRatio": 1,
        "researchAndDevelopmentExpenses": 0,
        "generalAndAdministrativeExpenses": 0,
        "sellingAndMarketingExpenses": 0,
        "sellingGeneralAndAdministrativeExpenses": 0,
        "otherExpenses": -1996200000,
        "operatingExpenses": -1996200000,
        "costAndExpenses": -1996200000,
        "interestIncome": 0,
        "interestExpense": 0,
        "depreciationAndAmortization": 0,
        "ebitda": 180800000,
        "ebitdaratio": 0.0830500689,
        "operatingIncome": 180800000,
        "operatingIncomeRatio": 0.0830500689,
        "totalOtherIncomeExpensesNet": 0,
        "incomeBeforeTax": 0,
        "incomeBeforeTaxRatio": 0,
        "incomeTaxExpense": -180800000,
        "netIncome": 180800000,
        "netIncomeRatio": 0.0830500689,
        "eps": 0.32,
        "epsdiluted": 0.32,
        "weightedAverageShsOut": 185712000,
        "weightedAverageShsOutDil": 185712000,
        "link": "",
        "finalLink": ""
    },
    {
        "date": "1988-12-31",
        "symbol": "CNA",
        "reportedCurrency": "USD",
        "cik": "0000021175",
        "fillingDate": "1988-12-31",
        "acceptedDate": "1988-12-30 19:00:00",
        "calendarYear": "1988",
        "period": "Q4",
        "revenue": 2191300000,
        "costOfRevenue": 0,
        "grossProfit": 2191300000,
        "grossProfitRatio": 1,
        "researchAndDevelopmentExpenses": 0,
        "generalAndAdministrativeExpenses": 0,
        "sellingAndMarketingExpenses": 0,
        "sellingGeneralAndAdministrativeExpenses": 0,
        "otherExpenses": -2045600000,
        "operatingExpenses": -2045600000,
        "costAndExpenses": -2045600000,
        "interestIncome": 0,
        "interestExpense": 0,
        "depreciationAndAmortization": 0,
        "ebitda": 145700000,
        "ebitdaratio": 0.0664902113,
        "operatingIncome": 145700000,
        "operatingIncomeRatio": 0.0664902113,
        "totalOtherIncomeExpensesNet": 0,
        "incomeBeforeTax": 0,
        "incomeBeforeTaxRatio": 0,
        "incomeTaxExpense": -145700000,
        "netIncome": 145700000,
        "netIncomeRatio": 0.0664902113,
        "eps": 0.78,
        "epsdiluted": 0.78,
        "weightedAverageShsOut": 187045000,
        "weightedAverageShsOutDil": 187045000,
        "link": "",
        "finalLink": ""
    },
    {
        "date": "1988-09-30",
        "symbol": "CNA",
        "reportedCurrency": "USD",
        "cik": "0000021175",
        "fillingDate": "1988-09-30",
        "acceptedDate": "1988-09-29 20:00:00",
        "calendarYear": "1988",
        "period": "Q3",
        "revenue": 2118800000,
        "costOfRevenue": 0,
        "grossProfit": 2118800000,
        "grossProfitRatio": 1,
        "researchAndDevelopmentExpenses": 0,
        "generalAndAdministrativeExpenses": 0,
        "sellingAndMarketingExpenses": 0,
        "sellingGeneralAndAdministrativeExpenses": 0,
        "otherExpenses": -2000000000,
        "operatingExpenses": -2000000000,
        "costAndExpenses": -2000000000,
        "interestIncome": 0,
        "interestExpense": 0,
        "depreciationAndAmortization": 0,
        "ebitda": 118800000,
        "ebitdaratio": 0.0560694733,
        "operatingIncome": 118800000,
        "operatingIncomeRatio": 0.0560694733,
        "totalOtherIncomeExpensesNet": 0,
        "incomeBeforeTax": 0,
        "incomeBeforeTaxRatio": 0,
        "incomeTaxExpense": -118800000,
        "netIncome": 118800000,
        "netIncomeRatio": 0.0560694733,
        "eps": 0.21,
        "epsdiluted": 0.21,
        "weightedAverageShsOut": 187045000,
        "weightedAverageShsOutDil": 187045000,
        "link": "",
        "finalLink": ""
    },
    {
        "date": "1988-06-30",
        "symbol": "CNA",
        "reportedCurrency": "USD",
        "cik": "0000021175",
        "fillingDate": "1988-06-30",
        "acceptedDate": "1988-06-29 20:00:00",
        "calendarYear": "1988",
        "period": "Q2",
        "revenue": 2034800000,
        "costOfRevenue": 0,
        "grossProfit": 2034800000,
        "grossProfitRatio": 1,
        "researchAndDevelopmentExpenses": 0,
        "generalAndAdministrativeExpenses": 0,
        "sellingAndMarketingExpenses": 0,
        "sellingGeneralAndAdministrativeExpenses": 0,
        "otherExpenses": -1929100000,
        "operatingExpenses": -1929100000,
        "costAndExpenses": -1929100000,
        "interestIncome": 0,
        "interestExpense": 0,
        "depreciationAndAmortization": 0,
        "ebitda": 105700000,
        "ebitdaratio": 0.0519461372,
        "operatingIncome": 105700000,
        "operatingIncomeRatio": 0.0519461372,
        "totalOtherIncomeExpensesNet": 0,
        "incomeBeforeTax": 0,
        "incomeBeforeTaxRatio": 0,
        "incomeTaxExpense": -105700000,
        "netIncome": 105700000,
        "netIncomeRatio": 0.0519461372,
        "eps": 0.18,
        "epsdiluted": 0.18,
        "weightedAverageShsOut": 187550000,
        "weightedAverageShsOutDil": 187550000,
        "link": "",
        "finalLink": ""
    },
    {
        "date": "1988-03-31",
        "symbol": "CNA",
        "reportedCurrency": "USD",
        "cik": "0000021175",
        "fillingDate": "1988-03-31",
        "acceptedDate": "1988-03-30 19:00:00",
        "calendarYear": "1988",
        "period": "Q1",
        "revenue": 2001100000,
        "costOfRevenue": 0,
        "grossProfit": 2001100000,
        "grossProfitRatio": 1,
        "researchAndDevelopmentExpenses": 0,
        "generalAndAdministrativeExpenses": 0,
        "sellingAndMarketingExpenses": 0,
        "sellingGeneralAndAdministrativeExpenses": 0,
        "otherExpenses": -1825100000,
        "operatingExpenses": -1825100000,
        "costAndExpenses": -1825100000,
        "interestIncome": 0,
        "interestExpense": 0,
        "depreciationAndAmortization": 0,
        "ebitda": 176000000,
        "ebitdaratio": 0.0879516266,
        "operatingIncome": 176000000,
        "operatingIncomeRatio": 0.0879516266,
        "totalOtherIncomeExpensesNet": 0,
        "incomeBeforeTax": 0,
        "incomeBeforeTaxRatio": 0,
        "incomeTaxExpense": -176000000,
        "netIncome": 176000000,
        "netIncomeRatio": 0.0879516266,
        "eps": 0.31,
        "epsdiluted": 0.31,
        "weightedAverageShsOut": 190508000,
        "weightedAverageShsOutDil": 190508000,
        "link": "",
        "finalLink": ""
    },
    {
        "date": "1987-12-31",
        "symbol": "CNA",
        "reportedCurrency": "USD",
        "cik": "0000021175",
        "fillingDate": "1987-12-31",
        "acceptedDate": "1987-12-30 19:00:00",
        "calendarYear": "1987",
        "period": "Q4",
        "revenue": 1857400000,
        "costOfRevenue": 0,
        "grossProfit": 1857400000,
        "grossProfitRatio": 1,
        "researchAndDevelopmentExpenses": 0,
        "generalAndAdministrativeExpenses": 0,
        "sellingAndMarketingExpenses": 0,
        "sellingGeneralAndAdministrativeExpenses": 0,
        "otherExpenses": -1734600000,
        "operatingExpenses": -1734600000,
        "costAndExpenses": -1734600000,
        "interestIncome": 0,
        "interestExpense": 0,
        "depreciationAndAmortization": 0,
        "ebitda": 122800000,
        "ebitdaratio": 0.0661139227,
        "operatingIncome": 122800000,
        "operatingIncomeRatio": 0.0661139227,
        "totalOtherIncomeExpensesNet": 0,
        "incomeBeforeTax": 0,
        "incomeBeforeTaxRatio": 0,
        "incomeTaxExpense": -122800000,
        "netIncome": 122800000,
        "netIncomeRatio": 0.0661139227,
        "eps": 0.64,
        "epsdiluted": 0.64,
        "weightedAverageShsOut": 188168000,
        "weightedAverageShsOutDil": 190508000,
        "link": "",
        "finalLink": ""
    },
    {
        "date": "1987-09-30",
        "symbol": "CNA",
        "reportedCurrency": "USD",
        "cik": "0000021175",
        "fillingDate": "1987-09-30",
        "acceptedDate": "1987-09-29 20:00:00",
        "calendarYear": "1987",
        "period": "Q3",
        "revenue": 1798900000,
        "costOfRevenue": 0,
        "grossProfit": 1798900000,
        "grossProfitRatio": 1,
        "researchAndDevelopmentExpenses": 0,
        "generalAndAdministrativeExpenses": 0,
        "sellingAndMarketingExpenses": 0,
        "sellingGeneralAndAdministrativeExpenses": 0,
        "otherExpenses": -1683600000,
        "operatingExpenses": -1683600000,
        "costAndExpenses": -1683600000,
        "interestIncome": 0,
        "interestExpense": 0,
        "depreciationAndAmortization": 0,
        "ebitda": 115300000,
        "ebitdaratio": 0.0640947246,
        "operatingIncome": 115300000,
        "operatingIncomeRatio": 0.0640947246,
        "totalOtherIncomeExpensesNet": 0,
        "incomeBeforeTax": 0,
        "incomeBeforeTaxRatio": 0,
        "incomeTaxExpense": -115300000,
        "netIncome": 115300000,
        "netIncomeRatio": 0.0640947246,
        "eps": 0.2,
        "epsdiluted": 0.2,
        "weightedAverageShsOut": 190508000,
        "weightedAverageShsOutDil": 190508000,
        "link": "",
        "finalLink": ""
    },
    {
        "date": "1987-06-30",
        "symbol": "CNA",
        "reportedCurrency": "USD",
        "cik": "0000021175",
        "fillingDate": "1987-06-30",
        "acceptedDate": "1987-06-29 20:00:00",
        "calendarYear": "1987",
        "period": "Q2",
        "revenue": 1776300000,
        "costOfRevenue": 0,
        "grossProfit": 1776300000,
        "grossProfitRatio": 1,
        "researchAndDevelopmentExpenses": 0,
        "generalAndAdministrativeExpenses": 0,
        "sellingAndMarketingExpenses": 0,
        "sellingGeneralAndAdministrativeExpenses": 0,
        "otherExpenses": -1672800000,
        "operatingExpenses": -1672800000,
        "costAndExpenses": -1672800000,
        "interestIncome": 0,
        "interestExpense": 0,
        "depreciationAndAmortization": 0,
        "ebitda": 103500000,
        "ebitdaratio": 0.0582671846,
        "operatingIncome": 103500000,
        "operatingIncomeRatio": 0.0582671846,
        "totalOtherIncomeExpensesNet": 0,
        "incomeBeforeTax": 0,
        "incomeBeforeTaxRatio": 0,
        "incomeTaxExpense": -103500000,
        "netIncome": 103500000,
        "netIncomeRatio": 0.0582671846,
        "eps": 0.18,
        "epsdiluted": 0.18,
        "weightedAverageShsOut": 192547000,
        "weightedAverageShsOutDil": 192547000,
        "link": "",
        "finalLink": ""
    },
    {
        "date": "1987-03-31",
        "symbol": "CNA",
        "reportedCurrency": "USD",
        "cik": "0000021175",
        "fillingDate": "1987-03-31",
        "acceptedDate": "1987-03-30 19:00:00",
        "calendarYear": "1987",
        "period": "Q1",
        "revenue": 1688600000,
        "costOfRevenue": 0,
        "grossProfit": 1688600000,
        "grossProfitRatio": 1,
        "researchAndDevelopmentExpenses": 0,
        "generalAndAdministrativeExpenses": 0,
        "sellingAndMarketingExpenses": 0,
        "sellingGeneralAndAdministrativeExpenses": 0,
        "otherExpenses": -1609000000,
        "operatingExpenses": -1609000000,
        "costAndExpenses": -1609000000,
        "interestIncome": 0,
        "interestExpense": 0,
        "depreciationAndAmortization": 0,
        "ebitda": 79600000,
        "ebitdaratio": 0.0471396423,
        "operatingIncome": 79600000,
        "operatingIncomeRatio": 0.0471396423,
        "totalOtherIncomeExpensesNet": 0,
        "incomeBeforeTax": 0,
        "incomeBeforeTaxRatio": 0,
        "incomeTaxExpense": -79600000,
        "netIncome": 79600000,
        "netIncomeRatio": 0.0471396423,
        "eps": 0.13,
        "epsdiluted": 0.13,
        "weightedAverageShsOut": 192547000,
        "weightedAverageShsOutDil": 192547000,
        "link": "",
        "finalLink": ""
    },
    {
        "date": "1986-12-31",
        "symbol": "CNA",
        "reportedCurrency": "USD",
        "cik": "0000021175",
        "fillingDate": "1986-12-31",
        "acceptedDate": "1986-12-30 19:00:00",
        "calendarYear": "1986",
        "period": "Q4",
        "revenue": 1864500000,
        "costOfRevenue": 0,
        "grossProfit": 1864500000,
        "grossProfitRatio": 1,
        "researchAndDevelopmentExpenses": 0,
        "generalAndAdministrativeExpenses": 0,
        "sellingAndMarketingExpenses": 0,
        "sellingGeneralAndAdministrativeExpenses": 0,
        "otherExpenses": -1800200000,
        "operatingExpenses": -1800200000,
        "costAndExpenses": -1800200000,
        "interestIncome": 0,
        "interestExpense": 0,
        "depreciationAndAmortization": 0,
        "ebitda": 64300000,
        "ebitdaratio": 0.0344864575,
        "operatingIncome": 64300000,
        "operatingIncomeRatio": 0.0344864575,
        "totalOtherIncomeExpensesNet": 0,
        "incomeBeforeTax": 0,
        "incomeBeforeTaxRatio": 0,
        "incomeTaxExpense": -64300000,
        "netIncome": 64300000,
        "netIncomeRatio": 0.0344864575,
        "eps": 0.33,
        "epsdiluted": 0.33,
        "weightedAverageShsOut": 192547000,
        "weightedAverageShsOutDil": 192547000,
        "link": "",
        "finalLink": ""
    },
    {
        "date": "1986-09-30",
        "symbol": "CNA",
        "reportedCurrency": "USD",
        "cik": "0000021175",
        "fillingDate": "1986-09-30",
        "acceptedDate": "1986-09-29 20:00:00",
        "calendarYear": "1986",
        "period": "Q3",
        "revenue": 1572300000,
        "costOfRevenue": 0,
        "grossProfit": 1572300000,
        "grossProfitRatio": 1,
        "researchAndDevelopmentExpenses": 0,
        "generalAndAdministrativeExpenses": 0,
        "sellingAndMarketingExpenses": 0,
        "sellingGeneralAndAdministrativeExpenses": 0,
        "otherExpenses": -1497400000,
        "operatingExpenses": -1497400000,
        "costAndExpenses": -1497400000,
        "interestIncome": 0,
        "interestExpense": 0,
        "depreciationAndAmortization": 0,
        "ebitda": 74900000,
        "ebitdaratio": 0.0476372194,
        "operatingIncome": 74900000,
        "operatingIncomeRatio": 0.0476372194,
        "totalOtherIncomeExpensesNet": 0,
        "incomeBeforeTax": 0,
        "incomeBeforeTaxRatio": 0,
        "incomeTaxExpense": -74900000,
        "netIncome": 74900000,
        "netIncomeRatio": 0.0476372194,
        "eps": 0.13,
        "epsdiluted": 0.13,
        "weightedAverageShsOut": 192547000,
        "weightedAverageShsOutDil": 192547000,
        "link": "",
        "finalLink": ""
    },
    {
        "date": "1986-06-30",
        "symbol": "CNA",
        "reportedCurrency": "USD",
        "cik": "0000021175",
        "fillingDate": "1986-06-30",
        "acceptedDate": "1986-06-29 20:00:00",
        "calendarYear": "1986",
        "period": "Q2",
        "revenue": 1535400000,
        "costOfRevenue": 0,
        "grossProfit": 1535400000,
        "grossProfitRatio": 1,
        "researchAndDevelopmentExpenses": 0,
        "generalAndAdministrativeExpenses": 0,
        "sellingAndMarketingExpenses": 0,
        "sellingGeneralAndAdministrativeExpenses": 0,
        "otherExpenses": -1467900000,
        "operatingExpenses": -1467900000,
        "costAndExpenses": -1467900000,
        "interestIncome": 0,
        "interestExpense": 0,
        "depreciationAndAmortization": 0,
        "ebitda": 67500000,
        "ebitdaratio": 0.0439624853,
        "operatingIncome": 67500000,
        "operatingIncomeRatio": 0.0439624853,
        "totalOtherIncomeExpensesNet": 0,
        "incomeBeforeTax": 0,
        "incomeBeforeTaxRatio": 0,
        "incomeTaxExpense": -67500000,
        "netIncome": 67500000,
        "netIncomeRatio": 0.0439624853,
        "eps": 0.12,
        "epsdiluted": 0.12,
        "weightedAverageShsOut": 192547000,
        "weightedAverageShsOutDil": 192547000,
        "link": "",
        "finalLink": ""
    },
    {
        "date": "1986-03-31",
        "symbol": "CNA",
        "reportedCurrency": "USD",
        "cik": "0000021175",
        "fillingDate": "1986-03-31",
        "acceptedDate": "1986-03-30 19:00:00",
        "calendarYear": "1986",
        "period": "Q1",
        "revenue": 1420000000,
        "costOfRevenue": 0,
        "grossProfit": 1420000000,
        "grossProfitRatio": 1,
        "researchAndDevelopmentExpenses": 0,
        "generalAndAdministrativeExpenses": 0,
        "sellingAndMarketingExpenses": 0,
        "sellingGeneralAndAdministrativeExpenses": 0,
        "otherExpenses": -1366100000,
        "operatingExpenses": -1366100000,
        "costAndExpenses": -1366100000,
        "interestIncome": 0,
        "interestExpense": 0,
        "depreciationAndAmortization": 0,
        "ebitda": 53900000,
        "ebitdaratio": 0.0379577465,
        "operatingIncome": 53900000,
        "operatingIncomeRatio": 0.0379577465,
        "totalOtherIncomeExpensesNet": 0,
        "incomeBeforeTax": 0,
        "incomeBeforeTaxRatio": 0,
        "incomeTaxExpense": -53900000,
        "netIncome": 53900000,
        "netIncomeRatio": 0.0379577465,
        "eps": 0.0933,
        "epsdiluted": 0.0933,
        "weightedAverageShsOut": 192547000,
        "weightedAverageShsOutDil": 192547000,
        "link": "",
        "finalLink": ""
    },
    {
        "date": "1985-12-31",
        "symbol": "CNA",
        "reportedCurrency": "USD",
        "cik": "0000021175",
        "fillingDate": "1985-12-31",
        "acceptedDate": "1985-12-30 19:00:00",
        "calendarYear": "1985",
        "period": "Q4",
        "revenue": 1307600000,
        "costOfRevenue": 0,
        "grossProfit": 1307600000,
        "grossProfitRatio": 1,
        "researchAndDevelopmentExpenses": 0,
        "generalAndAdministrativeExpenses": 0,
        "sellingAndMarketingExpenses": 0,
        "sellingGeneralAndAdministrativeExpenses": 0,
        "otherExpenses": -1249900000,
        "operatingExpenses": -1249900000,
        "costAndExpenses": -1249900000,
        "interestIncome": 0,
        "interestExpense": 0,
        "depreciationAndAmortization": 0,
        "ebitda": 57700000,
        "ebitdaratio": 0.0441266442,
        "operatingIncome": 57700000,
        "operatingIncomeRatio": 0.0441266442,
        "totalOtherIncomeExpensesNet": 0,
        "incomeBeforeTax": 0,
        "incomeBeforeTaxRatio": 0,
        "incomeTaxExpense": -57700000,
        "netIncome": 57700000,
        "netIncomeRatio": 0.0441266442,
        "eps": 0.31,
        "epsdiluted": 0.31,
        "weightedAverageShsOut": 186498000,
        "weightedAverageShsOutDil": 186498000,
        "link": "",
        "finalLink": ""
    },
    {
        "date": "1985-09-30",
        "symbol": "CNA",
        "reportedCurrency": "USD",
        "cik": "0000021175",
        "fillingDate": "1985-09-30",
        "acceptedDate": "1985-09-29 20:00:00",
        "calendarYear": "1985",
        "period": "Q3",
        "revenue": 1161200000,
        "costOfRevenue": 0,
        "grossProfit": 1161200000,
        "grossProfitRatio": 1,
        "researchAndDevelopmentExpenses": 0,
        "generalAndAdministrativeExpenses": 0,
        "sellingAndMarketingExpenses": 0,
        "sellingGeneralAndAdministrativeExpenses": 0,
        "otherExpenses": -1113500000,
        "operatingExpenses": -1113500000,
        "costAndExpenses": -1113500000,
        "interestIncome": 0,
        "interestExpense": 0,
        "depreciationAndAmortization": 0,
        "ebitda": 47700000,
        "ebitdaratio": 0.041078195,
        "operatingIncome": 47700000,
        "operatingIncomeRatio": 0.041078195,
        "totalOtherIncomeExpensesNet": 0,
        "incomeBeforeTax": 0,
        "incomeBeforeTaxRatio": 0,
        "incomeTaxExpense": -47700000,
        "netIncome": 47700000,
        "netIncomeRatio": 0.041078195,
        "eps": 0.0867,
        "epsdiluted": 0.0867,
        "weightedAverageShsOut": 186498000,
        "weightedAverageShsOutDil": 186498000,
        "link": "",
        "finalLink": ""
    }
]