[
    {
        "date": "2025-06-30",
        "symbol": "COE",
        "reportedCurrency": "CNY",
        "cik": "0001659494",
        "fillingDate": "2025-06-30",
        "acceptedDate": "2025-06-30 00:00:00",
        "calendarYear": "2025",
        "period": "Q2",
        "revenue": 146278137,
        "costOfRevenue": 37153987,
        "grossProfit": 109124150,
        "grossProfitRatio": 0.7460045106,
        "researchAndDevelopmentExpenses": 8877945.6,
        "generalAndAdministrativeExpenses": 27824256,
        "sellingAndMarketingExpenses": 91941955,
        "sellingGeneralAndAdministrativeExpenses": 119766211,
        "otherExpenses": 0,
        "operatingExpenses": 128644156,
        "costAndExpenses": 165798144,
        "interestIncome": 58000,
        "interestExpense": 0,
        "depreciationAndAmortization": 0,
        "ebitda": -19520006,
        "ebitdaratio": -0.1334444532,
        "operatingIncome": -19520006,
        "operatingIncomeRatio": -0.1334444532,
        "totalOtherIncomeExpensesNet": -1211932.8,
        "incomeBeforeTax": -20731939,
        "incomeBeforeTaxRatio": -0.1417295805,
        "incomeTaxExpense": 1211932.8,
        "netIncome": -21850646,
        "netIncomeRatio": -0.1493773878,
        "eps": -258,
        "epsdiluted": -258,
        "weightedAverageShsOut": 98311,
        "weightedAverageShsOutDil": 98311,
        "link": null,
        "finalLink": null
    },
    {
        "date": "2025-03-31",
        "symbol": "COE",
        "reportedCurrency": "CNY",
        "cik": "0001659494",
        "fillingDate": "2025-03-31",
        "acceptedDate": "2025-03-31 00:00:00",
        "calendarYear": "2025",
        "period": "Q1",
        "revenue": 132861881,
        "costOfRevenue": 30617866,
        "grossProfit": 102244014,
        "grossProfitRatio": 0.7695511552,
        "researchAndDevelopmentExpenses": 7579833.3,
        "generalAndAdministrativeExpenses": 23423942,
        "sellingAndMarketingExpenses": 80654960,
        "sellingGeneralAndAdministrativeExpenses": 104078902,
        "otherExpenses": 0,
        "operatingExpenses": 111658735,
        "costAndExpenses": 142276602,
        "interestIncome": 20000,
        "interestExpense": 0,
        "depreciationAndAmortization": 0,
        "ebitda": -9414720.9,
        "ebitdaratio": -0.0708609635,
        "operatingIncome": -9414720.9,
        "operatingIncomeRatio": -0.0708609635,
        "totalOtherIncomeExpensesNet": -283970.7,
        "incomeBeforeTax": -9698691.6,
        "incomeBeforeTaxRatio": -0.0729983011,
        "incomeTaxExpense": 1143164.1,
        "netIncome": -10703511,
        "netIncomeRatio": -0.0805611882,
        "eps": 0,
        "epsdiluted": 0,
        "weightedAverageShsOut": 97665,
        "weightedAverageShsOutDil": 97665,
        "link": null,
        "finalLink": null
    },
    {
        "date": "2024-12-31",
        "symbol": "COE",
        "reportedCurrency": "CNY",
        "cik": "0001659494",
        "fillingDate": "2025-04-25",
        "acceptedDate": "2025-04-25 16:00:46",
        "calendarYear": "2024",
        "period": "Q4",
        "revenue": 118525213,
        "costOfRevenue": 26647918,
        "grossProfit": 91877294,
        "grossProfitRatio": 0.7751708828,
        "researchAndDevelopmentExpenses": 6831676.8,
        "generalAndAdministrativeExpenses": 17509821,
        "sellingAndMarketingExpenses": 74112015,
        "sellingGeneralAndAdministrativeExpenses": 91621836,
        "otherExpenses": 0,
        "operatingExpenses": 98453513,
        "costAndExpenses": 125101432,
        "interestIncome": 27000,
        "interestExpense": 0,
        "depreciationAndAmortization": 0,
        "ebitda": -6576218.8,
        "ebitdaratio": -0.0554837121,
        "operatingIncome": -6576218.8,
        "operatingIncomeRatio": -0.0554837121,
        "totalOtherIncomeExpensesNet": -4408475.2,
        "incomeBeforeTax": -10984694,
        "incomeBeforeTaxRatio": -0.0926781207,
        "incomeTaxExpense": 1182405.6,
        "netIncome": -11904342,
        "netIncomeRatio": -0.1004372125,
        "eps": 0,
        "epsdiluted": 0,
        "weightedAverageShsOut": 96921,
        "weightedAverageShsOutDil": 96921,
        "link": "https://www.sec.gov/Archives/edgar/data/1659494/000141057825000918/0001410578-25-000918-index.htm",
        "finalLink": "https://www.sec.gov/Archives/edgar/data/1659494/000141057825000918/coe-20241231x20f.htm"
    },
    {
        "date": "2024-09-30",
        "symbol": "COE",
        "reportedCurrency": "CNY",
        "cik": "0001659494",
        "fillingDate": "2024-09-30",
        "acceptedDate": "2024-09-30 00:00:00",
        "calendarYear": "2024",
        "period": "Q3",
        "revenue": 98569203,
        "costOfRevenue": 20946043,
        "grossProfit": 77623160,
        "grossProfitRatio": 0.7874991137,
        "researchAndDevelopmentExpenses": 5887346.9,
        "generalAndAdministrativeExpenses": 19914529,
        "sellingAndMarketingExpenses": 57336724,
        "sellingGeneralAndAdministrativeExpenses": 77251253,
        "otherExpenses": 0,
        "operatingExpenses": 83138600,
        "costAndExpenses": 104084644,
        "interestIncome": 57000,
        "interestExpense": 0,
        "depreciationAndAmortization": 0,
        "ebitda": -5515440.6,
        "ebitdaratio": -0.0559550086,
        "operatingIncome": -5515440.6,
        "operatingIncomeRatio": -0.0559550086,
        "totalOtherIncomeExpensesNet": 1312197.7,
        "incomeBeforeTax": -4203242.9,
        "incomeBeforeTaxRatio": -0.0426425574,
        "incomeTaxExpense": 357872.1,
        "netIncome": -4441824.3,
        "netIncomeRatio": -0.0450630031,
        "eps": -46.31,
        "epsdiluted": -46.31,
        "weightedAverageShsOut": 96584,
        "weightedAverageShsOutDil": 96584,
        "link": null,
        "finalLink": null
    },
    {
        "date": "2024-06-30",
        "symbol": "COE",
        "reportedCurrency": "CNY",
        "cik": "0001659494",
        "fillingDate": "2024-06-30",
        "acceptedDate": "2024-06-28 20:00:00",
        "calendarYear": "2024",
        "period": "Q2",
        "revenue": 79643032,
        "costOfRevenue": 17440080,
        "grossProfit": 62202952,
        "grossProfitRatio": 0.7810218978,
        "researchAndDevelopmentExpenses": 6183961.7,
        "generalAndAdministrativeExpenses": 20266826,
        "sellingAndMarketingExpenses": 53301244,
        "sellingGeneralAndAdministrativeExpenses": 73568070,
        "otherExpenses": 0,
        "operatingExpenses": 79752032,
        "costAndExpenses": 97192112,
        "interestIncome": 63000,
        "interestExpense": 0,
        "depreciationAndAmortization": 0,
        "ebitda": -17549080,
        "ebitdaratio": -0.2203467091,
        "operatingIncome": -17549080,
        "operatingIncomeRatio": -0.2203467091,
        "totalOtherIncomeExpensesNet": 8690973.2,
        "incomeBeforeTax": -8858107.3,
        "incomeBeforeTaxRatio": -0.1112226277,
        "incomeTaxExpense": 297934.7,
        "netIncome": -9047041.5,
        "netIncomeRatio": -0.1135948905,
        "eps": 0,
        "epsdiluted": 0,
        "weightedAverageShsOut": 96305,
        "weightedAverageShsOutDil": 96305,
        "link": null,
        "finalLink": null
    },
    {
        "date": "2024-03-31",
        "symbol": "COE",
        "reportedCurrency": "CNY",
        "cik": "0001659494",
        "fillingDate": "2024-03-31",
        "acceptedDate": "2024-03-29 20:00:00",
        "calendarYear": "2024",
        "period": "Q1",
        "revenue": 68316270,
        "costOfRevenue": 15385440,
        "grossProfit": 52930830,
        "grossProfitRatio": 0.7747909832,
        "researchAndDevelopmentExpenses": 6854040,
        "generalAndAdministrativeExpenses": 18790770,
        "sellingAndMarketingExpenses": 56112030,
        "sellingGeneralAndAdministrativeExpenses": 74902800,
        "otherExpenses": 0,
        "operatingExpenses": 81756840,
        "costAndExpenses": 97142280,
        "interestIncome": 82000,
        "interestExpense": 0,
        "depreciationAndAmortization": 0,
        "ebitda": -28826010,
        "ebitdaratio": -0.4219494126,
        "operatingIncome": -28826010,
        "operatingIncomeRatio": -0.4219494126,
        "totalOtherIncomeExpensesNet": -28920,
        "incomeBeforeTax": -28854930,
        "incomeBeforeTaxRatio": -0.4223727379,
        "incomeTaxExpense": 159060,
        "netIncome": -28876620,
        "netIncomeRatio": -0.4226902318,
        "eps": -260.4,
        "epsdiluted": -260.4,
        "weightedAverageShsOut": 95867,
        "weightedAverageShsOutDil": 95867,
        "link": null,
        "finalLink": null
    },
    {
        "date": "2023-12-31",
        "symbol": "COE",
        "reportedCurrency": "CNY",
        "cik": "0001659494",
        "fillingDate": "2024-04-29",
        "acceptedDate": "2024-04-29 16:07:22",
        "calendarYear": "2023",
        "period": "Q4",
        "revenue": 52925097,
        "costOfRevenue": 13233045,
        "grossProfit": 39692052,
        "grossProfitRatio": 0.7499665423,
        "researchAndDevelopmentExpenses": 6120637,
        "generalAndAdministrativeExpenses": 13225961,
        "sellingAndMarketingExpenses": 50877801,
        "sellingGeneralAndAdministrativeExpenses": 64103762,
        "otherExpenses": 0,
        "operatingExpenses": 70224400,
        "costAndExpenses": 83457445,
        "interestIncome": 67000,
        "interestExpense": 0,
        "depreciationAndAmortization": 0,
        "ebitda": -30532347,
        "ebitdaratio": -0.5768973272,
        "operatingIncome": -30532347,
        "operatingIncomeRatio": -0.5768973272,
        "totalOtherIncomeExpensesNet": -8401708,
        "incomeBeforeTax": -38934056,
        "incomeBeforeTaxRatio": -0.7356444902,
        "incomeTaxExpense": 1211376,
        "netIncome": -40145432,
        "netIncomeRatio": -0.7585329886,
        "eps": -255,
        "epsdiluted": -255,
        "weightedAverageShsOut": 95233,
        "weightedAverageShsOutDil": 95233,
        "link": "https://www.sec.gov/Archives/edgar/data/1659494/000110465924054013/0001104659-24-054013-index.htm",
        "finalLink": "https://www.sec.gov/Archives/edgar/data/1659494/000110465924054013/coe-20231231x20f.htm"
    },
    {
        "date": "2023-09-30",
        "symbol": "COE",
        "reportedCurrency": "CNY",
        "cik": "0001659494",
        "fillingDate": "2023-12-18",
        "acceptedDate": "2023-12-18 08:24:13",
        "calendarYear": "2023",
        "period": "Q3",
        "revenue": 57172319,
        "costOfRevenue": 13570026,
        "grossProfit": 43602292,
        "grossProfitRatio": 0.7626469026,
        "researchAndDevelopmentExpenses": 6339495,
        "generalAndAdministrativeExpenses": 14957704,
        "sellingAndMarketingExpenses": 50431127,
        "sellingGeneralAndAdministrativeExpenses": 65388832,
        "otherExpenses": 0,
        "operatingExpenses": 71728328,
        "costAndExpenses": 85298355,
        "interestIncome": 29000,
        "interestExpense": 0,
        "depreciationAndAmortization": 0,
        "ebitda": -28126035,
        "ebitdaratio": -0.4919519707,
        "operatingIncome": -28126035,
        "operatingIncomeRatio": -0.4919519707,
        "totalOtherIncomeExpensesNet": -102249,
        "incomeBeforeTax": -28228285,
        "incomeBeforeTaxRatio": -0.4937404236,
        "incomeTaxExpense": -7303,
        "netIncome": -28220981,
        "netIncomeRatio": -0.4936126694,
        "eps": -262.8,
        "epsdiluted": -262.8,
        "weightedAverageShsOut": 94923,
        "weightedAverageShsOutDil": 94923,
        "link": "https://www.sec.gov/Archives/edgar/data/1659494/000110465923126636/0001104659-23-126636-index.htm",
        "finalLink": "https://www.sec.gov/Archives/edgar/data/1659494/000110465923126636/tm2333004d1_ex99-1.htm"
    },
    {
        "date": "2023-06-30",
        "symbol": "COE",
        "reportedCurrency": "CNY",
        "cik": "0001659494",
        "fillingDate": "2023-06-30",
        "acceptedDate": "2023-06-30 00:00:00",
        "calendarYear": "2023",
        "period": "Q2",
        "revenue": 45340032,
        "costOfRevenue": 9806773,
        "grossProfit": 35533258,
        "grossProfitRatio": 0.7837060636,
        "researchAndDevelopmentExpenses": 5026514,
        "generalAndAdministrativeExpenses": 14869502,
        "sellingAndMarketingExpenses": 37003550,
        "sellingGeneralAndAdministrativeExpenses": 51873052,
        "otherExpenses": 0,
        "operatingExpenses": 56899567,
        "costAndExpenses": 66706341,
        "interestIncome": 36000,
        "interestExpense": 0,
        "depreciationAndAmortization": 0,
        "ebitda": -21366309,
        "ebitdaratio": -0.4712460062,
        "operatingIncome": -21366309,
        "operatingIncomeRatio": -0.4712460062,
        "totalOtherIncomeExpensesNet": -65185,
        "incomeBeforeTax": -21431494,
        "incomeBeforeTaxRatio": -0.4726836982,
        "incomeTaxExpense": -441811,
        "netIncome": -20989682,
        "netIncomeRatio": -0.4629392851,
        "eps": -261,
        "epsdiluted": -261,
        "weightedAverageShsOut": 94536,
        "weightedAverageShsOutDil": 94536,
        "link": null,
        "finalLink": null
    },
    {
        "date": "2023-03-31",
        "symbol": "COE",
        "reportedCurrency": "CNY",
        "cik": "0001659494",
        "fillingDate": "2023-03-29",
        "acceptedDate": "2023-03-29 07:05:55",
        "calendarYear": "2023",
        "period": "Q1",
        "revenue": 38165188,
        "costOfRevenue": 8537673.6,
        "grossProfit": 29627514,
        "grossProfitRatio": 0.7762968179,
        "researchAndDevelopmentExpenses": 4550676,
        "generalAndAdministrativeExpenses": 12091600,
        "sellingAndMarketingExpenses": 30528026,
        "sellingGeneralAndAdministrativeExpenses": 42619626,
        "otherExpenses": 0,
        "operatingExpenses": 47170302,
        "costAndExpenses": 55707976,
        "interestIncome": 33000,
        "interestExpense": 42000,
        "depreciationAndAmortization": 0,
        "ebitda": -17542788,
        "ebitdaratio": -0.4596541749,
        "operatingIncome": -17542788,
        "operatingIncomeRatio": -0.4596541749,
        "totalOtherIncomeExpensesNet": -288713.6,
        "incomeBeforeTax": -17831501,
        "incomeBeforeTaxRatio": -0.4672190007,
        "incomeTaxExpense": 61867.2,
        "netIncome": -17893369,
        "netIncomeRatio": -0.4688400592,
        "eps": -247.2,
        "epsdiluted": -247.2,
        "weightedAverageShsOut": 94260,
        "weightedAverageShsOutDil": 94260,
        "link": "https://www.sec.gov/Archives/edgar/data/1659494/000110465923037962/0001104659-23-037962-index.htm",
        "finalLink": "https://www.sec.gov/Archives/edgar/data/1659494/000110465923037962/tm2310854d1_ex99-1.htm"
    },
    {
        "date": "2022-12-31",
        "symbol": "COE",
        "reportedCurrency": "CNY",
        "cik": "0001659494",
        "fillingDate": "2023-04-06",
        "acceptedDate": "2023-04-06 09:09:42",
        "calendarYear": "2022",
        "period": "Q4",
        "revenue": 34609367,
        "costOfRevenue": 7276806.3,
        "grossProfit": 27332561,
        "grossProfitRatio": 0.7897446087,
        "researchAndDevelopmentExpenses": 2980612,
        "generalAndAdministrativeExpenses": 11936154,
        "sellingAndMarketingExpenses": 27305153,
        "sellingGeneralAndAdministrativeExpenses": 39241308,
        "otherExpenses": 0,
        "operatingExpenses": 42221921,
        "costAndExpenses": 49498727,
        "interestIncome": 24000,
        "interestExpense": 0,
        "depreciationAndAmortization": 0,
        "ebitda": -14889359,
        "ebitdaratio": -0.4302118268,
        "operatingIncome": -14889359,
        "operatingIncomeRatio": -0.4302118268,
        "totalOtherIncomeExpensesNet": 1171689,
        "incomeBeforeTax": -13717670,
        "incomeBeforeTaxRatio": -0.3963571481,
        "incomeTaxExpense": 0,
        "netIncome": -13717670,
        "netIncomeRatio": -0.3963571481,
        "eps": -246.6,
        "epsdiluted": -246.6,
        "weightedAverageShsOut": 93763,
        "weightedAverageShsOutDil": 93763,
        "link": "https://www.sec.gov/Archives/edgar/data/1659494/000110465923042489/0001104659-23-042489-index.htm",
        "finalLink": "https://www.sec.gov/Archives/edgar/data/1659494/000110465923042489/coe-20221231x20f.htm"
    },
    {
        "date": "2022-09-30",
        "symbol": "COE",
        "reportedCurrency": "CNY",
        "cik": "0001659494",
        "fillingDate": "2022-09-30",
        "acceptedDate": "2022-09-29 20:00:00",
        "calendarYear": "2022",
        "period": "Q3",
        "revenue": 32800603,
        "costOfRevenue": 7027170.4,
        "grossProfit": 25773432,
        "grossProfitRatio": 0.7857609203,
        "researchAndDevelopmentExpenses": 4491961,
        "generalAndAdministrativeExpenses": 13068822,
        "sellingAndMarketingExpenses": 26623263,
        "sellingGeneralAndAdministrativeExpenses": 39692086,
        "otherExpenses": 0,
        "operatingExpenses": 44184048,
        "costAndExpenses": 51211218,
        "interestIncome": 3000,
        "interestExpense": 0,
        "depreciationAndAmortization": 0,
        "ebitda": -18410615,
        "ebitdaratio": -0.561288919,
        "operatingIncome": -18410615,
        "operatingIncomeRatio": -0.561288919,
        "totalOtherIncomeExpensesNet": -1356872,
        "incomeBeforeTax": -19767487,
        "incomeBeforeTaxRatio": -0.6026562073,
        "incomeTaxExpense": 242808,
        "netIncome": -20010296,
        "netIncomeRatio": -0.6100587846,
        "eps": -256.8,
        "epsdiluted": -256.8,
        "weightedAverageShsOut": 93428,
        "weightedAverageShsOutDil": 93428,
        "link": null,
        "finalLink": null
    },
    {
        "date": "2022-06-30",
        "symbol": "COE",
        "reportedCurrency": "CNY",
        "cik": "0001659494",
        "fillingDate": "2022-08-30",
        "acceptedDate": "2022-08-30 06:06:55",
        "calendarYear": "2022",
        "period": "Q2",
        "revenue": 23625551,
        "costOfRevenue": 4911380,
        "grossProfit": 18714170,
        "grossProfitRatio": 0.7921157056,
        "researchAndDevelopmentExpenses": 4690268,
        "generalAndAdministrativeExpenses": 17494700,
        "sellingAndMarketingExpenses": 23940469,
        "sellingGeneralAndAdministrativeExpenses": 41435170,
        "otherExpenses": 0,
        "operatingExpenses": 46125438,
        "costAndExpenses": 51036819,
        "interestIncome": 0,
        "interestExpense": 10873000,
        "depreciationAndAmortization": 0,
        "ebitda": -30426440,
        "ebitdaratio": -1.2878616037,
        "operatingIncome": -27411268,
        "operatingIncomeRatio": -1.1602382522,
        "totalOtherIncomeExpensesNet": -3336790.9,
        "incomeBeforeTax": -30748059,
        "incomeBeforeTaxRatio": -1.3014747889,
        "incomeTaxExpense": 93805,
        "netIncome": -111099056,
        "netIncomeRatio": -4.7024958698,
        "eps": -1206,
        "epsdiluted": -1206,
        "weightedAverageShsOut": 92935,
        "weightedAverageShsOutDil": 92935,
        "link": "https://www.sec.gov/Archives/edgar/data/1659494/000110465922095794/0001104659-22-095794-index.htm",
        "finalLink": "https://www.sec.gov/Archives/edgar/data/1659494/000110465922095794/tm2224708d1_ex99-1.htm"
    },
    {
        "date": "2022-03-31",
        "symbol": "COE",
        "reportedCurrency": "CNY",
        "cik": "0001659494",
        "fillingDate": "2022-03-31",
        "acceptedDate": "2022-03-30 20:00:00",
        "calendarYear": "2022",
        "period": "Q1",
        "revenue": 11929588,
        "costOfRevenue": 2636197,
        "grossProfit": 9293390,
        "grossProfitRatio": 0.7790201975,
        "researchAndDevelopmentExpenses": 6993863,
        "generalAndAdministrativeExpenses": 11974054,
        "sellingAndMarketingExpenses": 12660100,
        "sellingGeneralAndAdministrativeExpenses": 24634154,
        "otherExpenses": 0,
        "operatingExpenses": 31628018,
        "costAndExpenses": 34264216,
        "interestIncome": 48000,
        "interestExpense": 17643000,
        "depreciationAndAmortization": 0,
        "ebitda": -22334628,
        "ebitdaratio": -1.8722044718,
        "operatingIncome": -22334628,
        "operatingIncomeRatio": -1.8722044718,
        "totalOtherIncomeExpensesNet": 578057,
        "incomeBeforeTax": -21756570,
        "incomeBeforeTaxRatio": -1.8237486492,
        "incomeTaxExpense": 76227.4,
        "netIncome": -134484190,
        "netIncomeRatio": -11.2731629961,
        "eps": -1372.2,
        "epsdiluted": -1372.2,
        "weightedAverageShsOut": 92793,
        "weightedAverageShsOutDil": 92793,
        "link": "",
        "finalLink": ""
    },
    {
        "date": "2021-12-31",
        "symbol": "COE",
        "reportedCurrency": "CNY",
        "cik": "0001659494",
        "fillingDate": "2022-05-02",
        "acceptedDate": "2022-05-02 16:06:36",
        "calendarYear": "2021",
        "period": "Q4",
        "revenue": 0,
        "costOfRevenue": 0,
        "grossProfit": 0,
        "grossProfitRatio": 0,
        "researchAndDevelopmentExpenses": 0,
        "generalAndAdministrativeExpenses": 0,
        "sellingAndMarketingExpenses": 0,
        "sellingGeneralAndAdministrativeExpenses": 0,
        "otherExpenses": 0,
        "operatingExpenses": 0,
        "costAndExpenses": 0,
        "interestIncome": 2105081,
        "interestExpense": -13418000,
        "depreciationAndAmortization": 0,
        "ebitda": 0,
        "ebitdaratio": 0,
        "operatingIncome": 0,
        "operatingIncomeRatio": 0,
        "totalOtherIncomeExpensesNet": 0,
        "incomeBeforeTax": 0,
        "incomeBeforeTaxRatio": 0,
        "incomeTaxExpense": 0,
        "netIncome": 0,
        "netIncomeRatio": 0,
        "eps": 576.6,
        "epsdiluted": 538.8,
        "weightedAverageShsOut": 92433,
        "weightedAverageShsOutDil": 93708,
        "link": "https://www.sec.gov/Archives/edgar/data/1659494/000110465922054645/0001104659-22-054645-index.htm",
        "finalLink": "https://www.sec.gov/Archives/edgar/data/1659494/000110465922054645/coe-20211231x20f.htm"
    },
    {
        "date": "2021-06-30",
        "symbol": "COE",
        "reportedCurrency": "CNY",
        "cik": "0001659494",
        "fillingDate": "2021-06-30",
        "acceptedDate": "2021-06-29 20:00:00",
        "calendarYear": "2021",
        "period": "Q2",
        "revenue": 89673941,
        "costOfRevenue": 24459482,
        "grossProfit": 65214459,
        "grossProfitRatio": 0.7272398009,
        "researchAndDevelopmentExpenses": 10058467,
        "generalAndAdministrativeExpenses": 12400736,
        "sellingAndMarketingExpenses": 48851835,
        "sellingGeneralAndAdministrativeExpenses": 61252571,
        "otherExpenses": -868509,
        "operatingExpenses": 70442529,
        "costAndExpenses": 94902012,
        "interestIncome": 1660763,
        "interestExpense": 161791,
        "depreciationAndAmortization": 0,
        "ebitda": -3567307,
        "ebitdaratio": -0.0397808657,
        "operatingIncome": -5228070,
        "operatingIncomeRatio": -0.0583008836,
        "totalOtherIncomeExpensesNet": 1498971,
        "incomeBeforeTax": -3729099,
        "incomeBeforeTaxRatio": -0.041585091,
        "incomeTaxExpense": 449645,
        "netIncome": -4178744,
        "netIncomeRatio": -0.0465993125,
        "eps": 0,
        "epsdiluted": 0,
        "weightedAverageShsOut": 0,
        "weightedAverageShsOutDil": 0,
        "link": "",
        "finalLink": ""
    },
    {
        "date": "2021-03-31",
        "symbol": "COE",
        "reportedCurrency": "CNY",
        "cik": "0001659494",
        "fillingDate": "2021-03-31",
        "acceptedDate": "2021-03-30 20:00:00",
        "calendarYear": "2021",
        "period": "Q1",
        "revenue": 91219082,
        "costOfRevenue": 24265116,
        "grossProfit": 66953965,
        "grossProfitRatio": 0.7339907784,
        "researchAndDevelopmentExpenses": 8770282,
        "generalAndAdministrativeExpenses": 10514737,
        "sellingAndMarketingExpenses": 48457003,
        "sellingGeneralAndAdministrativeExpenses": 58971741,
        "otherExpenses": -1685505,
        "operatingExpenses": 66056517,
        "costAndExpenses": 90321634,
        "interestIncome": 1765420,
        "interestExpense": 517775,
        "depreciationAndAmortization": 0,
        "ebitda": 2662868,
        "ebitdaratio": 0.0291920061,
        "operatingIncome": 897447,
        "operatingIncomeRatio": 0.0098383691,
        "totalOtherIncomeExpensesNet": 1247645,
        "incomeBeforeTax": 2145092,
        "incomeBeforeTaxRatio": 0.0235158253,
        "incomeTaxExpense": 926314,
        "netIncome": 1218778,
        "netIncomeRatio": 0.0133609983,
        "eps": 0,
        "epsdiluted": 0,
        "weightedAverageShsOut": 0,
        "weightedAverageShsOutDil": 0,
        "link": "",
        "finalLink": ""
    },
    {
        "date": "2020-12-31",
        "symbol": "COE",
        "reportedCurrency": "CNY",
        "cik": "0001659494",
        "fillingDate": "2021-04-07",
        "acceptedDate": "2021-04-07 07:07:34",
        "calendarYear": "2020",
        "period": "Q4",
        "revenue": 81899499,
        "costOfRevenue": 22367563,
        "grossProfit": 59531936,
        "grossProfitRatio": 0.726890112,
        "researchAndDevelopmentExpenses": 6823045,
        "generalAndAdministrativeExpenses": 8667289,
        "sellingAndMarketingExpenses": 43545069,
        "sellingGeneralAndAdministrativeExpenses": 52212358,
        "otherExpenses": -1188679,
        "operatingExpenses": 57846723,
        "costAndExpenses": 80214286,
        "interestIncome": 1822050,
        "interestExpense": 0,
        "depreciationAndAmortization": 0,
        "ebitda": 1685212,
        "ebitdaratio": 0.020576585,
        "operatingIncome": 1685212,
        "operatingIncomeRatio": 0.020576585,
        "totalOtherIncomeExpensesNet": 1822050,
        "incomeBeforeTax": 3507262,
        "incomeBeforeTaxRatio": 0.0428239738,
        "incomeTaxExpense": -1363017,
        "netIncome": 4870279,
        "netIncomeRatio": 0.0594665298,
        "eps": 0,
        "epsdiluted": 0,
        "weightedAverageShsOut": 0,
        "weightedAverageShsOutDil": 0,
        "link": "https://www.sec.gov/Archives/edgar/data/1659494/000110465921047321/0001104659-21-047321-index.htm",
        "finalLink": "https://www.sec.gov/Archives/edgar/data/1659494/000110465921047321/coe-20201231x20f.htm"
    },
    {
        "date": "2020-09-30",
        "symbol": "COE",
        "reportedCurrency": "CNY",
        "cik": "0001659494",
        "fillingDate": "2020-09-30",
        "acceptedDate": "2020-09-29 20:00:00",
        "calendarYear": "2020",
        "period": "Q3",
        "revenue": 78878781,
        "costOfRevenue": 21488610,
        "grossProfit": 57390170,
        "grossProfitRatio": 0.7275742509,
        "researchAndDevelopmentExpenses": 6411631,
        "generalAndAdministrativeExpenses": 7764886,
        "sellingAndMarketingExpenses": 41433531,
        "sellingGeneralAndAdministrativeExpenses": 49198417,
        "otherExpenses": -1356331,
        "operatingExpenses": 54253717,
        "costAndExpenses": 75742327,
        "interestIncome": 1724456,
        "interestExpense": 0,
        "depreciationAndAmortization": 0,
        "ebitda": 3136453,
        "ebitdaratio": 0.0397629497,
        "operatingIncome": 3136453,
        "operatingIncomeRatio": 0.0397629497,
        "totalOtherIncomeExpensesNet": 1724456,
        "incomeBeforeTax": 4860909,
        "incomeBeforeTaxRatio": 0.0616250522,
        "incomeTaxExpense": 234087,
        "netIncome": 4626821,
        "netIncomeRatio": 0.0586573593,
        "eps": 0,
        "epsdiluted": 0,
        "weightedAverageShsOut": 0,
        "weightedAverageShsOutDil": 0,
        "link": "",
        "finalLink": ""
    },
    {
        "date": "2020-06-30",
        "symbol": "COE",
        "reportedCurrency": "CNY",
        "cik": "0001659494",
        "fillingDate": "2020-09-09",
        "acceptedDate": "2020-09-09 06:04:27",
        "calendarYear": "2020",
        "period": "Q2",
        "revenue": 69590190,
        "costOfRevenue": 20245095,
        "grossProfit": 49345094,
        "grossProfitRatio": 0.7090811794,
        "researchAndDevelopmentExpenses": 5445699,
        "generalAndAdministrativeExpenses": 7601359,
        "sellingAndMarketingExpenses": 33830294,
        "sellingGeneralAndAdministrativeExpenses": 41431653,
        "otherExpenses": -1357758,
        "operatingExpenses": 45519594,
        "costAndExpenses": 65764690,
        "interestIncome": 1231825,
        "interestExpense": 188546,
        "depreciationAndAmortization": 0,
        "ebitda": 5057325,
        "ebitdaratio": 0.0726729586,
        "operatingIncome": 3825499,
        "operatingIncomeRatio": 0.0549718143,
        "totalOtherIncomeExpensesNet": 1043279,
        "incomeBeforeTax": 4868779,
        "incomeBeforeTaxRatio": 0.0699635825,
        "incomeTaxExpense": 248057,
        "netIncome": 4620721,
        "netIncomeRatio": 0.0663990284,
        "eps": 0,
        "epsdiluted": 0,
        "weightedAverageShsOut": 0,
        "weightedAverageShsOutDil": 0,
        "link": "https://www.sec.gov/Archives/edgar/data/1659494/000110465920103212/0001104659-20-103212-index.htm",
        "finalLink": "https://www.sec.gov/Archives/edgar/data/1659494/000110465920103212/a20-30392_16k.htm"
    },
    {
        "date": "2020-03-31",
        "symbol": "COE",
        "reportedCurrency": "CNY",
        "cik": "0001659494",
        "fillingDate": "2020-04-06",
        "acceptedDate": "2020-04-06 06:09:54",
        "calendarYear": "2020",
        "period": "Q1",
        "revenue": 68504000,
        "costOfRevenue": 20256669,
        "grossProfit": 48247331,
        "grossProfitRatio": 0.7042994716,
        "researchAndDevelopmentExpenses": 5044372,
        "generalAndAdministrativeExpenses": 7128953,
        "sellingAndMarketingExpenses": 32120585,
        "sellingGeneralAndAdministrativeExpenses": 39249539,
        "otherExpenses": -2357284,
        "operatingExpenses": 41936627,
        "costAndExpenses": 62193297,
        "interestIncome": 1065637,
        "interestExpense": 29393,
        "depreciationAndAmortization": 657918,
        "ebitda": 8034260,
        "ebitdaratio": 0.1172816186,
        "operatingIncome": 6310704,
        "operatingIncomeRatio": 0.0921216863,
        "totalOtherIncomeExpensesNet": 1036243,
        "incomeBeforeTax": 7346947,
        "incomeBeforeTaxRatio": 0.107248438,
        "incomeTaxExpense": 203507,
        "netIncome": 7143439,
        "netIncomeRatio": 0.1042776918,
        "eps": 0,
        "epsdiluted": 0,
        "weightedAverageShsOut": 0,
        "weightedAverageShsOutDil": 0,
        "link": "https://www.sec.gov/Archives/edgar/data/1659494/000110465920043349/0001104659-20-043349-index.html",
        "finalLink": "https://www.sec.gov/Archives/edgar/data/1659494/000110465920043349/a19-26371_120f.htm"
    },
    {
        "date": "2019-12-31",
        "symbol": "COE",
        "reportedCurrency": "CNY",
        "cik": "0001659494",
        "fillingDate": "2020-04-06",
        "acceptedDate": "2020-04-06 06:09:54",
        "calendarYear": "2019",
        "period": "Q4",
        "revenue": 56762234,
        "costOfRevenue": 15814086,
        "grossProfit": 40948147,
        "grossProfitRatio": 0.7213977343,
        "researchAndDevelopmentExpenses": 5294706,
        "generalAndAdministrativeExpenses": 6986479,
        "sellingAndMarketingExpenses": 28944660,
        "sellingGeneralAndAdministrativeExpenses": 35931139,
        "otherExpenses": 0,
        "operatingExpenses": 41225846,
        "costAndExpenses": 57039932,
        "interestIncome": 854247,
        "interestExpense": 274125,
        "depreciationAndAmortization": 0,
        "ebitda": 576549,
        "ebitdaratio": 0.0101572641,
        "operatingIncome": -277698,
        "operatingIncomeRatio": -0.0048923022,
        "totalOtherIncomeExpensesNet": 580122,
        "incomeBeforeTax": 302423,
        "incomeBeforeTaxRatio": 0.0053278911,
        "incomeTaxExpense": 186799,
        "netIncome": 115624,
        "netIncomeRatio": 0.0020369882,
        "eps": 0,
        "epsdiluted": 0,
        "weightedAverageShsOut": 0,
        "weightedAverageShsOutDil": 0,
        "link": "https://www.sec.gov/Archives/edgar/data/1659494/000110465920043349/0001104659-20-043349-index.htm",
        "finalLink": "https://www.sec.gov/Archives/edgar/data/1659494/000110465920043349/a19-26371_120f.htm"
    },
    {
        "date": "2019-09-30",
        "symbol": "COE",
        "reportedCurrency": "CNY",
        "cik": "0001659494",
        "fillingDate": "2019-10-23",
        "acceptedDate": "2019-10-23 16:16:31",
        "calendarYear": "2019",
        "period": "Q3",
        "revenue": 57363879,
        "costOfRevenue": 16281234,
        "grossProfit": 41082645,
        "grossProfitRatio": 0.7161762021,
        "researchAndDevelopmentExpenses": 5389646,
        "generalAndAdministrativeExpenses": 6400590,
        "sellingAndMarketingExpenses": 30237800,
        "sellingGeneralAndAdministrativeExpenses": 36638391,
        "otherExpenses": 0,
        "operatingExpenses": 42028037,
        "costAndExpenses": 58309271,
        "interestIncome": 711675,
        "interestExpense": 377876,
        "depreciationAndAmortization": 0,
        "ebitda": -233716,
        "ebitdaratio": -0.0040742712,
        "operatingIncome": -945391,
        "operatingIncomeRatio": -0.0164805975,
        "totalOtherIncomeExpensesNet": 333799,
        "incomeBeforeTax": -611592,
        "incomeBeforeTaxRatio": -0.0106616221,
        "incomeTaxExpense": 200869,
        "netIncome": -812461,
        "netIncomeRatio": -0.0141632856,
        "eps": 0,
        "epsdiluted": 0,
        "weightedAverageShsOut": 0,
        "weightedAverageShsOutDil": 0,
        "link": "https://www.sec.gov/Archives/edgar/data/1659494/000110465919055818/0001104659-19-055818-index.htm",
        "finalLink": "https://www.sec.gov/Archives/edgar/data/1659494/000110465919055818/a19-20824_16k.htm"
    },
    {
        "date": "2019-06-30",
        "symbol": "COE",
        "reportedCurrency": "CNY",
        "cik": "0001659494",
        "fillingDate": "2019-09-12",
        "acceptedDate": "2019-09-12 06:04:20",
        "calendarYear": "2019",
        "period": "Q2",
        "revenue": 51197973,
        "costOfRevenue": 15617572,
        "grossProfit": 35580400,
        "grossProfitRatio": 0.6949572007,
        "researchAndDevelopmentExpenses": 6005764,
        "generalAndAdministrativeExpenses": 7316485,
        "sellingAndMarketingExpenses": 27351188,
        "sellingGeneralAndAdministrativeExpenses": 34667673,
        "otherExpenses": 0,
        "operatingExpenses": 40673437,
        "costAndExpenses": 56291009,
        "interestIncome": 516331,
        "interestExpense": 73035,
        "depreciationAndAmortization": 0,
        "ebitda": -4576705,
        "ebitdaratio": -0.0893923086,
        "operatingIncome": -5093036,
        "operatingIncomeRatio": -0.0994772977,
        "totalOtherIncomeExpensesNet": 443295,
        "incomeBeforeTax": -4649741,
        "incomeBeforeTaxRatio": -0.0908188494,
        "incomeTaxExpense": 171626,
        "netIncome": -4821367,
        "netIncomeRatio": -0.0941710524,
        "eps": 0,
        "epsdiluted": 0,
        "weightedAverageShsOut": 0,
        "weightedAverageShsOutDil": 0,
        "link": "https://www.sec.gov/Archives/edgar/data/1659494/000110465919049828/0001104659-19-049828-index.htm",
        "finalLink": "https://www.sec.gov/Archives/edgar/data/1659494/000110465919049828/a19-18596_16k.htm"
    },
    {
        "date": "2019-03-31",
        "symbol": "COE",
        "reportedCurrency": "CNY",
        "cik": "0001659494",
        "fillingDate": "2019-04-23",
        "acceptedDate": "2019-04-23 16:22:33",
        "calendarYear": "2019",
        "period": "Q1",
        "revenue": 47678234,
        "costOfRevenue": 15749246,
        "grossProfit": 31928987,
        "grossProfitRatio": 0.6696763769,
        "researchAndDevelopmentExpenses": 6062822,
        "generalAndAdministrativeExpenses": 7620646,
        "sellingAndMarketingExpenses": 27749318,
        "sellingGeneralAndAdministrativeExpenses": 35369964,
        "otherExpenses": 0,
        "operatingExpenses": 41432786,
        "costAndExpenses": 57182033,
        "interestIncome": 454477,
        "interestExpense": 646188,
        "depreciationAndAmortization": 1102155,
        "ebitda": -7947166,
        "ebitdaratio": -0.166683313,
        "operatingIncome": -9503799,
        "operatingIncomeRatio": -0.1993320264,
        "totalOtherIncomeExpensesNet": -191711,
        "incomeBeforeTax": -9695510,
        "incomeBeforeTaxRatio": -0.2033529598,
        "incomeTaxExpense": 171006,
        "netIncome": -9866516,
        "netIncomeRatio": -0.2069396278,
        "eps": 0,
        "epsdiluted": 0,
        "weightedAverageShsOut": 0,
        "weightedAverageShsOutDil": 0,
        "link": "https://www.sec.gov/Archives/edgar/data/1659494/000110465919023096/0001104659-19-023096-index.html",
        "finalLink": "https://www.sec.gov/Archives/edgar/data/1659494/000110465919023096/a19-1124_120f.htm"
    },
    {
        "date": "2018-12-31",
        "symbol": "COE",
        "reportedCurrency": "CNY",
        "cik": "0001659494",
        "fillingDate": "2019-04-23",
        "acceptedDate": "2019-04-23 16:22:33",
        "calendarYear": "2018",
        "period": "Q4",
        "revenue": 43327663,
        "costOfRevenue": 16252216,
        "grossProfit": 27075447,
        "grossProfitRatio": 0.6248997782,
        "researchAndDevelopmentExpenses": 6188980,
        "generalAndAdministrativeExpenses": 8794301,
        "sellingAndMarketingExpenses": 30839511,
        "sellingGeneralAndAdministrativeExpenses": 39633813,
        "otherExpenses": 0,
        "operatingExpenses": 45822794,
        "costAndExpenses": 62075010,
        "interestIncome": 366186,
        "interestExpense": 759558,
        "depreciationAndAmortization": 0,
        "ebitda": -19451664,
        "ebitdaratio": -0.4489432998,
        "operatingIncome": -18747346,
        "operatingIncomeRatio": -0.4326876804,
        "totalOtherIncomeExpensesNet": -1463875,
        "incomeBeforeTax": -20211222,
        "incomeBeforeTaxRatio": -0.4664738553,
        "incomeTaxExpense": 134176,
        "netIncome": -20345399,
        "netIncomeRatio": -0.4695706528,
        "eps": 0,
        "epsdiluted": 0,
        "weightedAverageShsOut": 0,
        "weightedAverageShsOutDil": 0,
        "link": "https://www.sec.gov/Archives/edgar/data/1659494/000110465919023096/0001104659-19-023096-index.htm",
        "finalLink": "https://www.sec.gov/Archives/edgar/data/1659494/000110465919023096/a19-1124_120f.htm"
    },
    {
        "date": "2018-09-30",
        "symbol": "COE",
        "reportedCurrency": "CNY",
        "cik": "0001659494",
        "fillingDate": "2018-12-17",
        "acceptedDate": "2018-12-17 16:16:40",
        "calendarYear": "2018",
        "period": "Q3",
        "revenue": 44081452,
        "costOfRevenue": 15943034,
        "grossProfit": 28138418,
        "grossProfitRatio": 0.6383278391,
        "researchAndDevelopmentExpenses": 6631128,
        "generalAndAdministrativeExpenses": 7609737,
        "sellingAndMarketingExpenses": 26787705,
        "sellingGeneralAndAdministrativeExpenses": 34397443,
        "otherExpenses": 0,
        "operatingExpenses": 41028571,
        "costAndExpenses": 56971605,
        "interestIncome": 0,
        "interestExpense": 0,
        "depreciationAndAmortization": 0,
        "ebitda": -12529390,
        "ebitdaratio": -0.2842326972,
        "operatingIncome": -12890152,
        "operatingIncomeRatio": -0.2924166836,
        "totalOtherIncomeExpensesNet": -117345,
        "incomeBeforeTax": -13007498,
        "incomeBeforeTaxRatio": -0.2950787102,
        "incomeTaxExpense": 136103,
        "netIncome": -13143602,
        "netIncomeRatio": -0.2981662673,
        "eps": 0,
        "epsdiluted": 0,
        "weightedAverageShsOut": 0,
        "weightedAverageShsOutDil": 0,
        "link": "https://www.sec.gov/Archives/edgar/data/1659494/000110465918073332/0001104659-18-073332-index.htm",
        "finalLink": "https://www.sec.gov/Archives/edgar/data/1659494/000110465918073332/a18-41594_16k.htm"
    },
    {
        "date": "2018-06-30",
        "symbol": "COE",
        "reportedCurrency": "CNY",
        "cik": "0001659494",
        "fillingDate": "2018-09-13",
        "acceptedDate": "2018-09-13 06:08:32",
        "calendarYear": "2018",
        "period": "Q2",
        "revenue": 42505529,
        "costOfRevenue": 14564694,
        "grossProfit": 27940834,
        "grossProfitRatio": 0.6573458714,
        "researchAndDevelopmentExpenses": 6726240,
        "generalAndAdministrativeExpenses": 8126465,
        "sellingAndMarketingExpenses": 24633159,
        "sellingGeneralAndAdministrativeExpenses": 32759624,
        "otherExpenses": 0,
        "operatingExpenses": 39485864,
        "costAndExpenses": 54050559,
        "interestIncome": 2147495,
        "interestExpense": 1576000,
        "depreciationAndAmortization": 0,
        "ebitda": -11545030,
        "ebitdaratio": -0.2716124295,
        "operatingIncome": -11545030,
        "operatingIncomeRatio": -0.2716124295,
        "totalOtherIncomeExpensesNet": 571495,
        "incomeBeforeTax": -10973534,
        "incomeBeforeTaxRatio": -0.258167214,
        "incomeTaxExpense": 143477,
        "netIncome": -11117011,
        "netIncomeRatio": -0.2615427042,
        "eps": 0,
        "epsdiluted": 0,
        "weightedAverageShsOut": 0,
        "weightedAverageShsOutDil": 0,
        "link": "https://www.sec.gov/Archives/edgar/data/1659494/000110465918056542/0001104659-18-056542-index.htm",
        "finalLink": "https://www.sec.gov/Archives/edgar/data/1659494/000110465918056542/a18-29000_16k.htm"
    },
    {
        "date": "2018-03-31",
        "symbol": "COE",
        "reportedCurrency": "CNY",
        "cik": "0001659494",
        "fillingDate": "2018-04-24",
        "acceptedDate": "2018-04-24 08:19:45",
        "calendarYear": "2018",
        "period": "Q1",
        "revenue": 41765469,
        "costOfRevenue": 14781276,
        "grossProfit": 26984192,
        "grossProfitRatio": 0.6460885666,
        "researchAndDevelopmentExpenses": 8309288,
        "generalAndAdministrativeExpenses": 8965251,
        "sellingAndMarketingExpenses": 27293405,
        "sellingGeneralAndAdministrativeExpenses": 36258656,
        "otherExpenses": 0,
        "operatingExpenses": 44567945,
        "costAndExpenses": 59349222,
        "interestIncome": 0,
        "interestExpense": 0,
        "depreciationAndAmortization": 0,
        "ebitda": -17272790,
        "ebitdaratio": -0.4135662885,
        "operatingIncome": -17583752,
        "operatingIncomeRatio": -0.4210117214,
        "totalOtherIncomeExpensesNet": -166058,
        "incomeBeforeTax": -17749811,
        "incomeBeforeTaxRatio": -0.4249877093,
        "incomeTaxExpense": 170194,
        "netIncome": -17920005,
        "netIncomeRatio": -0.4290627025,
        "eps": 0,
        "epsdiluted": 0,
        "weightedAverageShsOut": 0,
        "weightedAverageShsOutDil": 0,
        "link": "https://www.sec.gov/Archives/edgar/data/1659494/000110465918025955/0001104659-18-025955-index.html",
        "finalLink": "https://www.sec.gov/Archives/edgar/data/1659494/000110465918025955/a17-28453_120f.htm"
    },
    {
        "date": "2017-12-31",
        "symbol": "COE",
        "reportedCurrency": "CNY",
        "cik": "0001659494",
        "fillingDate": "2018-04-24",
        "acceptedDate": "2018-04-24 08:19:45",
        "calendarYear": "2017",
        "period": "Q4",
        "revenue": 41763690,
        "costOfRevenue": 15692439,
        "grossProfit": 26071251,
        "grossProfitRatio": 0.6242564055,
        "researchAndDevelopmentExpenses": 9762071,
        "generalAndAdministrativeExpenses": 10442153,
        "sellingAndMarketingExpenses": 30606109,
        "sellingGeneralAndAdministrativeExpenses": 41048262,
        "otherExpenses": 0,
        "operatingExpenses": 50810334,
        "costAndExpenses": 66502774,
        "interestIncome": 0,
        "interestExpense": 0,
        "depreciationAndAmortization": 0,
        "ebitda": -24739083,
        "ebitdaratio": -0.5923586493,
        "operatingIncome": -24739083,
        "operatingIncomeRatio": -0.5923586493,
        "totalOtherIncomeExpensesNet": -789286,
        "incomeBeforeTax": -25528370,
        "incomeBeforeTaxRatio": -0.6112575302,
        "incomeTaxExpense": 251131,
        "netIncome": -25779501,
        "netIncomeRatio": -0.6172706722,
        "eps": 0,
        "epsdiluted": 0,
        "weightedAverageShsOut": 0,
        "weightedAverageShsOutDil": 0,
        "link": "https://www.sec.gov/Archives/edgar/data/1659494/000110465918025955/0001104659-18-025955-index.htm",
        "finalLink": "https://www.sec.gov/Archives/edgar/data/1659494/000110465918025955/a17-28453_120f.htm"
    },
    {
        "date": "2017-09-30",
        "symbol": "COE",
        "reportedCurrency": "CNY",
        "cik": "0001659494",
        "fillingDate": "2017-11-14",
        "acceptedDate": "2017-11-14 06:01:26",
        "calendarYear": "2017",
        "period": "Q3",
        "revenue": 35422102,
        "costOfRevenue": 13532413,
        "grossProfit": 21889688,
        "grossProfitRatio": 0.6179669405,
        "researchAndDevelopmentExpenses": 9229700,
        "generalAndAdministrativeExpenses": 8556515,
        "sellingAndMarketingExpenses": 25073177,
        "sellingGeneralAndAdministrativeExpenses": 33629692,
        "otherExpenses": 0,
        "operatingExpenses": 42859393,
        "costAndExpenses": 56391806,
        "interestIncome": 0,
        "interestExpense": 0,
        "depreciationAndAmortization": 0,
        "ebitda": -20969704,
        "ebitdaratio": -0.5919949076,
        "operatingIncome": -20969704,
        "operatingIncomeRatio": -0.5919949076,
        "totalOtherIncomeExpensesNet": -163682,
        "incomeBeforeTax": -21133387,
        "incomeBeforeTaxRatio": -0.5966158361,
        "incomeTaxExpense": 145979,
        "netIncome": -21279366,
        "netIncomeRatio": -0.6007369636,
        "eps": 0,
        "epsdiluted": 0,
        "weightedAverageShsOut": 0,
        "weightedAverageShsOutDil": 0,
        "link": "https://www.sec.gov/Archives/edgar/data/1659494/000110465917068103/0001104659-17-068103-index.htm",
        "finalLink": "https://www.sec.gov/Archives/edgar/data/1659494/000110465917068103/a17-26485_16k.htm"
    },
    {
        "date": "2017-06-30",
        "symbol": "COE",
        "reportedCurrency": "CNY",
        "cik": "0001659494",
        "fillingDate": "2017-08-28",
        "acceptedDate": "2017-08-28 06:14:06",
        "calendarYear": "2017",
        "period": "Q2",
        "revenue": 28252900,
        "costOfRevenue": 10483245,
        "grossProfit": 17769654,
        "grossProfitRatio": 0.6289497361,
        "researchAndDevelopmentExpenses": 7468078,
        "generalAndAdministrativeExpenses": 7970361,
        "sellingAndMarketingExpenses": 22634234,
        "sellingGeneralAndAdministrativeExpenses": 30604595,
        "otherExpenses": 0,
        "operatingExpenses": 38072674,
        "costAndExpenses": 48555919,
        "interestIncome": 0,
        "interestExpense": 0,
        "depreciationAndAmortization": 0,
        "ebitda": -20303019,
        "ebitdaratio": -0.7186171685,
        "operatingIncome": -20303019,
        "operatingIncomeRatio": -0.7186171685,
        "totalOtherIncomeExpensesNet": -60262,
        "incomeBeforeTax": -20363281,
        "incomeBeforeTaxRatio": -0.7207501177,
        "incomeTaxExpense": 155885,
        "netIncome": -20519167,
        "netIncomeRatio": -0.7262676398,
        "eps": 0,
        "epsdiluted": 0,
        "weightedAverageShsOut": 0,
        "weightedAverageShsOutDil": 0,
        "link": "https://www.sec.gov/Archives/edgar/data/1659494/000110465917053760/0001104659-17-053760-index.htm",
        "finalLink": "https://www.sec.gov/Archives/edgar/data/1659494/000110465917053760/a17-21028_16k.htm"
    },
    {
        "date": "2017-03-31",
        "symbol": "COE",
        "reportedCurrency": "CNY",
        "cik": "0001659494",
        "fillingDate": "2017-04-25",
        "acceptedDate": "2017-04-25 16:17:06",
        "calendarYear": "2017",
        "period": "Q1",
        "revenue": 23151006,
        "costOfRevenue": 7946162,
        "grossProfit": 15204843,
        "grossProfitRatio": 0.6567681335,
        "researchAndDevelopmentExpenses": 7343727,
        "generalAndAdministrativeExpenses": 7019071,
        "sellingAndMarketingExpenses": 21200167,
        "sellingGeneralAndAdministrativeExpenses": 28219239,
        "otherExpenses": 0,
        "operatingExpenses": 35562966,
        "costAndExpenses": 43509129,
        "interestIncome": 0,
        "interestExpense": 0,
        "depreciationAndAmortization": 0,
        "ebitda": -20358123,
        "ebitdaratio": -0.8793623482,
        "operatingIncome": -20358123,
        "operatingIncomeRatio": -0.8793623482,
        "totalOtherIncomeExpensesNet": 139760,
        "incomeBeforeTax": -20218362,
        "incomeBeforeTaxRatio": -0.8733254183,
        "incomeTaxExpense": 105654,
        "netIncome": -20324017,
        "netIncomeRatio": -0.8778891509,
        "eps": 0,
        "epsdiluted": 0,
        "weightedAverageShsOut": 0,
        "weightedAverageShsOutDil": 0,
        "link": "https://www.sec.gov/Archives/edgar/data/1659494/000110465917025888/0001104659-17-025888-index.html",
        "finalLink": "https://www.sec.gov/Archives/edgar/data/1659494/000110465917025888/a17-4667_120f.htm"
    },
    {
        "date": "2016-12-31",
        "symbol": "COE",
        "reportedCurrency": "CNY",
        "cik": "0001659494",
        "fillingDate": "2017-04-25",
        "acceptedDate": "2017-04-25 16:17:06",
        "calendarYear": "2016",
        "period": "Q4",
        "revenue": 18465249,
        "costOfRevenue": 6541519,
        "grossProfit": 11923730,
        "grossProfitRatio": 0.6457389229,
        "researchAndDevelopmentExpenses": 6634407,
        "generalAndAdministrativeExpenses": 7022235,
        "sellingAndMarketingExpenses": 19962124,
        "sellingGeneralAndAdministrativeExpenses": 26984360,
        "otherExpenses": 0,
        "operatingExpenses": 33618767,
        "costAndExpenses": 40160286,
        "interestIncome": 0,
        "interestExpense": 0,
        "depreciationAndAmortization": 0,
        "ebitda": -21695037,
        "ebitdaratio": -1.1749116949,
        "operatingIncome": -21695037,
        "operatingIncomeRatio": -1.1749116949,
        "totalOtherIncomeExpensesNet": -448025,
        "incomeBeforeTax": -22143062,
        "incomeBeforeTaxRatio": -1.1991748392,
        "incomeTaxExpense": 58757,
        "netIncome": -22201820,
        "netIncomeRatio": -1.2023569246,
        "eps": 0,
        "epsdiluted": 0,
        "weightedAverageShsOut": 0,
        "weightedAverageShsOutDil": 0,
        "link": "https://www.sec.gov/Archives/edgar/data/1659494/000110465917025888/0001104659-17-025888-index.htm",
        "finalLink": "https://www.sec.gov/Archives/edgar/data/1659494/000110465917025888/a17-4667_120f.htm"
    },
    {
        "date": "2016-09-30",
        "symbol": "COE",
        "reportedCurrency": "CNY",
        "cik": "0001659494",
        "fillingDate": "2016-11-22",
        "acceptedDate": "2016-11-22 06:01:15",
        "calendarYear": "2016",
        "period": "Q3",
        "revenue": 18138657,
        "costOfRevenue": 6203724,
        "grossProfit": 11934933,
        "grossProfitRatio": 0.6579832785,
        "researchAndDevelopmentExpenses": 6236105,
        "generalAndAdministrativeExpenses": 6198477,
        "sellingAndMarketingExpenses": 18093085,
        "sellingGeneralAndAdministrativeExpenses": 24291562,
        "otherExpenses": 0,
        "operatingExpenses": 30527668,
        "costAndExpenses": 36731392,
        "interestIncome": 0,
        "interestExpense": 0,
        "depreciationAndAmortization": 0,
        "ebitda": -18592735,
        "ebitdaratio": -1.0250337167,
        "operatingIncome": -18592735,
        "operatingIncomeRatio": -1.0250337167,
        "totalOtherIncomeExpensesNet": 150959,
        "incomeBeforeTax": -18441775,
        "incomeBeforeTaxRatio": -1.01671116,
        "incomeTaxExpense": 69708,
        "netIncome": -18511483,
        "netIncomeRatio": -1.020554223,
        "eps": 0,
        "epsdiluted": 0,
        "weightedAverageShsOut": 0,
        "weightedAverageShsOutDil": 0,
        "link": "https://www.sec.gov/Archives/edgar/data/1659494/000110465916158441/0001104659-16-158441-index.htm",
        "finalLink": "https://www.sec.gov/Archives/edgar/data/1659494/000110465916158441/a16-21950_16k.htm"
    },
    {
        "date": "2016-06-30",
        "symbol": "COE",
        "reportedCurrency": "CNY",
        "cik": "0001659494",
        "fillingDate": "2016-06-30",
        "acceptedDate": "2016-06-29 20:00:00",
        "calendarYear": "2016",
        "period": "Q2",
        "revenue": 28887599,
        "costOfRevenue": 10718751,
        "grossProfit": 18168848,
        "grossProfitRatio": 0.6289497441,
        "researchAndDevelopmentExpenses": 7635848,
        "generalAndAdministrativeExpenses": 8149414,
        "sellingAndMarketingExpenses": 23142710,
        "sellingGeneralAndAdministrativeExpenses": 31292125,
        "otherExpenses": 0,
        "operatingExpenses": 38927974,
        "costAndExpenses": 49646725,
        "interestIncome": 0,
        "interestExpense": 0,
        "depreciationAndAmortization": 0,
        "ebitda": -20759125,
        "ebitdaratio": -0.7186171824,
        "operatingIncome": -20759125,
        "operatingIncomeRatio": -0.7186171824,
        "totalOtherIncomeExpensesNet": -61615,
        "incomeBeforeTax": -20820741,
        "incomeBeforeTaxRatio": -0.7207501392,
        "incomeTaxExpense": 159387,
        "netIncome": -20980129,
        "netIncomeRatio": -0.7262676625,
        "eps": 0,
        "epsdiluted": 0,
        "weightedAverageShsOut": 0,
        "weightedAverageShsOutDil": 0,
        "link": "",
        "finalLink": ""
    },
    {
        "date": "2016-03-31",
        "symbol": "COE",
        "reportedCurrency": "CNY",
        "cik": "0001659494",
        "fillingDate": "2016-03-31",
        "acceptedDate": "2016-03-31 00:00:00",
        "calendarYear": "2016",
        "period": "Q1",
        "revenue": 11163619,
        "costOfRevenue": 4068270,
        "grossProfit": 7095349,
        "grossProfitRatio": 0.6355778534,
        "researchAndDevelopmentExpenses": 4104456,
        "generalAndAdministrativeExpenses": 3967754,
        "sellingAndMarketingExpenses": 14574051,
        "sellingGeneralAndAdministrativeExpenses": 18541806,
        "otherExpenses": 0,
        "operatingExpenses": 22646262,
        "costAndExpenses": 26714532,
        "interestIncome": 0,
        "interestExpense": 0,
        "depreciationAndAmortization": 0,
        "ebitda": -15550912,
        "ebitdaratio": -1.3929991699,
        "operatingIncome": -15550912,
        "operatingIncomeRatio": -1.3929991699,
        "totalOtherIncomeExpensesNet": 257630,
        "incomeBeforeTax": -15293282,
        "incomeBeforeTaxRatio": -1.3699215281,
        "incomeTaxExpense": 55979,
        "netIncome": -15349262,
        "netIncomeRatio": -1.374936031,
        "eps": 0,
        "epsdiluted": 0,
        "weightedAverageShsOut": 0,
        "weightedAverageShsOutDil": 0,
        "link": "",
        "finalLink": ""
    },
    {
        "date": "2015-12-31",
        "symbol": "COE",
        "reportedCurrency": "CNY",
        "cik": "0001659494",
        "fillingDate": "2015-12-31",
        "acceptedDate": "2015-12-30 19:00:00",
        "calendarYear": "2015",
        "period": "Q4",
        "revenue": 8213432,
        "costOfRevenue": 3121554,
        "grossProfit": 5091878,
        "grossProfitRatio": 0.6199452312,
        "researchAndDevelopmentExpenses": 3186351,
        "generalAndAdministrativeExpenses": 3733124,
        "sellingAndMarketingExpenses": 14660442,
        "sellingGeneralAndAdministrativeExpenses": 18393567,
        "otherExpenses": 0,
        "operatingExpenses": 21579919,
        "costAndExpenses": 24701473,
        "interestIncome": 0,
        "interestExpense": 0,
        "depreciationAndAmortization": 0,
        "ebitda": -16488040,
        "ebitdaratio": -2.0074482871,
        "operatingIncome": -16488040,
        "operatingIncomeRatio": -2.0074482871,
        "totalOtherIncomeExpensesNet": -476243,
        "incomeBeforeTax": -16964284,
        "incomeBeforeTaxRatio": -2.0654318438,
        "incomeTaxExpense": -8188,
        "netIncome": -16956095,
        "netIncomeRatio": -2.0644348185,
        "eps": 0,
        "epsdiluted": 0,
        "weightedAverageShsOut": 0,
        "weightedAverageShsOutDil": 0,
        "link": "",
        "finalLink": ""
    },
    {
        "date": "2015-09-30",
        "symbol": "COE",
        "reportedCurrency": "CNY",
        "cik": "0001659494",
        "fillingDate": "2015-09-30",
        "acceptedDate": "2015-09-29 20:00:00",
        "calendarYear": "2015",
        "period": "Q3",
        "revenue": 6768731,
        "costOfRevenue": 2635688,
        "grossProfit": 4133042,
        "grossProfitRatio": 0.6106081036,
        "researchAndDevelopmentExpenses": 2429076,
        "generalAndAdministrativeExpenses": 2848743,
        "sellingAndMarketingExpenses": 12910868,
        "sellingGeneralAndAdministrativeExpenses": 15759612,
        "otherExpenses": 0,
        "operatingExpenses": 18188688,
        "costAndExpenses": 20824377,
        "interestIncome": 0,
        "interestExpense": 0,
        "depreciationAndAmortization": 0,
        "ebitda": -14055645,
        "ebitdaratio": -2.0765554134,
        "operatingIncome": -14055645,
        "operatingIncomeRatio": -2.0765554134,
        "totalOtherIncomeExpensesNet": 423281,
        "incomeBeforeTax": -13632364,
        "incomeBeforeTaxRatio": -2.0140206488,
        "incomeTaxExpense": 244793,
        "netIncome": -13877157,
        "netIncomeRatio": -2.0501859211,
        "eps": 0,
        "epsdiluted": 0,
        "weightedAverageShsOut": 0,
        "weightedAverageShsOutDil": 0,
        "link": "",
        "finalLink": ""
    },
    {
        "date": "2015-06-30",
        "symbol": "COE",
        "reportedCurrency": "CNY",
        "cik": "0001659494",
        "fillingDate": "2015-06-30",
        "acceptedDate": "2015-06-29 20:00:00",
        "calendarYear": "2015",
        "period": "Q2",
        "revenue": 5137831,
        "costOfRevenue": 1938318,
        "grossProfit": 3199513,
        "grossProfitRatio": 0.6227361313,
        "researchAndDevelopmentExpenses": 1711966,
        "generalAndAdministrativeExpenses": 1996757,
        "sellingAndMarketingExpenses": 10782942,
        "sellingGeneralAndAdministrativeExpenses": 12779699,
        "otherExpenses": 0,
        "operatingExpenses": 14491666,
        "costAndExpenses": 16429984,
        "interestIncome": 0,
        "interestExpense": 0,
        "depreciationAndAmortization": 0,
        "ebitda": -11292153,
        "ebitdaratio": -2.1978443822,
        "operatingIncome": -11292153,
        "operatingIncomeRatio": -2.1978443822,
        "totalOtherIncomeExpensesNet": 50389,
        "incomeBeforeTax": -11241763,
        "incomeBeforeTaxRatio": -2.1880367416,
        "incomeTaxExpense": 145212,
        "netIncome": -11386976,
        "netIncomeRatio": -2.2163002247,
        "eps": 0,
        "epsdiluted": 0,
        "weightedAverageShsOut": 0,
        "weightedAverageShsOutDil": 0,
        "link": "",
        "finalLink": ""
    },
    {
        "date": "2015-03-31",
        "symbol": "COE",
        "reportedCurrency": "CNY",
        "cik": "0001659494",
        "fillingDate": "2015-03-31",
        "acceptedDate": "2015-03-30 20:00:00",
        "calendarYear": "2015",
        "period": "Q1",
        "revenue": 3925920,
        "costOfRevenue": 1581063,
        "grossProfit": 2344857,
        "grossProfitRatio": 0.5972757978,
        "researchAndDevelopmentExpenses": 1152133,
        "generalAndAdministrativeExpenses": 1503910,
        "sellingAndMarketingExpenses": 7900484,
        "sellingGeneralAndAdministrativeExpenses": 9404395,
        "otherExpenses": 0,
        "operatingExpenses": 10556529,
        "costAndExpenses": 12137592,
        "interestIncome": 0,
        "interestExpense": 0,
        "depreciationAndAmortization": 0,
        "ebitda": -8211671,
        "ebitdaratio": -2.0916552044,
        "operatingIncome": -8211671,
        "operatingIncomeRatio": -2.0916552044,
        "totalOtherIncomeExpensesNet": -51864,
        "incomeBeforeTax": -8263536,
        "incomeBeforeTaxRatio": -2.1048661206,
        "incomeTaxExpense": 386406,
        "netIncome": -8649943,
        "netIncomeRatio": -2.2032906936,
        "eps": 0,
        "epsdiluted": 0,
        "weightedAverageShsOut": 0,
        "weightedAverageShsOutDil": 0,
        "link": "",
        "finalLink": ""
    }
]