[
    {
        "date": "2020-03-31",
        "symbol": "CPN",
        "reportedCurrency": "USD",
        "cik": "0000000000",
        "fillingDate": "2020-05-13",
        "acceptedDate": "2020-05-12 21:09:42",
        "calendarYear": "2020",
        "period": "Q1",
        "revenue": 1943000000,
        "costOfRevenue": 1491000000,
        "grossProfit": 452000000,
        "grossProfitRatio": 0.2326299537,
        "researchAndDevelopmentExpenses": 0,
        "generalAndAdministrativeExpenses": 31000000,
        "sellingAndMarketingExpenses": 1912000000,
        "sellingGeneralAndAdministrativeExpenses": 1943000000,
        "otherExpenses": 0,
        "operatingExpenses": 1943000000,
        "costAndExpenses": 3434000000,
        "interestIncome": 0,
        "interestExpense": -169000000,
        "depreciationAndAmortization": 184000000,
        "ebitda": 191000000,
        "ebitdaratio": 0.0983015955,
        "operatingIncome": 349000000,
        "operatingIncomeRatio": 0.1796191457,
        "totalOtherIncomeExpensesNet": -173000000,
        "incomeBeforeTax": 176000000,
        "incomeBeforeTaxRatio": 0.0905815749,
        "incomeTaxExpense": 46000000,
        "netIncome": 130000000,
        "netIncomeRatio": 0.0669068451,
        "eps": 0.37,
        "epsdiluted": 0.37,
        "weightedAverageShsOut": 355442000,
        "weightedAverageShsOutDil": 355442000,
        "link": "https://www.sec.gov/Archives/edgar/data/916457/000091645720000019/0000916457-20-000019-index.html",
        "finalLink": "https://www.sec.gov/Archives/edgar/data/916457/000091645720000019/cpn_10qx03312020.htm"
    },
    {
        "date": "2019-12-31",
        "symbol": "CPN",
        "reportedCurrency": "USD",
        "cik": "0000000000",
        "fillingDate": "2020-02-25",
        "acceptedDate": "2020-02-24 21:01:43",
        "calendarYear": "2019",
        "period": "Q4",
        "revenue": 2082000000,
        "costOfRevenue": 1458000000,
        "grossProfit": 624000000,
        "grossProfitRatio": 0.2997118156,
        "researchAndDevelopmentExpenses": 0,
        "generalAndAdministrativeExpenses": 45000000,
        "sellingAndMarketingExpenses": 65000000,
        "sellingGeneralAndAdministrativeExpenses": 110000000,
        "otherExpenses": 0,
        "operatingExpenses": 110000000,
        "costAndExpenses": 1963000000,
        "interestIncome": 0,
        "interestExpense": 150000000,
        "depreciationAndAmortization": 196000000,
        "ebitda": 248000000,
        "ebitdaratio": 0.1191162344,
        "operatingIncome": 108000000,
        "operatingIncomeRatio": 0.0518731988,
        "totalOtherIncomeExpensesNet": -201000000,
        "incomeBeforeTax": -93000000,
        "incomeBeforeTaxRatio": -0.0446685879,
        "incomeTaxExpense": 58000000,
        "netIncome": -156000000,
        "netIncomeRatio": -0.0749279539,
        "eps": -0.44,
        "epsdiluted": -0.44,
        "weightedAverageShsOut": 355442000,
        "weightedAverageShsOutDil": 355442000,
        "link": "https://www.sec.gov/Archives/edgar/data/916457/000091645720000007/0000916457-20-000007-index.html",
        "finalLink": "https://www.sec.gov/Archives/edgar/data/916457/000091645720000007/cpn_10kx12312019.htm"
    },
    {
        "date": "2019-09-30",
        "symbol": "CPN",
        "reportedCurrency": "USD",
        "cik": "0000000000",
        "fillingDate": "2019-11-08",
        "acceptedDate": "2019-11-08 17:19:07",
        "calendarYear": "2019",
        "period": "Q3",
        "revenue": 2792000000,
        "costOfRevenue": 1631000000,
        "grossProfit": 1161000000,
        "grossProfitRatio": 0.4158309456,
        "researchAndDevelopmentExpenses": 0,
        "generalAndAdministrativeExpenses": 39000000,
        "sellingAndMarketingExpenses": 26000000,
        "sellingGeneralAndAdministrativeExpenses": 65000000,
        "otherExpenses": 0,
        "operatingExpenses": 65000000,
        "costAndExpenses": 2113000000,
        "interestIncome": 0,
        "interestExpense": 153000000,
        "depreciationAndAmortization": 187000000,
        "ebitda": 846000000,
        "ebitdaratio": 0.303008596,
        "operatingIncome": 682000000,
        "operatingIncomeRatio": 0.244269341,
        "totalOtherIncomeExpensesNet": -170000000,
        "incomeBeforeTax": 512000000,
        "incomeBeforeTaxRatio": 0.1833810888,
        "incomeTaxExpense": 21000000,
        "netIncome": 485000000,
        "netIncomeRatio": 0.1737106017,
        "eps": 1.36,
        "epsdiluted": 1.36,
        "weightedAverageShsOut": 355442000,
        "weightedAverageShsOutDil": 355442000,
        "link": "https://www.sec.gov/Archives/edgar/data/916457/000091645719000045/0000916457-19-000045-index.html",
        "finalLink": "https://www.sec.gov/Archives/edgar/data/916457/000091645719000045/cpn_10qx09302019.htm"
    },
    {
        "date": "2019-06-30",
        "symbol": "CPN",
        "reportedCurrency": "USD",
        "cik": "0000000000",
        "fillingDate": "2019-08-08",
        "acceptedDate": "2019-08-07 19:42:52",
        "calendarYear": "2019",
        "period": "Q2",
        "revenue": 2599000000,
        "costOfRevenue": 1647000000,
        "grossProfit": 952000000,
        "grossProfitRatio": 0.3662947287,
        "researchAndDevelopmentExpenses": 0,
        "generalAndAdministrativeExpenses": 34000000,
        "sellingAndMarketingExpenses": 284000000,
        "sellingGeneralAndAdministrativeExpenses": 318000000,
        "otherExpenses": 0,
        "operatingExpenses": 318000000,
        "costAndExpenses": 2105000000,
        "interestIncome": 0,
        "interestExpense": 157000000,
        "depreciationAndAmortization": 199000000,
        "ebitda": 631000000,
        "ebitdaratio": 0.2427856868,
        "operatingIncome": 444000000,
        "operatingIncomeRatio": 0.1708349365,
        "totalOtherIncomeExpensesNet": -165000000,
        "incomeBeforeTax": 279000000,
        "incomeBeforeTaxRatio": 0.1073489804,
        "incomeTaxExpense": 9000000,
        "netIncome": 266000000,
        "netIncomeRatio": 0.1023470566,
        "eps": 0.75,
        "epsdiluted": 0.75,
        "weightedAverageShsOut": 355442000,
        "weightedAverageShsOutDil": 355442000,
        "link": "https://www.sec.gov/Archives/edgar/data/916457/000091645719000037/0000916457-19-000037-index.html",
        "finalLink": "https://www.sec.gov/Archives/edgar/data/916457/000091645719000037/cpn_10qx06302019.htm"
    },
    {
        "date": "2019-03-31",
        "symbol": "CPN",
        "reportedCurrency": "USD",
        "cik": "0000000000",
        "fillingDate": "2019-05-10",
        "acceptedDate": "2019-05-10 16:14:49",
        "calendarYear": "2019",
        "period": "Q1",
        "revenue": 2599000000,
        "costOfRevenue": 1768000000,
        "grossProfit": 831000000,
        "grossProfitRatio": 0.3197383609,
        "researchAndDevelopmentExpenses": 0,
        "generalAndAdministrativeExpenses": 32000000,
        "sellingAndMarketingExpenses": 44000000,
        "sellingGeneralAndAdministrativeExpenses": 76000000,
        "otherExpenses": 0,
        "operatingExpenses": 76000000,
        "costAndExpenses": 2247000000,
        "interestIncome": 0,
        "interestExpense": 149000000,
        "depreciationAndAmortization": 199000000,
        "ebitda": 533000000,
        "ebitdaratio": 0.2050788765,
        "operatingIncome": 358000000,
        "operatingIncomeRatio": 0.1377452866,
        "totalOtherIncomeExpensesNet": -168000000,
        "incomeBeforeTax": 190000000,
        "incomeBeforeTaxRatio": 0.0731050404,
        "incomeTaxExpense": 10000000,
        "netIncome": 175000000,
        "netIncomeRatio": 0.0673335898,
        "eps": 0.49,
        "epsdiluted": 0.49,
        "weightedAverageShsOut": 355442000,
        "weightedAverageShsOutDil": 355442000,
        "link": "https://www.sec.gov/Archives/edgar/data/916457/000091645719000026/0000916457-19-000026-index.html",
        "finalLink": "https://www.sec.gov/Archives/edgar/data/916457/000091645719000026/cpn_10qx03312019.htm"
    },
    {
        "date": "2018-12-31",
        "symbol": "CPN",
        "reportedCurrency": "USD",
        "cik": "0000000000",
        "fillingDate": "2019-03-28",
        "acceptedDate": "2019-03-28 15:52:20",
        "calendarYear": "2018",
        "period": "Q4",
        "revenue": 2354000000,
        "costOfRevenue": 1764000000,
        "grossProfit": 590000000,
        "grossProfitRatio": 0.2506372133,
        "researchAndDevelopmentExpenses": 0,
        "generalAndAdministrativeExpenses": 36000000,
        "sellingAndMarketingExpenses": -3000000,
        "sellingGeneralAndAdministrativeExpenses": 33000000,
        "otherExpenses": 0,
        "operatingExpenses": 33000000,
        "costAndExpenses": 2247000000,
        "interestIncome": 0,
        "interestExpense": 151000000,
        "depreciationAndAmortization": 206000000,
        "ebitda": 327000000,
        "ebitdaratio": 0.1389124894,
        "operatingIncome": 105000000,
        "operatingIncomeRatio": 0.0446049278,
        "totalOtherIncomeExpensesNet": -131000000,
        "incomeBeforeTax": -26000000,
        "incomeBeforeTaxRatio": -0.0110450297,
        "incomeTaxExpense": -14000000,
        "netIncome": -16000000,
        "netIncomeRatio": -0.0067969414,
        "eps": -0.045,
        "epsdiluted": -0.045,
        "weightedAverageShsOut": 355442000,
        "weightedAverageShsOutDil": 355442000,
        "link": "https://www.sec.gov/Archives/edgar/data/916457/000091645719000016/0000916457-19-000016-index.html",
        "finalLink": "https://www.sec.gov/Archives/edgar/data/916457/000091645719000016/cpn_10kx12312018.htm"
    },
    {
        "date": "2018-09-30",
        "symbol": "CPN",
        "reportedCurrency": "USD",
        "cik": "0000000000",
        "fillingDate": "2018-11-08",
        "acceptedDate": "2018-11-08 17:22:45",
        "calendarYear": "2018",
        "period": "Q3",
        "revenue": 2890000000,
        "costOfRevenue": 1846000000,
        "grossProfit": 1044000000,
        "grossProfitRatio": 0.3612456747,
        "researchAndDevelopmentExpenses": 0,
        "generalAndAdministrativeExpenses": 31000000,
        "sellingAndMarketingExpenses": 2296000000,
        "sellingGeneralAndAdministrativeExpenses": 2327000000,
        "otherExpenses": 0,
        "operatingExpenses": 2327000000,
        "costAndExpenses": 4173000000,
        "interestIncome": 0,
        "interestExpense": 158000000,
        "depreciationAndAmortization": 199000000,
        "ebitda": 757000000,
        "ebitdaratio": 0.2619377163,
        "operatingIncome": 568000000,
        "operatingIncomeRatio": 0.1965397924,
        "totalOtherIncomeExpensesNet": -162000000,
        "incomeBeforeTax": 406000000,
        "incomeBeforeTaxRatio": 0.1404844291,
        "incomeTaxExpense": 128000000,
        "netIncome": 272000000,
        "netIncomeRatio": 0.0941176471,
        "eps": 0.77,
        "epsdiluted": 0.77,
        "weightedAverageShsOut": 355442000,
        "weightedAverageShsOutDil": 355442000,
        "link": "https://www.sec.gov/Archives/edgar/data/916457/000091645718000165/0000916457-18-000165-index.html",
        "finalLink": "https://www.sec.gov/Archives/edgar/data/916457/000091645718000165/cpn_10qx09302018.htm"
    },
    {
        "date": "2018-06-30",
        "symbol": "CPN",
        "reportedCurrency": "USD",
        "cik": "0000000000",
        "fillingDate": "2018-08-09",
        "acceptedDate": "2018-08-08 17:37:06",
        "calendarYear": "2018",
        "period": "Q2",
        "revenue": 2259000000,
        "costOfRevenue": 1369000000,
        "grossProfit": 890000000,
        "grossProfitRatio": 0.393979637,
        "researchAndDevelopmentExpenses": 0,
        "generalAndAdministrativeExpenses": 31000000,
        "sellingAndMarketingExpenses": 1816000000,
        "sellingGeneralAndAdministrativeExpenses": 1847000000,
        "otherExpenses": 0,
        "operatingExpenses": 1847000000,
        "costAndExpenses": 3216000000,
        "interestIncome": 0,
        "interestExpense": 157000000,
        "depreciationAndAmortization": 220000000,
        "ebitda": 571000000,
        "ebitdaratio": 0.2527667109,
        "operatingIncome": 417000000,
        "operatingIncomeRatio": 0.1845949535,
        "totalOtherIncomeExpensesNet": -219000000,
        "incomeBeforeTax": 198000000,
        "incomeBeforeTaxRatio": 0.0876494024,
        "incomeTaxExpense": -158000000,
        "netIncome": 352000000,
        "netIncomeRatio": 0.1558211598,
        "eps": 0.99,
        "epsdiluted": 0.99,
        "weightedAverageShsOut": 355442000,
        "weightedAverageShsOutDil": 355442000,
        "link": "https://www.sec.gov/Archives/edgar/data/916457/000091645718000157/0000916457-18-000157-index.html",
        "finalLink": "https://www.sec.gov/Archives/edgar/data/916457/000091645718000157/cpn_10qx06302018.htm"
    },
    {
        "date": "2018-03-31",
        "symbol": "CPN",
        "reportedCurrency": "USD",
        "cik": "0000000000",
        "fillingDate": "2018-05-10",
        "acceptedDate": "2018-05-10 15:31:03",
        "calendarYear": "2018",
        "period": "Q1",
        "revenue": 2009000000,
        "costOfRevenue": 1770000000,
        "grossProfit": 239000000,
        "grossProfitRatio": 0.118964659,
        "researchAndDevelopmentExpenses": 0,
        "generalAndAdministrativeExpenses": 60000000,
        "sellingAndMarketingExpenses": 17000000,
        "sellingGeneralAndAdministrativeExpenses": 77000000,
        "otherExpenses": 0,
        "operatingExpenses": 77000000,
        "costAndExpenses": 2343000000,
        "interestIncome": 0,
        "interestExpense": 151000000,
        "depreciationAndAmortization": 223000000,
        "ebitda": -112000000,
        "ebitdaratio": -0.0557491289,
        "operatingIncome": -328000000,
        "operatingIncomeRatio": -0.1632653061,
        "totalOtherIncomeExpensesNet": -158000000,
        "incomeBeforeTax": -486000000,
        "incomeBeforeTaxRatio": -0.2419113987,
        "incomeTaxExpense": 108000000,
        "netIncome": -594000000,
        "netIncomeRatio": -0.2956694873,
        "eps": -1.67,
        "epsdiluted": -1.67,
        "weightedAverageShsOut": 355442000,
        "weightedAverageShsOutDil": 355442000,
        "link": "https://www.sec.gov/Archives/edgar/data/916457/000091645718000149/0000916457-18-000149-index.html",
        "finalLink": "https://www.sec.gov/Archives/edgar/data/916457/000091645718000149/cpn_10qx03312018.htm"
    },
    {
        "date": "2017-12-31",
        "symbol": "CPN",
        "reportedCurrency": "USD",
        "cik": "0000000000",
        "fillingDate": "2017-12-31",
        "acceptedDate": "2017-12-30 19:00:00",
        "calendarYear": "2017",
        "period": "Q4",
        "revenue": 1801000000,
        "costOfRevenue": 1664000000,
        "grossProfit": 137000000,
        "grossProfitRatio": 0.0760688506,
        "researchAndDevelopmentExpenses": 0,
        "generalAndAdministrativeExpenses": 0,
        "sellingAndMarketingExpenses": 0,
        "sellingGeneralAndAdministrativeExpenses": 38000000,
        "otherExpenses": 0,
        "operatingExpenses": 237000000,
        "costAndExpenses": 1933000000,
        "interestIncome": 0,
        "interestExpense": 152000000,
        "depreciationAndAmortization": 230000000,
        "ebitda": 129000000,
        "ebitdaratio": 0.071626874,
        "operatingIncome": -101000000,
        "operatingIncomeRatio": -0.0560799556,
        "totalOtherIncomeExpensesNet": -179000000,
        "incomeBeforeTax": -280000000,
        "incomeBeforeTaxRatio": -0.1554691838,
        "incomeTaxExpense": 8000000,
        "netIncome": -292000000,
        "netIncomeRatio": -0.1621321488,
        "eps": -0.82,
        "epsdiluted": -0.82,
        "weightedAverageShsOut": 355343500,
        "weightedAverageShsOutDil": 355343500,
        "link": null,
        "finalLink": null
    },
    {
        "date": "2017-09-30",
        "symbol": "CPN",
        "reportedCurrency": "USD",
        "cik": "0000000000",
        "fillingDate": "2017-09-30",
        "acceptedDate": "2017-09-29 20:00:00",
        "calendarYear": "2017",
        "period": "Q3",
        "revenue": 2586000000,
        "costOfRevenue": 1949000000,
        "grossProfit": 637000000,
        "grossProfitRatio": 0.2463263728,
        "researchAndDevelopmentExpenses": 0,
        "generalAndAdministrativeExpenses": 0,
        "sellingAndMarketingExpenses": 0,
        "sellingGeneralAndAdministrativeExpenses": 37000000,
        "otherExpenses": 0,
        "operatingExpenses": 244000000,
        "costAndExpenses": 2200000000,
        "interestIncome": 0,
        "interestExpense": 156000000,
        "depreciationAndAmortization": 181000000,
        "ebitda": 578000000,
        "ebitdaratio": 0.2235112142,
        "operatingIncome": 397000000,
        "operatingIncomeRatio": 0.1535189482,
        "totalOtherIncomeExpensesNet": -164000000,
        "incomeBeforeTax": 229000000,
        "incomeBeforeTaxRatio": 0.088553751,
        "incomeTaxExpense": -2000000,
        "netIncome": 225000000,
        "netIncomeRatio": 0.0870069606,
        "eps": 0.63,
        "epsdiluted": 0.63,
        "weightedAverageShsOut": 355442000,
        "weightedAverageShsOutDil": 358844000,
        "link": null,
        "finalLink": null
    },
    {
        "date": "2017-06-30",
        "symbol": "CPN",
        "reportedCurrency": "USD",
        "cik": "0000000000",
        "fillingDate": "2017-06-30",
        "acceptedDate": "2017-06-29 20:00:00",
        "calendarYear": "2017",
        "period": "Q2",
        "revenue": 2084000000,
        "costOfRevenue": 1831000000,
        "grossProfit": 253000000,
        "grossProfitRatio": 0.1214011516,
        "researchAndDevelopmentExpenses": 0,
        "generalAndAdministrativeExpenses": 0,
        "sellingAndMarketingExpenses": 0,
        "sellingGeneralAndAdministrativeExpenses": 40000000,
        "otherExpenses": 0,
        "operatingExpenses": 240000000,
        "costAndExpenses": 2077000000,
        "interestIncome": 0,
        "interestExpense": 154000000,
        "depreciationAndAmortization": 245000000,
        "ebitda": 250000000,
        "ebitdaratio": 0.1199616123,
        "operatingIncome": 5000000,
        "operatingIncomeRatio": 0.0023992322,
        "totalOtherIncomeExpensesNet": -154000000,
        "incomeBeforeTax": -149000000,
        "incomeBeforeTaxRatio": -0.0714971209,
        "incomeTaxExpense": 63000000,
        "netIncome": -216000000,
        "netIncomeRatio": -0.103646833,
        "eps": -0.61,
        "epsdiluted": -0.61,
        "weightedAverageShsOut": 355358000,
        "weightedAverageShsOutDil": 355358000,
        "link": null,
        "finalLink": null
    },
    {
        "date": "2017-03-31",
        "symbol": "CPN",
        "reportedCurrency": "USD",
        "cik": "0000000000",
        "fillingDate": "2017-03-31",
        "acceptedDate": "2017-03-30 20:00:00",
        "calendarYear": "2017",
        "period": "Q1",
        "revenue": 2281000000,
        "costOfRevenue": 1974000000,
        "grossProfit": 307000000,
        "grossProfitRatio": 0.1345900921,
        "researchAndDevelopmentExpenses": 0,
        "generalAndAdministrativeExpenses": 0,
        "sellingAndMarketingExpenses": 0,
        "sellingGeneralAndAdministrativeExpenses": 40000000,
        "otherExpenses": 0,
        "operatingExpenses": 235000000,
        "costAndExpenses": 2213000000,
        "interestIncome": 0,
        "interestExpense": 159000000,
        "depreciationAndAmortization": 265000000,
        "ebitda": 311000000,
        "ebitdaratio": 0.1363437089,
        "operatingIncome": 19000000,
        "operatingIncomeRatio": 0.00832968,
        "totalOtherIncomeExpensesNet": -185000000,
        "incomeBeforeTax": -113000000,
        "incomeBeforeTaxRatio": -0.0495396756,
        "incomeTaxExpense": -61000000,
        "netIncome": -56000000,
        "netIncomeRatio": -0.0245506357,
        "eps": -0.16,
        "epsdiluted": -0.16,
        "weightedAverageShsOut": 354682000,
        "weightedAverageShsOutDil": 354682000,
        "link": null,
        "finalLink": null
    },
    {
        "date": "2016-12-31",
        "symbol": "CPN",
        "reportedCurrency": "USD",
        "cik": "0000000000",
        "fillingDate": "2016-12-31",
        "acceptedDate": "2016-12-30 19:00:00",
        "calendarYear": "2016",
        "period": "Q4",
        "revenue": 1582000000,
        "costOfRevenue": 1283000000,
        "grossProfit": 299000000,
        "grossProfitRatio": 0.1890012642,
        "researchAndDevelopmentExpenses": 0,
        "generalAndAdministrativeExpenses": 0,
        "sellingAndMarketingExpenses": 0,
        "sellingGeneralAndAdministrativeExpenses": 34000000,
        "otherExpenses": 0,
        "operatingExpenses": 65000000,
        "costAndExpenses": 1513000000,
        "interestIncome": 0,
        "interestExpense": 159000000,
        "depreciationAndAmortization": 238000000,
        "ebitda": 390000000,
        "ebitdaratio": 0.2465233881,
        "operatingIncome": 152000000,
        "operatingIncomeRatio": 0.0960809102,
        "totalOtherIncomeExpensesNet": -93000000,
        "incomeBeforeTax": 59000000,
        "incomeBeforeTaxRatio": 0.0372945638,
        "incomeTaxExpense": 31000000,
        "netIncome": 24000000,
        "netIncomeRatio": 0.01517067,
        "eps": 0.07,
        "epsdiluted": 0.07,
        "weightedAverageShsOut": 354236000,
        "weightedAverageShsOutDil": 356473000,
        "link": null,
        "finalLink": null
    },
    {
        "date": "2016-09-30",
        "symbol": "CPN",
        "reportedCurrency": "USD",
        "cik": "0000000000",
        "fillingDate": "2016-09-30",
        "acceptedDate": "2016-09-29 20:00:00",
        "calendarYear": "2016",
        "period": "Q3",
        "revenue": 2355000000,
        "costOfRevenue": 1687000000,
        "grossProfit": 668000000,
        "grossProfitRatio": 0.2836518047,
        "researchAndDevelopmentExpenses": 0,
        "generalAndAdministrativeExpenses": 0,
        "sellingAndMarketingExpenses": 0,
        "sellingGeneralAndAdministrativeExpenses": 33000000,
        "otherExpenses": 0,
        "operatingExpenses": 206000000,
        "costAndExpenses": 1899000000,
        "interestIncome": 1000000,
        "interestExpense": 158000000,
        "depreciationAndAmortization": 213000000,
        "ebitda": 668000000,
        "ebitdaratio": 0.2836518047,
        "operatingIncome": 455000000,
        "operatingIncomeRatio": 0.1932059448,
        "totalOtherIncomeExpensesNet": -158000000,
        "incomeBeforeTax": 297000000,
        "incomeBeforeTaxRatio": 0.1261146497,
        "incomeTaxExpense": -4000000,
        "netIncome": 295000000,
        "netIncomeRatio": 0.1252653928,
        "eps": 0.83,
        "epsdiluted": 0.83,
        "weightedAverageShsOut": 354215000,
        "weightedAverageShsOutDil": 356352000,
        "link": null,
        "finalLink": null
    },
    {
        "date": "2016-06-30",
        "symbol": "CPN",
        "reportedCurrency": "USD",
        "cik": "0000000000",
        "fillingDate": "2016-06-30",
        "acceptedDate": "2016-06-29 20:00:00",
        "calendarYear": "2016",
        "period": "Q2",
        "revenue": 1164000000,
        "costOfRevenue": 813000000,
        "grossProfit": 351000000,
        "grossProfitRatio": 0.3015463918,
        "researchAndDevelopmentExpenses": 0,
        "generalAndAdministrativeExpenses": 0,
        "sellingAndMarketingExpenses": 0,
        "sellingGeneralAndAdministrativeExpenses": 35000000,
        "otherExpenses": 0,
        "operatingExpenses": 211000000,
        "costAndExpenses": 1027000000,
        "interestIncome": 1000000,
        "interestExpense": 157000000,
        "depreciationAndAmortization": 233000000,
        "ebitda": 352000000,
        "ebitdaratio": 0.3024054983,
        "operatingIncome": 119000000,
        "operatingIncomeRatio": 0.102233677,
        "totalOtherIncomeExpensesNet": -178000000,
        "incomeBeforeTax": -38000000,
        "incomeBeforeTaxRatio": -0.0326460481,
        "incomeTaxExpense": -14000000,
        "netIncome": -29000000,
        "netIncomeRatio": -0.0249140893,
        "eps": -0.0819,
        "epsdiluted": -0.0819,
        "weightedAverageShsOut": 354066000,
        "weightedAverageShsOutDil": 354066000,
        "link": null,
        "finalLink": null
    },
    {
        "date": "2016-03-31",
        "symbol": "CPN",
        "reportedCurrency": "USD",
        "cik": "0000000000",
        "fillingDate": "2016-03-31",
        "acceptedDate": "2016-03-30 20:00:00",
        "calendarYear": "2016",
        "period": "Q1",
        "revenue": 1615000000,
        "costOfRevenue": 1381000000,
        "grossProfit": 234000000,
        "grossProfitRatio": 0.1448916409,
        "researchAndDevelopmentExpenses": 0,
        "generalAndAdministrativeExpenses": 0,
        "sellingAndMarketingExpenses": 0,
        "sellingGeneralAndAdministrativeExpenses": 38000000,
        "otherExpenses": 0,
        "operatingExpenses": 231000000,
        "costAndExpenses": 1619000000,
        "interestIncome": 1000000,
        "interestExpense": 157000000,
        "depreciationAndAmortization": 226000000,
        "ebitda": 224000000,
        "ebitdaratio": 0.1386996904,
        "operatingIncome": -2000000,
        "operatingIncomeRatio": -0.0012383901,
        "totalOtherIncomeExpensesNet": -157000000,
        "incomeBeforeTax": -159000000,
        "incomeBeforeTaxRatio": -0.0984520124,
        "incomeTaxExpense": 35000000,
        "netIncome": -198000000,
        "netIncomeRatio": -0.1226006192,
        "eps": -0.56,
        "epsdiluted": -0.56,
        "weightedAverageShsOut": 353501000,
        "weightedAverageShsOutDil": 353501000,
        "link": null,
        "finalLink": null
    },
    {
        "date": "2015-12-31",
        "symbol": "CPN",
        "reportedCurrency": "USD",
        "cik": "0000000000",
        "fillingDate": "2015-12-31",
        "acceptedDate": "2015-12-30 19:00:00",
        "calendarYear": "2015",
        "period": "Q4",
        "revenue": 1436000000,
        "costOfRevenue": 1204000000,
        "grossProfit": 232000000,
        "grossProfitRatio": 0.1615598886,
        "researchAndDevelopmentExpenses": 0,
        "generalAndAdministrativeExpenses": 0,
        "sellingAndMarketingExpenses": 0,
        "sellingGeneralAndAdministrativeExpenses": 38000000,
        "otherExpenses": 0,
        "operatingExpenses": 210000000,
        "costAndExpenses": 1420000000,
        "interestIncome": 1000000,
        "interestExpense": 157000000,
        "depreciationAndAmortization": 238000000,
        "ebitda": 159000000,
        "ebitdaratio": 0.110724234,
        "operatingIncome": -79000000,
        "operatingIncomeRatio": -0.0550139276,
        "totalOtherIncomeExpensesNet": -73000000,
        "incomeBeforeTax": -152000000,
        "incomeBeforeTaxRatio": -0.1058495822,
        "incomeTaxExpense": -108000000,
        "netIncome": -47000000,
        "netIncomeRatio": -0.032729805,
        "eps": -0.13,
        "epsdiluted": -0.13,
        "weightedAverageShsOut": 353072000,
        "weightedAverageShsOutDil": 353072000,
        "link": null,
        "finalLink": null
    },
    {
        "date": "2015-09-30",
        "symbol": "CPN",
        "reportedCurrency": "USD",
        "cik": "0000000000",
        "fillingDate": "2015-09-30",
        "acceptedDate": "2015-09-29 20:00:00",
        "calendarYear": "2015",
        "period": "Q3",
        "revenue": 1948000000,
        "costOfRevenue": 1273000000,
        "grossProfit": 675000000,
        "grossProfitRatio": 0.3465092402,
        "researchAndDevelopmentExpenses": 0,
        "generalAndAdministrativeExpenses": 0,
        "sellingAndMarketingExpenses": 0,
        "sellingGeneralAndAdministrativeExpenses": 33000000,
        "otherExpenses": 0,
        "operatingExpenses": 209000000,
        "costAndExpenses": 1488000000,
        "interestIncome": 1000000,
        "interestExpense": 159000000,
        "depreciationAndAmortization": 177000000,
        "ebitda": 643000000,
        "ebitdaratio": 0.3300821355,
        "operatingIncome": 466000000,
        "operatingIncomeRatio": 0.2392197125,
        "totalOtherIncomeExpensesNet": -159000000,
        "incomeBeforeTax": 307000000,
        "incomeBeforeTaxRatio": 0.1575975359,
        "incomeTaxExpense": 28000000,
        "netIncome": 273000000,
        "netIncomeRatio": 0.1401437372,
        "eps": 0.77,
        "epsdiluted": 0.76,
        "weightedAverageShsOut": 355443000,
        "weightedAverageShsOutDil": 357676000,
        "link": null,
        "finalLink": null
    },
    {
        "date": "2015-06-30",
        "symbol": "CPN",
        "reportedCurrency": "USD",
        "cik": "0000000000",
        "fillingDate": "2015-06-30",
        "acceptedDate": "2015-06-29 20:00:00",
        "calendarYear": "2015",
        "period": "Q2",
        "revenue": 1442000000,
        "costOfRevenue": 1038000000,
        "grossProfit": 404000000,
        "grossProfitRatio": 0.2801664355,
        "researchAndDevelopmentExpenses": 0,
        "generalAndAdministrativeExpenses": 0,
        "sellingAndMarketingExpenses": 0,
        "sellingGeneralAndAdministrativeExpenses": 30000000,
        "otherExpenses": 0,
        "operatingExpenses": 203000000,
        "costAndExpenses": 1248000000,
        "interestIncome": 1000000,
        "interestExpense": 158000000,
        "depreciationAndAmortization": 171000000,
        "ebitda": 355000000,
        "ebitdaratio": 0.246185853,
        "operatingIncome": 184000000,
        "operatingIncomeRatio": 0.1276005548,
        "totalOtherIncomeExpensesNet": -175000000,
        "incomeBeforeTax": 26000000,
        "incomeBeforeTaxRatio": 0.0180305132,
        "incomeTaxExpense": 5000000,
        "netIncome": 19000000,
        "netIncomeRatio": 0.0131761442,
        "eps": 0.05,
        "epsdiluted": 0.05,
        "weightedAverageShsOut": 366975000,
        "weightedAverageShsOutDil": 369946000,
        "link": null,
        "finalLink": null
    },
    {
        "date": "2015-03-31",
        "symbol": "CPN",
        "reportedCurrency": "USD",
        "cik": "0000000000",
        "fillingDate": "2015-03-31",
        "acceptedDate": "2015-03-30 20:00:00",
        "calendarYear": "2015",
        "period": "Q1",
        "revenue": 1646000000,
        "costOfRevenue": 1270000000,
        "grossProfit": 376000000,
        "grossProfitRatio": 0.2284325638,
        "researchAndDevelopmentExpenses": 0,
        "generalAndAdministrativeExpenses": 0,
        "sellingAndMarketingExpenses": 0,
        "sellingGeneralAndAdministrativeExpenses": 37000000,
        "otherExpenses": 0,
        "operatingExpenses": 210000000,
        "costAndExpenses": 1485000000,
        "interestIncome": 1000000,
        "interestExpense": 154000000,
        "depreciationAndAmortization": 171000000,
        "ebitda": 317000000,
        "ebitdaratio": 0.1925880923,
        "operatingIncome": 146000000,
        "operatingIncomeRatio": 0.0886998785,
        "totalOtherIncomeExpensesNet": -174000000,
        "incomeBeforeTax": -8000000,
        "incomeBeforeTaxRatio": -0.0048602673,
        "incomeTaxExpense": -1000000,
        "netIncome": -10000000,
        "netIncomeRatio": -0.0060753341,
        "eps": -0.0268,
        "epsdiluted": -0.0268,
        "weightedAverageShsOut": 372935000,
        "weightedAverageShsOutDil": 372935000,
        "link": null,
        "finalLink": null
    },
    {
        "date": "2014-12-31",
        "symbol": "CPN",
        "reportedCurrency": "USD",
        "cik": "0000000000",
        "fillingDate": "2014-12-31",
        "acceptedDate": "2014-12-30 19:00:00",
        "calendarYear": "2014",
        "period": "Q4",
        "revenue": 1939000000,
        "costOfRevenue": 1348000000,
        "grossProfit": 591000000,
        "grossProfitRatio": 0.3047962867,
        "researchAndDevelopmentExpenses": 0,
        "generalAndAdministrativeExpenses": 0,
        "sellingAndMarketingExpenses": 0,
        "sellingGeneralAndAdministrativeExpenses": 36000000,
        "otherExpenses": 0,
        "operatingExpenses": 201000000,
        "costAndExpenses": 1556000000,
        "interestIncome": 1000000,
        "interestExpense": 154000000,
        "depreciationAndAmortization": 163000000,
        "ebitda": 535000000,
        "ebitdaratio": 0.2759154203,
        "operatingIncome": 372000000,
        "operatingIncomeRatio": 0.1918514698,
        "totalOtherIncomeExpensesNet": -159000000,
        "incomeBeforeTax": 231000000,
        "incomeBeforeTaxRatio": 0.119133574,
        "incomeTaxExpense": 17000000,
        "netIncome": 210000000,
        "netIncomeRatio": 0.1083032491,
        "eps": 0.55,
        "epsdiluted": 0.54,
        "weightedAverageShsOut": 384964000,
        "weightedAverageShsOutDil": 389425000,
        "link": null,
        "finalLink": null
    },
    {
        "date": "2014-09-30",
        "symbol": "CPN",
        "reportedCurrency": "USD",
        "cik": "0000000000",
        "fillingDate": "2014-09-30",
        "acceptedDate": "2014-09-29 20:00:00",
        "calendarYear": "2014",
        "period": "Q3",
        "revenue": 2187000000,
        "costOfRevenue": 1483000000,
        "grossProfit": 704000000,
        "grossProfitRatio": 0.3219021491,
        "researchAndDevelopmentExpenses": 0,
        "generalAndAdministrativeExpenses": 0,
        "sellingAndMarketingExpenses": 0,
        "sellingGeneralAndAdministrativeExpenses": 37000000,
        "otherExpenses": 0,
        "operatingExpenses": -422000000,
        "costAndExpenses": 1066000000,
        "interestIncome": 2000000,
        "interestExpense": 156000000,
        "depreciationAndAmortization": 164000000,
        "ebitda": 948000000,
        "ebitdaratio": 0.4334705075,
        "operatingIncome": 154000000,
        "operatingIncomeRatio": 0.0704160951,
        "totalOtherIncomeExpensesNet": -498000000,
        "incomeBeforeTax": 628000000,
        "incomeBeforeTaxRatio": 0.2871513489,
        "incomeTaxExpense": 9000000,
        "netIncome": 614000000,
        "netIncomeRatio": 0.2807498857,
        "eps": 1.54,
        "epsdiluted": 1.52,
        "weightedAverageShsOut": 398232000,
        "weightedAverageShsOutDil": 402962000,
        "link": null,
        "finalLink": null
    },
    {
        "date": "2014-06-30",
        "symbol": "CPN",
        "reportedCurrency": "USD",
        "cik": "0000000000",
        "fillingDate": "2014-06-30",
        "acceptedDate": "2014-06-29 20:00:00",
        "calendarYear": "2014",
        "period": "Q2",
        "revenue": 1939000000,
        "costOfRevenue": 1408000000,
        "grossProfit": 531000000,
        "grossProfitRatio": 0.2738525013,
        "researchAndDevelopmentExpenses": 0,
        "generalAndAdministrativeExpenses": 0,
        "sellingAndMarketingExpenses": 0,
        "sellingGeneralAndAdministrativeExpenses": 38000000,
        "otherExpenses": 0,
        "operatingExpenses": 202000000,
        "costAndExpenses": 1614000000,
        "interestIncome": 2000000,
        "interestExpense": 169000000,
        "depreciationAndAmortization": 158000000,
        "ebitda": 472000000,
        "ebitdaratio": 0.2434244456,
        "operatingIncome": 314000000,
        "operatingIncomeRatio": 0.1619391439,
        "totalOtherIncomeExpensesNet": -173000000,
        "incomeBeforeTax": 156000000,
        "incomeBeforeTaxRatio": 0.0804538422,
        "incomeTaxExpense": 15000000,
        "netIncome": 139000000,
        "netIncomeRatio": 0.0716864363,
        "eps": 0.33,
        "epsdiluted": 0.33,
        "weightedAverageShsOut": 416507000,
        "weightedAverageShsOutDil": 421348000,
        "link": null,
        "finalLink": null
    },
    {
        "date": "2014-03-31",
        "symbol": "CPN",
        "reportedCurrency": "USD",
        "cik": "0000000000",
        "fillingDate": "2014-03-31",
        "acceptedDate": "2014-03-30 20:00:00",
        "calendarYear": "2014",
        "period": "Q1",
        "revenue": 1965000000,
        "costOfRevenue": 1622000000,
        "grossProfit": 343000000,
        "grossProfitRatio": 0.1745547074,
        "researchAndDevelopmentExpenses": 0,
        "generalAndAdministrativeExpenses": 0,
        "sellingAndMarketingExpenses": 0,
        "sellingGeneralAndAdministrativeExpenses": 33000000,
        "otherExpenses": 0,
        "operatingExpenses": 199000000,
        "costAndExpenses": 1830000000,
        "interestIncome": 1000000,
        "interestExpense": 166000000,
        "depreciationAndAmortization": 164000000,
        "ebitda": 298000000,
        "ebitdaratio": 0.151653944,
        "operatingIncome": 134000000,
        "operatingIncomeRatio": 0.0681933842,
        "totalOtherIncomeExpensesNet": -166000000,
        "incomeBeforeTax": -32000000,
        "incomeBeforeTaxRatio": -0.0162849873,
        "incomeTaxExpense": -19000000,
        "netIncome": -17000000,
        "netIncomeRatio": -0.0086513995,
        "eps": -0.0405,
        "epsdiluted": -0.0405,
        "weightedAverageShsOut": 420105000,
        "weightedAverageShsOutDil": 420105000,
        "link": null,
        "finalLink": null
    },
    {
        "date": "2013-12-31",
        "symbol": "CPN",
        "reportedCurrency": "USD",
        "cik": "0000000000",
        "fillingDate": "2013-12-31",
        "acceptedDate": "2013-12-30 19:00:00",
        "calendarYear": "2013",
        "period": "Q4",
        "revenue": 1438000000,
        "costOfRevenue": 1067000000,
        "grossProfit": 371000000,
        "grossProfitRatio": 0.2579972184,
        "researchAndDevelopmentExpenses": 0,
        "generalAndAdministrativeExpenses": 0,
        "sellingAndMarketingExpenses": 0,
        "sellingGeneralAndAdministrativeExpenses": 34000000,
        "otherExpenses": 0,
        "operatingExpenses": 220000000,
        "costAndExpenses": 1292000000,
        "interestIncome": 1000000,
        "interestExpense": 174000000,
        "depreciationAndAmortization": 180000000,
        "ebitda": 251000000,
        "ebitdaratio": 0.1745479833,
        "operatingIncome": 71000000,
        "operatingIncomeRatio": 0.0493741307,
        "totalOtherIncomeExpensesNet": -254000000,
        "incomeBeforeTax": -103000000,
        "incomeBeforeTaxRatio": -0.0716272601,
        "incomeTaxExpense": -10000000,
        "netIncome": -97000000,
        "netIncomeRatio": -0.0674547983,
        "eps": -0.22,
        "epsdiluted": -0.22,
        "weightedAverageShsOut": 437525000,
        "weightedAverageShsOutDil": 441633000,
        "link": null,
        "finalLink": null
    },
    {
        "date": "2013-09-30",
        "symbol": "CPN",
        "reportedCurrency": "USD",
        "cik": "0000000000",
        "fillingDate": "2013-09-30",
        "acceptedDate": "2013-09-29 20:00:00",
        "calendarYear": "2013",
        "period": "Q3",
        "revenue": 2050000000,
        "costOfRevenue": 1259000000,
        "grossProfit": 791000000,
        "grossProfitRatio": 0.3858536585,
        "researchAndDevelopmentExpenses": 0,
        "generalAndAdministrativeExpenses": 0,
        "sellingAndMarketingExpenses": 0,
        "sellingGeneralAndAdministrativeExpenses": 33000000,
        "otherExpenses": 0,
        "operatingExpenses": 194000000,
        "costAndExpenses": 1462000000,
        "interestIncome": 2000000,
        "interestExpense": 176000000,
        "depreciationAndAmortization": 159000000,
        "ebitda": 751000000,
        "ebitdaratio": 0.3663414634,
        "operatingIncome": 592000000,
        "operatingIncomeRatio": 0.2887804878,
        "totalOtherIncomeExpensesNet": -176000000,
        "incomeBeforeTax": 416000000,
        "incomeBeforeTaxRatio": 0.2029268293,
        "incomeTaxExpense": 110000000,
        "netIncome": 306000000,
        "netIncomeRatio": 0.1492682927,
        "eps": 0.7,
        "epsdiluted": 0.7,
        "weightedAverageShsOut": 434384000,
        "weightedAverageShsOutDil": 438493000,
        "link": null,
        "finalLink": null
    },
    {
        "date": "2013-06-30",
        "symbol": "CPN",
        "reportedCurrency": "USD",
        "cik": "0000000000",
        "fillingDate": "2013-06-30",
        "acceptedDate": "2013-06-29 20:00:00",
        "calendarYear": "2013",
        "period": "Q2",
        "revenue": 1572000000,
        "costOfRevenue": 1257000000,
        "grossProfit": 315000000,
        "grossProfitRatio": 0.2003816794,
        "researchAndDevelopmentExpenses": 0,
        "generalAndAdministrativeExpenses": 0,
        "sellingAndMarketingExpenses": 0,
        "sellingGeneralAndAdministrativeExpenses": 36000000,
        "otherExpenses": 0,
        "operatingExpenses": 193000000,
        "costAndExpenses": 1458000000,
        "interestIncome": 1000000,
        "interestExpense": 170000000,
        "depreciationAndAmortization": 157000000,
        "ebitda": 209000000,
        "ebitdaratio": 0.1329516539,
        "operatingIncome": 52000000,
        "operatingIncomeRatio": 0.0330788804,
        "totalOtherIncomeExpensesNet": -240000000,
        "incomeBeforeTax": -118000000,
        "incomeBeforeTaxRatio": -0.0750636132,
        "incomeTaxExpense": -48000000,
        "netIncome": -70000000,
        "netIncomeRatio": -0.0445292621,
        "eps": -0.16,
        "epsdiluted": -0.16,
        "weightedAverageShsOut": 447558000,
        "weightedAverageShsOutDil": 447558000,
        "link": null,
        "finalLink": null
    },
    {
        "date": "2013-03-31",
        "symbol": "CPN",
        "reportedCurrency": "USD",
        "cik": "0000000000",
        "fillingDate": "2013-03-31",
        "acceptedDate": "2013-03-30 20:00:00",
        "calendarYear": "2013",
        "period": "Q1",
        "revenue": 1241000000,
        "costOfRevenue": 1048000000,
        "grossProfit": 193000000,
        "grossProfitRatio": 0.1555197421,
        "researchAndDevelopmentExpenses": 0,
        "generalAndAdministrativeExpenses": 0,
        "sellingAndMarketingExpenses": 0,
        "sellingGeneralAndAdministrativeExpenses": 33000000,
        "otherExpenses": 0,
        "operatingExpenses": 189000000,
        "costAndExpenses": 1245000000,
        "interestIncome": 2000000,
        "interestExpense": 176000000,
        "depreciationAndAmortization": 158000000,
        "ebitda": 159000000,
        "ebitdaratio": 0.1281224819,
        "operatingIncome": 1000000,
        "operatingIncomeRatio": 0.0008058018,
        "totalOtherIncomeExpensesNet": -176000000,
        "incomeBeforeTax": -175000000,
        "incomeBeforeTaxRatio": -0.1410153102,
        "incomeTaxExpense": -50000000,
        "netIncome": -125000000,
        "netIncomeRatio": -0.1007252216,
        "eps": -0.28,
        "epsdiluted": -0.28,
        "weightedAverageShsOut": 451706000,
        "weightedAverageShsOutDil": 451706000,
        "link": null,
        "finalLink": null
    },
    {
        "date": "2012-12-31",
        "symbol": "CPN",
        "reportedCurrency": "USD",
        "cik": "0000000000",
        "fillingDate": "2012-12-31",
        "acceptedDate": "2012-12-30 19:00:00",
        "calendarYear": "2012",
        "period": "Q4",
        "revenue": 1367000000,
        "costOfRevenue": 1110000000,
        "grossProfit": 257000000,
        "grossProfitRatio": 0.1880029261,
        "researchAndDevelopmentExpenses": 0,
        "generalAndAdministrativeExpenses": 0,
        "sellingAndMarketingExpenses": 0,
        "sellingGeneralAndAdministrativeExpenses": 36000000,
        "otherExpenses": -74000000,
        "operatingExpenses": -38000000,
        "costAndExpenses": 1079000000,
        "interestIncome": 4000000,
        "interestExpense": 184000000,
        "depreciationAndAmortization": 156000000,
        "ebitda": 436000000,
        "ebitdaratio": 0.3189465984,
        "operatingIncome": 295000000,
        "operatingIncomeRatio": 0.2158010241,
        "totalOtherIncomeExpensesNet": -199000000,
        "incomeBeforeTax": 96000000,
        "incomeBeforeTaxRatio": 0.070226774,
        "incomeTaxExpense": -4000000,
        "netIncome": 100000000,
        "netIncomeRatio": 0.0731528895,
        "eps": 0.22,
        "epsdiluted": 0.22,
        "weightedAverageShsOut": 451706000,
        "weightedAverageShsOutDil": 451706000,
        "link": "",
        "finalLink": ""
    },
    {
        "date": "2012-09-30",
        "symbol": "CPN",
        "reportedCurrency": "USD",
        "cik": "0000000000",
        "fillingDate": "2012-09-30",
        "acceptedDate": "2012-09-29 20:00:00",
        "calendarYear": "2012",
        "period": "Q3",
        "revenue": 1996000000,
        "costOfRevenue": 1100000000,
        "grossProfit": 896000000,
        "grossProfitRatio": 0.4488977956,
        "researchAndDevelopmentExpenses": 0,
        "generalAndAdministrativeExpenses": 0,
        "sellingAndMarketingExpenses": 0,
        "sellingGeneralAndAdministrativeExpenses": 36000000,
        "otherExpenses": 155000000,
        "operatingExpenses": 191000000,
        "costAndExpenses": 1298000000,
        "interestIncome": 2000000,
        "interestExpense": 183000000,
        "depreciationAndAmortization": 150000000,
        "ebitda": 851000000,
        "ebitdaratio": 0.4263527054,
        "operatingIncome": 705000000,
        "operatingIncomeRatio": 0.3532064128,
        "totalOtherIncomeExpensesNet": -187000000,
        "incomeBeforeTax": 518000000,
        "incomeBeforeTaxRatio": 0.2595190381,
        "incomeTaxExpense": 81000000,
        "netIncome": 437000000,
        "netIncomeRatio": 0.2189378758,
        "eps": 0.95,
        "epsdiluted": 0.94,
        "weightedAverageShsOut": 462307000,
        "weightedAverageShsOutDil": 465953000,
        "link": "",
        "finalLink": ""
    },
    {
        "date": "2012-06-30",
        "symbol": "CPN",
        "reportedCurrency": "USD",
        "cik": "0000000000",
        "fillingDate": "2012-06-30",
        "acceptedDate": "2012-06-29 20:00:00",
        "calendarYear": "2012",
        "period": "Q2",
        "revenue": 879000000,
        "costOfRevenue": 883000000,
        "grossProfit": -4000000,
        "grossProfitRatio": -0.0045506257,
        "researchAndDevelopmentExpenses": 0,
        "generalAndAdministrativeExpenses": 0,
        "sellingAndMarketingExpenses": 0,
        "sellingGeneralAndAdministrativeExpenses": 56000000,
        "otherExpenses": 138000000,
        "operatingExpenses": 194000000,
        "costAndExpenses": 1077000000,
        "interestIncome": 2000000,
        "interestExpense": 184000000,
        "depreciationAndAmortization": 148000000,
        "ebitda": -49000000,
        "ebitdaratio": -0.055745165,
        "operatingIncome": -193000000,
        "operatingIncomeRatio": -0.2195676906,
        "totalOtherIncomeExpensesNet": -188000000,
        "incomeBeforeTax": -381000000,
        "incomeBeforeTaxRatio": -0.433447099,
        "incomeTaxExpense": -52000000,
        "netIncome": -329000000,
        "netIncomeRatio": -0.3742889647,
        "eps": -0.7,
        "epsdiluted": -0.7,
        "weightedAverageShsOut": 471444000,
        "weightedAverageShsOutDil": 471444000,
        "link": "",
        "finalLink": ""
    },
    {
        "date": "2012-03-31",
        "symbol": "CPN",
        "reportedCurrency": "USD",
        "cik": "0000000000",
        "fillingDate": "2012-03-31",
        "acceptedDate": "2012-03-30 20:00:00",
        "calendarYear": "2012",
        "period": "Q1",
        "revenue": 1236000000,
        "costOfRevenue": 853000000,
        "grossProfit": 383000000,
        "grossProfitRatio": 0.3098705502,
        "researchAndDevelopmentExpenses": 0,
        "generalAndAdministrativeExpenses": 0,
        "sellingAndMarketingExpenses": 0,
        "sellingGeneralAndAdministrativeExpenses": 57000000,
        "otherExpenses": 140000000,
        "operatingExpenses": 197000000,
        "costAndExpenses": 1050000000,
        "interestIncome": 3000000,
        "interestExpense": 185000000,
        "depreciationAndAmortization": 151000000,
        "ebitda": 321000000,
        "ebitdaratio": 0.2597087379,
        "operatingIncome": 195000000,
        "operatingIncomeRatio": 0.1577669903,
        "totalOtherIncomeExpensesNet": -210000000,
        "incomeBeforeTax": -15000000,
        "incomeBeforeTaxRatio": -0.0121359223,
        "incomeTaxExpense": -6000000,
        "netIncome": -9000000,
        "netIncomeRatio": -0.0072815534,
        "eps": -0.0188,
        "epsdiluted": -0.0188,
        "weightedAverageShsOut": 478106000,
        "weightedAverageShsOutDil": 478106000,
        "link": "",
        "finalLink": ""
    },
    {
        "date": "2011-12-31",
        "symbol": "CPN",
        "reportedCurrency": "USD",
        "cik": "0000000000",
        "fillingDate": "2011-12-31",
        "acceptedDate": "2011-12-30 19:00:00",
        "calendarYear": "2011",
        "period": "Q4",
        "revenue": 1459000000,
        "costOfRevenue": 1072000000,
        "grossProfit": 387000000,
        "grossProfitRatio": 0.2652501714,
        "researchAndDevelopmentExpenses": 0,
        "generalAndAdministrativeExpenses": 0,
        "sellingAndMarketingExpenses": 0,
        "sellingGeneralAndAdministrativeExpenses": 55000000,
        "otherExpenses": 145000000,
        "operatingExpenses": 200000000,
        "costAndExpenses": 1272000000,
        "interestIncome": 2000000,
        "interestExpense": 185000000,
        "depreciationAndAmortization": 156000000,
        "ebitda": 351000000,
        "ebitdaratio": 0.2405757368,
        "operatingIncome": 196000000,
        "operatingIncomeRatio": 0.1343385881,
        "totalOtherIncomeExpensesNet": -186000000,
        "incomeBeforeTax": 10000000,
        "incomeBeforeTaxRatio": 0.0068540096,
        "incomeTaxExpense": 23000000,
        "netIncome": -13000000,
        "netIncomeRatio": -0.0089102125,
        "eps": -0.0272,
        "epsdiluted": -0.0272,
        "weightedAverageShsOut": 478106000,
        "weightedAverageShsOutDil": 478106000,
        "link": "",
        "finalLink": ""
    },
    {
        "date": "2011-09-30",
        "symbol": "CPN",
        "reportedCurrency": "USD",
        "cik": "0000000000",
        "fillingDate": "2011-09-30",
        "acceptedDate": "2011-09-29 20:00:00",
        "calendarYear": "2011",
        "period": "Q3",
        "revenue": 2209000000,
        "costOfRevenue": 1613000000,
        "grossProfit": 596000000,
        "grossProfitRatio": 0.2698053418,
        "researchAndDevelopmentExpenses": 0,
        "generalAndAdministrativeExpenses": 0,
        "sellingAndMarketingExpenses": 0,
        "sellingGeneralAndAdministrativeExpenses": 55000000,
        "otherExpenses": 143000000,
        "operatingExpenses": 198000000,
        "costAndExpenses": 1811000000,
        "interestIncome": 2000000,
        "interestExpense": 192000000,
        "depreciationAndAmortization": 152000000,
        "ebitda": 554000000,
        "ebitdaratio": 0.2507922137,
        "operatingIncome": 403000000,
        "operatingIncomeRatio": 0.1824354912,
        "totalOtherIncomeExpensesNet": -193000000,
        "incomeBeforeTax": 210000000,
        "incomeBeforeTaxRatio": 0.0950656406,
        "incomeTaxExpense": 20000000,
        "netIncome": 190000000,
        "netIncomeRatio": 0.08601177,
        "eps": 0.39,
        "epsdiluted": 0.39,
        "weightedAverageShsOut": 486420000,
        "weightedAverageShsOutDil": 489062000,
        "link": "",
        "finalLink": ""
    },
    {
        "date": "2011-06-30",
        "symbol": "CPN",
        "reportedCurrency": "USD",
        "cik": "0000000000",
        "fillingDate": "2011-06-30",
        "acceptedDate": "2011-06-29 20:00:00",
        "calendarYear": "2011",
        "period": "Q2",
        "revenue": 1633000000,
        "costOfRevenue": 1261000000,
        "grossProfit": 372000000,
        "grossProfitRatio": 0.2278015922,
        "researchAndDevelopmentExpenses": 0,
        "generalAndAdministrativeExpenses": 0,
        "sellingAndMarketingExpenses": 0,
        "sellingGeneralAndAdministrativeExpenses": 56000000,
        "otherExpenses": 131000000,
        "operatingExpenses": 187000000,
        "costAndExpenses": 1448000000,
        "interestIncome": 2000000,
        "interestExpense": 192000000,
        "depreciationAndAmortization": 139000000,
        "ebitda": 279000000,
        "ebitdaratio": 0.1708511941,
        "operatingIncome": 183000000,
        "operatingIncomeRatio": 0.1120636865,
        "totalOtherIncomeExpensesNet": -235000000,
        "incomeBeforeTax": -52000000,
        "incomeBeforeTaxRatio": -0.0318432333,
        "incomeTaxExpense": 18000000,
        "netIncome": -70000000,
        "netIncomeRatio": -0.042865891,
        "eps": -0.14,
        "epsdiluted": -0.14,
        "weightedAverageShsOut": 486411000,
        "weightedAverageShsOutDil": 486411000,
        "link": "",
        "finalLink": ""
    },
    {
        "date": "2011-03-31",
        "symbol": "CPN",
        "reportedCurrency": "USD",
        "cik": "0000000000",
        "fillingDate": "2011-03-31",
        "acceptedDate": "2011-03-30 20:00:00",
        "calendarYear": "2011",
        "period": "Q1",
        "revenue": 1499000000,
        "costOfRevenue": 1307000000,
        "grossProfit": 192000000,
        "grossProfitRatio": 0.1280853903,
        "researchAndDevelopmentExpenses": 0,
        "generalAndAdministrativeExpenses": 0,
        "sellingAndMarketingExpenses": 0,
        "sellingGeneralAndAdministrativeExpenses": 52000000,
        "otherExpenses": 131000000,
        "operatingExpenses": 183000000,
        "costAndExpenses": 1490000000,
        "interestIncome": 3000000,
        "interestExpense": 191000000,
        "depreciationAndAmortization": 140000000,
        "ebitda": -49000000,
        "ebitdaratio": -0.032688459,
        "operatingIncome": 18000000,
        "operatingIncomeRatio": 0.0120080053,
        "totalOtherIncomeExpensesNet": -397000000,
        "incomeBeforeTax": -379000000,
        "incomeBeforeTaxRatio": -0.2528352235,
        "incomeTaxExpense": -83000000,
        "netIncome": -297000000,
        "netIncomeRatio": -0.1981320881,
        "eps": -0.61,
        "epsdiluted": -0.61,
        "weightedAverageShsOut": 486191000,
        "weightedAverageShsOutDil": 486191000,
        "link": "",
        "finalLink": ""
    },
    {
        "date": "2010-12-31",
        "symbol": "CPN",
        "reportedCurrency": "USD",
        "cik": "0000000000",
        "fillingDate": "2010-12-31",
        "acceptedDate": "2010-12-30 19:00:00",
        "calendarYear": "2010",
        "period": "Q4",
        "revenue": 1471000000,
        "costOfRevenue": 717000000,
        "grossProfit": 754000000,
        "grossProfitRatio": 0.5125764786,
        "researchAndDevelopmentExpenses": 0,
        "generalAndAdministrativeExpenses": 0,
        "sellingAndMarketingExpenses": 0,
        "sellingGeneralAndAdministrativeExpenses": 100000000,
        "otherExpenses": 565000000,
        "operatingExpenses": 665000000,
        "costAndExpenses": 1398000000,
        "interestIncome": 3000000,
        "interestExpense": 67000000,
        "depreciationAndAmortization": 151000000,
        "ebitda": 88000000,
        "ebitdaratio": 0.0598232495,
        "operatingIncome": 89000000,
        "operatingIncomeRatio": 0.0605030591,
        "totalOtherIncomeExpensesNet": -381000000,
        "incomeBeforeTax": -292000000,
        "incomeBeforeTaxRatio": -0.1985044188,
        "incomeTaxExpense": -106000000,
        "netIncome": -24000000,
        "netIncomeRatio": -0.0163154317,
        "eps": -0.0494,
        "epsdiluted": -0.0494,
        "weightedAverageShsOut": 486191000,
        "weightedAverageShsOutDil": 486191000,
        "link": "",
        "finalLink": ""
    },
    {
        "date": "2010-09-30",
        "symbol": "CPN",
        "reportedCurrency": "USD",
        "cik": "0000000000",
        "fillingDate": "2010-09-30",
        "acceptedDate": "2010-09-29 20:00:00",
        "calendarYear": "2010",
        "period": "Q3",
        "revenue": 2130000000,
        "costOfRevenue": 1511000000,
        "grossProfit": 619000000,
        "grossProfitRatio": 0.2906103286,
        "researchAndDevelopmentExpenses": 0,
        "generalAndAdministrativeExpenses": 0,
        "sellingAndMarketingExpenses": 0,
        "sellingGeneralAndAdministrativeExpenses": 66000000,
        "otherExpenses": -1000000,
        "operatingExpenses": 65000000,
        "costAndExpenses": 1576000000,
        "interestIncome": 2000000,
        "interestExpense": 314000000,
        "depreciationAndAmortization": 166000000,
        "ebitda": 718000000,
        "ebitdaratio": 0.3370892019,
        "operatingIncome": 554000000,
        "operatingIncomeRatio": 0.2600938967,
        "totalOtherIncomeExpensesNet": -335000000,
        "incomeBeforeTax": 219000000,
        "incomeBeforeTaxRatio": 0.1028169014,
        "incomeTaxExpense": 21000000,
        "netIncome": 217000000,
        "netIncomeRatio": 0.1018779343,
        "eps": 0.45,
        "epsdiluted": 0.45,
        "weightedAverageShsOut": 486088000,
        "weightedAverageShsOutDil": 487443000,
        "link": "",
        "finalLink": ""
    },
    {
        "date": "2010-06-30",
        "symbol": "CPN",
        "reportedCurrency": "USD",
        "cik": "0000000000",
        "fillingDate": "2010-06-30",
        "acceptedDate": "2010-06-29 20:00:00",
        "calendarYear": "2010",
        "period": "Q2",
        "revenue": 1430000000,
        "costOfRevenue": 1273000000,
        "grossProfit": 157000000,
        "grossProfitRatio": 0.1097902098,
        "researchAndDevelopmentExpenses": 0,
        "generalAndAdministrativeExpenses": 0,
        "sellingAndMarketingExpenses": 0,
        "sellingGeneralAndAdministrativeExpenses": 55000000,
        "otherExpenses": -6000000,
        "operatingExpenses": 49000000,
        "costAndExpenses": 1322000000,
        "interestIncome": 4000000,
        "interestExpense": 216000000,
        "depreciationAndAmortization": 140000000,
        "ebitda": 247000000,
        "ebitdaratio": 0.1727272727,
        "operatingIncome": 108000000,
        "operatingIncomeRatio": 0.0755244755,
        "totalOtherIncomeExpensesNet": -220000000,
        "incomeBeforeTax": -112000000,
        "incomeBeforeTaxRatio": -0.0783216783,
        "incomeTaxExpense": 6000000,
        "netIncome": -115000000,
        "netIncomeRatio": -0.0804195804,
        "eps": -0.24,
        "epsdiluted": -0.24,
        "weightedAverageShsOut": 486057000,
        "weightedAverageShsOutDil": 486057000,
        "link": "",
        "finalLink": ""
    },
    {
        "date": "2010-03-31",
        "symbol": "CPN",
        "reportedCurrency": "USD",
        "cik": "0000000000",
        "fillingDate": "2010-03-31",
        "acceptedDate": "2010-03-30 20:00:00",
        "calendarYear": "2010",
        "period": "Q1",
        "revenue": 1539000000,
        "costOfRevenue": 1354000000,
        "grossProfit": 185000000,
        "grossProfitRatio": 0.1202079272,
        "researchAndDevelopmentExpenses": 0,
        "generalAndAdministrativeExpenses": 0,
        "sellingAndMarketingExpenses": 0,
        "sellingGeneralAndAdministrativeExpenses": 25000000,
        "otherExpenses": -2000000,
        "operatingExpenses": 23000000,
        "costAndExpenses": 1377000000,
        "interestIncome": 2000000,
        "interestExpense": 195000000,
        "depreciationAndAmortization": 158000000,
        "ebitda": 317000000,
        "ebitdaratio": 0.2059779077,
        "operatingIncome": 162000000,
        "operatingIncomeRatio": 0.1052631579,
        "totalOtherIncomeExpensesNet": -199000000,
        "incomeBeforeTax": -37000000,
        "incomeBeforeTaxRatio": -0.0240415854,
        "incomeTaxExpense": 11000000,
        "netIncome": -47000000,
        "netIncomeRatio": -0.0305393112,
        "eps": -0.0967,
        "epsdiluted": -0.0967,
        "weightedAverageShsOut": 485921000,
        "weightedAverageShsOutDil": 485921000,
        "link": "",
        "finalLink": ""
    },
    {
        "date": "2009-12-31",
        "symbol": "CPN",
        "reportedCurrency": "USD",
        "cik": "0000000000",
        "fillingDate": "2009-12-31",
        "acceptedDate": "2009-12-30 19:00:00",
        "calendarYear": "2009",
        "period": "Q4",
        "revenue": 1569000000,
        "costOfRevenue": 1335000000,
        "grossProfit": 234000000,
        "grossProfitRatio": 0.1491395793,
        "researchAndDevelopmentExpenses": 0,
        "generalAndAdministrativeExpenses": 0,
        "sellingAndMarketingExpenses": 0,
        "sellingGeneralAndAdministrativeExpenses": 56000000,
        "otherExpenses": -23000000,
        "operatingExpenses": 33000000,
        "costAndExpenses": 1368000000,
        "interestIncome": 3000000,
        "interestExpense": 214000000,
        "depreciationAndAmortization": 157000000,
        "ebitda": 326000000,
        "ebitdaratio": 0.2077756533,
        "operatingIncome": 201000000,
        "operatingIncomeRatio": 0.1281070746,
        "totalOtherIncomeExpensesNet": -247000000,
        "incomeBeforeTax": -46000000,
        "incomeBeforeTaxRatio": -0.029318037,
        "incomeTaxExpense": -2000000,
        "netIncome": -43000000,
        "netIncomeRatio": -0.0274059911,
        "eps": -0.0885,
        "epsdiluted": -0.0885,
        "weightedAverageShsOut": 485921000,
        "weightedAverageShsOutDil": 485921000,
        "link": "",
        "finalLink": ""
    },
    {
        "date": "2009-09-30",
        "symbol": "CPN",
        "reportedCurrency": "USD",
        "cik": "0000000000",
        "fillingDate": "2009-09-30",
        "acceptedDate": "2009-09-29 20:00:00",
        "calendarYear": "2009",
        "period": "Q3",
        "revenue": 1847000000,
        "costOfRevenue": 1354000000,
        "grossProfit": 493000000,
        "grossProfitRatio": 0.2669193286,
        "researchAndDevelopmentExpenses": 0,
        "generalAndAdministrativeExpenses": 0,
        "sellingAndMarketingExpenses": 0,
        "sellingGeneralAndAdministrativeExpenses": 43000000,
        "otherExpenses": 13000000,
        "operatingExpenses": 56000000,
        "costAndExpenses": 1410000000,
        "interestIncome": 3000000,
        "interestExpense": 198000000,
        "depreciationAndAmortization": 131000000,
        "ebitda": 560000000,
        "ebitdaratio": 0.3031943692,
        "operatingIncome": 437000000,
        "operatingIncomeRatio": 0.2365998917,
        "totalOtherIncomeExpensesNet": -207000000,
        "incomeBeforeTax": 230000000,
        "incomeBeforeTaxRatio": 0.1245262588,
        "incomeTaxExpense": -7000000,
        "netIncome": 238000000,
        "netIncomeRatio": 0.1288576069,
        "eps": 0.49,
        "epsdiluted": 0.49,
        "weightedAverageShsOut": 485736000,
        "weightedAverageShsOutDil": 486585000,
        "link": "",
        "finalLink": ""
    },
    {
        "date": "2009-06-30",
        "symbol": "CPN",
        "reportedCurrency": "USD",
        "cik": "0000000000",
        "fillingDate": "2009-06-30",
        "acceptedDate": "2009-06-29 20:00:00",
        "calendarYear": "2009",
        "period": "Q2",
        "revenue": 1471000000,
        "costOfRevenue": 1265000000,
        "grossProfit": 206000000,
        "grossProfitRatio": 0.1400407886,
        "researchAndDevelopmentExpenses": 0,
        "generalAndAdministrativeExpenses": 0,
        "sellingAndMarketingExpenses": 0,
        "sellingGeneralAndAdministrativeExpenses": 48000000,
        "otherExpenses": -17000000,
        "operatingExpenses": 31000000,
        "costAndExpenses": 1296000000,
        "interestIncome": 4000000,
        "interestExpense": 207000000,
        "depreciationAndAmortization": 136000000,
        "ebitda": 279000000,
        "ebitdaratio": 0.1896668933,
        "operatingIncome": 175000000,
        "operatingIncomeRatio": 0.1189666893,
        "totalOtherIncomeExpensesNet": -239000000,
        "incomeBeforeTax": -64000000,
        "incomeBeforeTaxRatio": -0.0435078178,
        "incomeTaxExpense": 15000000,
        "netIncome": -79000000,
        "netIncomeRatio": -0.0537049626,
        "eps": -0.16,
        "epsdiluted": -0.16,
        "weightedAverageShsOut": 485675000,
        "weightedAverageShsOutDil": 485675000,
        "link": "",
        "finalLink": ""
    },
    {
        "date": "2009-03-31",
        "symbol": "CPN",
        "reportedCurrency": "USD",
        "cik": "0000000000",
        "fillingDate": "2009-03-31",
        "acceptedDate": "2009-03-30 20:00:00",
        "calendarYear": "2009",
        "period": "Q1",
        "revenue": 1677000000,
        "costOfRevenue": 1395000000,
        "grossProfit": 282000000,
        "grossProfitRatio": 0.168157424,
        "researchAndDevelopmentExpenses": 0,
        "generalAndAdministrativeExpenses": 0,
        "sellingAndMarketingExpenses": 0,
        "sellingGeneralAndAdministrativeExpenses": 48000000,
        "otherExpenses": -17000000,
        "operatingExpenses": 31000000,
        "costAndExpenses": 1426000000,
        "interestIncome": 6000000,
        "interestExpense": 210000000,
        "depreciationAndAmortization": 132000000,
        "ebitda": 383000000,
        "ebitdaratio": 0.2283840191,
        "operatingIncome": 251000000,
        "operatingIncomeRatio": 0.1496720334,
        "totalOtherIncomeExpensesNet": -211000000,
        "incomeBeforeTax": 40000000,
        "incomeBeforeTaxRatio": 0.0238521169,
        "incomeTaxExpense": 9000000,
        "netIncome": 32000000,
        "netIncomeRatio": 0.0190816935,
        "eps": 0.0659,
        "epsdiluted": 0.0659,
        "weightedAverageShsOut": 485362000,
        "weightedAverageShsOutDil": 485595000,
        "link": "",
        "finalLink": ""
    },
    {
        "date": "2008-12-31",
        "symbol": "CPN",
        "reportedCurrency": "USD",
        "cik": "0000000000",
        "fillingDate": "2008-12-31",
        "acceptedDate": "2008-12-30 19:00:00",
        "calendarYear": "2008",
        "period": "Q4",
        "revenue": 1968000000,
        "costOfRevenue": 1346000000,
        "grossProfit": 622000000,
        "grossProfitRatio": 0.3160569106,
        "researchAndDevelopmentExpenses": 0,
        "generalAndAdministrativeExpenses": 0,
        "sellingAndMarketingExpenses": 0,
        "sellingGeneralAndAdministrativeExpenses": 61000000,
        "otherExpenses": 457000000,
        "operatingExpenses": 518000000,
        "costAndExpenses": 1864000000,
        "interestIncome": 9000000,
        "interestExpense": 234000000,
        "depreciationAndAmortization": 133000000,
        "ebitda": 271000000,
        "ebitdaratio": 0.137703252,
        "operatingIncome": 104000000,
        "operatingIncomeRatio": 0.0528455285,
        "totalOtherIncomeExpensesNet": -202000000,
        "incomeBeforeTax": -98000000,
        "incomeBeforeTaxRatio": -0.049796748,
        "incomeTaxExpense": 13000000,
        "netIncome": -109000000,
        "netIncomeRatio": -0.0553861789,
        "eps": -0.22,
        "epsdiluted": -0.22,
        "weightedAverageShsOut": 485362000,
        "weightedAverageShsOutDil": 485595000,
        "link": "",
        "finalLink": ""
    },
    {
        "date": "2008-09-30",
        "symbol": "CPN",
        "reportedCurrency": "USD",
        "cik": "0000000000",
        "fillingDate": "2008-09-30",
        "acceptedDate": "2008-09-29 20:00:00",
        "calendarYear": "2008",
        "period": "Q3",
        "revenue": 3190000000,
        "costOfRevenue": 2322000000,
        "grossProfit": 868000000,
        "grossProfitRatio": 0.2721003135,
        "researchAndDevelopmentExpenses": 0,
        "generalAndAdministrativeExpenses": 0,
        "sellingAndMarketingExpenses": 0,
        "sellingGeneralAndAdministrativeExpenses": 58000000,
        "otherExpenses": 538000000,
        "operatingExpenses": 596000000,
        "costAndExpenses": 2918000000,
        "interestIncome": 11000000,
        "interestExpense": 212000000,
        "depreciationAndAmortization": 138000000,
        "ebitda": 406000000,
        "ebitdaratio": 0.1272727273,
        "operatingIncome": 272000000,
        "operatingIncomeRatio": 0.0852664577,
        "totalOtherIncomeExpensesNet": -217000000,
        "incomeBeforeTax": 55000000,
        "incomeBeforeTaxRatio": 0.0172413793,
        "incomeTaxExpense": -80000000,
        "netIncome": 136000000,
        "netIncomeRatio": 0.0426332288,
        "eps": 0.28,
        "epsdiluted": 0.28,
        "weightedAverageShsOut": 485073000,
        "weightedAverageShsOutDil": 485741000,
        "link": "",
        "finalLink": ""
    },
    {
        "date": "2008-06-30",
        "symbol": "CPN",
        "reportedCurrency": "USD",
        "cik": "0000000000",
        "fillingDate": "2008-06-30",
        "acceptedDate": "2008-06-29 20:00:00",
        "calendarYear": "2008",
        "period": "Q2",
        "revenue": 2828000000,
        "costOfRevenue": 2008000000,
        "grossProfit": 820000000,
        "grossProfitRatio": 0.2899575672,
        "researchAndDevelopmentExpenses": 0,
        "generalAndAdministrativeExpenses": 0,
        "sellingAndMarketingExpenses": 0,
        "sellingGeneralAndAdministrativeExpenses": 48000000,
        "otherExpenses": 362000000,
        "operatingExpenses": 410000000,
        "costAndExpenses": 2418000000,
        "interestIncome": 14000000,
        "interestExpense": 206000000,
        "depreciationAndAmortization": 125000000,
        "ebitda": 553000000,
        "ebitdaratio": 0.1955445545,
        "operatingIncome": 410000000,
        "operatingIncomeRatio": 0.1449787836,
        "totalOtherIncomeExpensesNet": -188000000,
        "incomeBeforeTax": 222000000,
        "incomeBeforeTaxRatio": 0.0785007072,
        "incomeTaxExpense": 25000000,
        "netIncome": 197000000,
        "netIncomeRatio": 0.0696605375,
        "eps": 0.41,
        "epsdiluted": 0.41,
        "weightedAverageShsOut": 485004000,
        "weightedAverageShsOutDil": 485732000,
        "link": "",
        "finalLink": ""
    },
    {
        "date": "2008-03-31",
        "symbol": "CPN",
        "reportedCurrency": "USD",
        "cik": "0000000000",
        "fillingDate": "2008-03-31",
        "acceptedDate": "2008-03-30 20:00:00",
        "calendarYear": "2008",
        "period": "Q1",
        "revenue": 1951000000,
        "costOfRevenue": 1605000000,
        "grossProfit": 346000000,
        "grossProfitRatio": 0.1773449513,
        "researchAndDevelopmentExpenses": 0,
        "generalAndAdministrativeExpenses": 0,
        "sellingAndMarketingExpenses": 0,
        "sellingGeneralAndAdministrativeExpenses": 48000000,
        "otherExpenses": 101000000,
        "operatingExpenses": 149000000,
        "costAndExpenses": 1754000000,
        "interestIncome": 13000000,
        "interestExpense": 419000000,
        "depreciationAndAmortization": 155000000,
        "ebitda": 355000000,
        "ebitdaratio": 0.1819579703,
        "operatingIncome": 197000000,
        "operatingIncomeRatio": 0.1009738596,
        "totalOtherIncomeExpensesNet": -416000000,
        "incomeBeforeTax": -219000000,
        "incomeBeforeTaxRatio": -0.1122501281,
        "incomeTaxExpense": -5000000,
        "netIncome": -214000000,
        "netIncomeRatio": -0.1096873398,
        "eps": -0.44,
        "epsdiluted": -0.44,
        "weightedAverageShsOut": 485000000,
        "weightedAverageShsOutDil": 485000000,
        "link": "",
        "finalLink": ""
    },
    {
        "date": "2007-12-31",
        "symbol": "CPN",
        "reportedCurrency": "USD",
        "cik": "0000000000",
        "fillingDate": "2007-12-31",
        "acceptedDate": "2007-12-30 19:00:00",
        "calendarYear": "2007",
        "period": "Q4",
        "revenue": 2141000000,
        "costOfRevenue": 1648000000,
        "grossProfit": 493000000,
        "grossProfitRatio": 0.2302662307,
        "researchAndDevelopmentExpenses": 0,
        "generalAndAdministrativeExpenses": 0,
        "sellingAndMarketingExpenses": 0,
        "sellingGeneralAndAdministrativeExpenses": 34000000,
        "otherExpenses": 350000000,
        "operatingExpenses": 384000000,
        "costAndExpenses": 2032000000,
        "interestIncome": 16000000,
        "interestExpense": 843000000,
        "depreciationAndAmortization": 134000000,
        "ebitda": 156000000,
        "ebitdaratio": 0.0728631481,
        "operatingIncome": 109000000,
        "operatingIncomeRatio": 0.0509107894,
        "totalOtherIncomeExpensesNet": -930000000,
        "incomeBeforeTax": -821000000,
        "incomeBeforeTaxRatio": -0.3834656702,
        "incomeTaxExpense": -679000000,
        "netIncome": -142000000,
        "netIncomeRatio": -0.0663241476,
        "eps": -0.29,
        "epsdiluted": -0.29,
        "weightedAverageShsOut": 485000000,
        "weightedAverageShsOutDil": 485000000,
        "link": "",
        "finalLink": ""
    },
    {
        "date": "2007-09-30",
        "symbol": "CPN",
        "reportedCurrency": "USD",
        "cik": "0000000000",
        "fillingDate": "2007-09-30",
        "acceptedDate": "2007-09-29 20:00:00",
        "calendarYear": "2007",
        "period": "Q3",
        "revenue": 2239000000,
        "costOfRevenue": 1484000000,
        "grossProfit": 755000000,
        "grossProfitRatio": 0.337204109,
        "researchAndDevelopmentExpenses": 0,
        "generalAndAdministrativeExpenses": 0,
        "sellingAndMarketingExpenses": 0,
        "sellingGeneralAndAdministrativeExpenses": 33000000,
        "otherExpenses": 355000000,
        "operatingExpenses": 388000000,
        "costAndExpenses": 1872000000,
        "interestIncome": 14000000,
        "interestExpense": 602000000,
        "depreciationAndAmortization": 136000000,
        "ebitda": 4583000000,
        "ebitdaratio": 2.0468959357,
        "operatingIncome": 367000000,
        "operatingIncomeRatio": 0.1639124609,
        "totalOtherIncomeExpensesNet": 3479000000,
        "incomeBeforeTax": 3846000000,
        "incomeBeforeTaxRatio": 1.71773113,
        "incomeTaxExpense": 51000000,
        "netIncome": 3794000000,
        "netIncomeRatio": 1.6945064761,
        "eps": 7.92,
        "epsdiluted": 7.91,
        "weightedAverageShsOut": 479312000,
        "weightedAverageShsOutDil": 479617000,
        "link": "",
        "finalLink": ""
    },
    {
        "date": "2007-06-30",
        "symbol": "CPN",
        "reportedCurrency": "USD",
        "cik": "0000000000",
        "fillingDate": "2007-06-30",
        "acceptedDate": "2007-06-29 20:00:00",
        "calendarYear": "2007",
        "period": "Q2",
        "revenue": 1975000000,
        "costOfRevenue": 1343000000,
        "grossProfit": 632000000,
        "grossProfitRatio": 0.32,
        "researchAndDevelopmentExpenses": 0,
        "generalAndAdministrativeExpenses": 0,
        "sellingAndMarketingExpenses": 0,
        "sellingGeneralAndAdministrativeExpenses": 39000000,
        "otherExpenses": 382000000,
        "operatingExpenses": 421000000,
        "costAndExpenses": 1764000000,
        "interestIncome": 17000000,
        "interestExpense": 275000000,
        "depreciationAndAmortization": 141000000,
        "ebitda": -91000000,
        "ebitdaratio": -0.0460759494,
        "operatingIncome": 211000000,
        "operatingIncomeRatio": 0.106835443,
        "totalOtherIncomeExpensesNet": -721000000,
        "incomeBeforeTax": -510000000,
        "incomeBeforeTaxRatio": -0.2582278481,
        "incomeTaxExpense": -7000000,
        "netIncome": -500000000,
        "netIncomeRatio": -0.253164557,
        "eps": -1.04,
        "epsdiluted": -1.04,
        "weightedAverageShsOut": 479175000,
        "weightedAverageShsOutDil": 479175000,
        "link": "",
        "finalLink": ""
    },
    {
        "date": "2007-03-31",
        "symbol": "CPN",
        "reportedCurrency": "USD",
        "cik": "0000000000",
        "fillingDate": "2007-03-31",
        "acceptedDate": "2007-03-30 20:00:00",
        "calendarYear": "2007",
        "period": "Q1",
        "revenue": 1615000000,
        "costOfRevenue": 1208000000,
        "grossProfit": 407000000,
        "grossProfitRatio": 0.2520123839,
        "researchAndDevelopmentExpenses": 0,
        "generalAndAdministrativeExpenses": 0,
        "sellingAndMarketingExpenses": 0,
        "sellingGeneralAndAdministrativeExpenses": 40000000,
        "otherExpenses": 349000000,
        "operatingExpenses": 389000000,
        "costAndExpenses": 1597000000,
        "interestIncome": 17000000,
        "interestExpense": 299000000,
        "depreciationAndAmortization": 143000000,
        "ebitda": 72000000,
        "ebitdaratio": 0.0445820433,
        "operatingIncome": 18000000,
        "operatingIncomeRatio": 0.0111455108,
        "totalOtherIncomeExpensesNet": -386000000,
        "incomeBeforeTax": -368000000,
        "incomeBeforeTaxRatio": -0.2278637771,
        "incomeTaxExpense": 89000000,
        "netIncome": -459000000,
        "netIncomeRatio": -0.2842105263,
        "eps": -0.96,
        "epsdiluted": -0.96,
        "weightedAverageShsOut": 479136000,
        "weightedAverageShsOutDil": 479136000,
        "link": "",
        "finalLink": ""
    },
    {
        "date": "2006-12-31",
        "symbol": "CPN",
        "reportedCurrency": "USD",
        "cik": "0000000000",
        "fillingDate": "2006-12-31",
        "acceptedDate": "2006-12-30 19:00:00",
        "calendarYear": "2006",
        "period": "Q4",
        "revenue": 1599814000,
        "costOfRevenue": 1105964000,
        "grossProfit": 493850000,
        "grossProfitRatio": 0.3086921355,
        "researchAndDevelopmentExpenses": 0,
        "generalAndAdministrativeExpenses": 0,
        "sellingAndMarketingExpenses": 0,
        "sellingGeneralAndAdministrativeExpenses": 27254000,
        "otherExpenses": 429259000,
        "operatingExpenses": 456513000,
        "costAndExpenses": 1562477000,
        "interestIncome": 19772000,
        "interestExpense": 442713000,
        "depreciationAndAmortization": 148044000,
        "ebitda": 331180000,
        "ebitdaratio": 0.2070115651,
        "operatingIncome": 37337000,
        "operatingIncomeRatio": 0.0233383381,
        "totalOtherIncomeExpensesNet": -302513000,
        "incomeBeforeTax": -265176000,
        "incomeBeforeTaxRatio": -0.1657542689,
        "incomeTaxExpense": 99790000,
        "netIncome": -359367000,
        "netIncomeRatio": -0.2246304883,
        "eps": -0.75,
        "epsdiluted": -0.75,
        "weightedAverageShsOut": 479136000,
        "weightedAverageShsOutDil": 479136000,
        "link": "",
        "finalLink": ""
    },
    {
        "date": "2006-09-30",
        "symbol": "CPN",
        "reportedCurrency": "USD",
        "cik": "0000000000",
        "fillingDate": "2006-09-30",
        "acceptedDate": "2006-09-29 20:00:00",
        "calendarYear": "2006",
        "period": "Q3",
        "revenue": 2158379000,
        "costOfRevenue": 1401633000,
        "grossProfit": 756746000,
        "grossProfitRatio": 0.3506084891,
        "researchAndDevelopmentExpenses": 0,
        "generalAndAdministrativeExpenses": 0,
        "sellingAndMarketingExpenses": 0,
        "sellingGeneralAndAdministrativeExpenses": 49026000,
        "otherExpenses": 353031000,
        "operatingExpenses": 402057000,
        "costAndExpenses": 1803690000,
        "interestIncome": 19918000,
        "interestExpense": 227724000,
        "depreciationAndAmortization": 148697000,
        "ebitda": 379285000,
        "ebitdaratio": 0.1757267839,
        "operatingIncome": 354689000,
        "operatingIncomeRatio": 0.1643311948,
        "totalOtherIncomeExpensesNet": -344167000,
        "incomeBeforeTax": 10522000,
        "incomeBeforeTaxRatio": 0.0048749548,
        "incomeTaxExpense": 1202000,
        "netIncome": 1662000,
        "netIncomeRatio": 0.0007700223,
        "eps": 0.0035,
        "epsdiluted": 0.0035,
        "weightedAverageShsOut": 479136000,
        "weightedAverageShsOutDil": 479136000,
        "link": "",
        "finalLink": ""
    },
    {
        "date": "2006-06-30",
        "symbol": "CPN",
        "reportedCurrency": "USD",
        "cik": "0000000000",
        "fillingDate": "2006-06-30",
        "acceptedDate": "2006-06-29 20:00:00",
        "calendarYear": "2006",
        "period": "Q2",
        "revenue": 1591931000,
        "costOfRevenue": 1013064000,
        "grossProfit": 578867000,
        "grossProfitRatio": 0.3636256848,
        "researchAndDevelopmentExpenses": 0,
        "generalAndAdministrativeExpenses": 0,
        "sellingAndMarketingExpenses": 0,
        "sellingGeneralAndAdministrativeExpenses": 47377000,
        "otherExpenses": 460113000,
        "operatingExpenses": 507490000,
        "costAndExpenses": 1520554000,
        "interestIncome": 19319000,
        "interestExpense": 299586000,
        "depreciationAndAmortization": 144160000,
        "ebitda": -407222000,
        "ebitdaratio": -0.2558038005,
        "operatingIncome": 71377000,
        "operatingIncomeRatio": 0.0448367423,
        "totalOtherIncomeExpensesNet": -921135000,
        "incomeBeforeTax": -849758000,
        "incomeBeforeTaxRatio": -0.5337907233,
        "incomeTaxExpense": -33209000,
        "netIncome": -817759000,
        "netIncomeRatio": -0.5136899778,
        "eps": -1.71,
        "epsdiluted": -1.71,
        "weightedAverageShsOut": 478710000,
        "weightedAverageShsOutDil": 478710000,
        "link": "",
        "finalLink": ""
    },
    {
        "date": "2006-03-31",
        "symbol": "CPN",
        "reportedCurrency": "USD",
        "cik": "0000000000",
        "fillingDate": "2006-03-31",
        "acceptedDate": "2006-03-30 19:00:00",
        "calendarYear": "2006",
        "period": "Q1",
        "revenue": 1355635000,
        "costOfRevenue": 916444000,
        "grossProfit": 439191000,
        "grossProfitRatio": 0.3239743736,
        "researchAndDevelopmentExpenses": 0,
        "generalAndAdministrativeExpenses": 0,
        "sellingAndMarketingExpenses": 0,
        "sellingGeneralAndAdministrativeExpenses": 50946000,
        "otherExpenses": 397701000,
        "operatingExpenses": 448647000,
        "costAndExpenses": 1365091000,
        "interestIncome": 20205000,
        "interestExpense": 292266000,
        "depreciationAndAmortization": 144408000,
        "ebitda": -156394000,
        "ebitdaratio": -0.1153658618,
        "operatingIncome": -9456000,
        "operatingIncomeRatio": -0.0069753289,
        "totalOtherIncomeExpensesNet": -582155000,
        "incomeBeforeTax": -591611000,
        "incomeBeforeTaxRatio": -0.4364087678,
        "incomeTaxExpense": -3625000,
        "netIncome": -589443000,
        "netIncomeRatio": -0.4348095173,
        "eps": -1.23,
        "epsdiluted": -1.23,
        "weightedAverageShsOut": 478747000,
        "weightedAverageShsOutDil": 478747000,
        "link": "",
        "finalLink": ""
    },
    {
        "date": "2005-12-31",
        "symbol": "CPN",
        "reportedCurrency": "USD",
        "cik": "0000000000",
        "fillingDate": "2005-12-31",
        "acceptedDate": "2005-12-30 19:00:00",
        "calendarYear": "2005",
        "period": "Q4",
        "revenue": 2586430000,
        "costOfRevenue": 4932678000,
        "grossProfit": -2346248000,
        "grossProfitRatio": -0.9071376376,
        "researchAndDevelopmentExpenses": -40283000,
        "generalAndAdministrativeExpenses": 0,
        "sellingAndMarketingExpenses": 0,
        "sellingGeneralAndAdministrativeExpenses": 63539000,
        "otherExpenses": 2119151000,
        "operatingExpenses": 2142407000,
        "costAndExpenses": 7075085000,
        "interestIncome": 26809000,
        "interestExpense": 369906000,
        "depreciationAndAmortization": 163905000,
        "ebitda": -9295050000,
        "ebitdaratio": -3.5937759769,
        "operatingIncome": -4488655000,
        "operatingIncomeRatio": -1.735463554,
        "totalOtherIncomeExpensesNet": -5344355000,
        "incomeBeforeTax": -9833010000,
        "incomeBeforeTaxRatio": -3.801769234,
        "incomeTaxExpense": -573532000,
        "netIncome": -9255329000,
        "netIncomeRatio": -3.5784185151,
        "eps": -19.33,
        "epsdiluted": -19.33,
        "weightedAverageShsOut": 478747000,
        "weightedAverageShsOutDil": 478747000,
        "link": "",
        "finalLink": ""
    },
    {
        "date": "2005-09-30",
        "symbol": "CPN",
        "reportedCurrency": "USD",
        "cik": "0000000000",
        "fillingDate": "2005-09-30",
        "acceptedDate": "2005-09-29 20:00:00",
        "calendarYear": "2005",
        "period": "Q3",
        "revenue": 3281590000,
        "costOfRevenue": 3042463000,
        "grossProfit": 239127000,
        "grossProfitRatio": 0.0728692494,
        "researchAndDevelopmentExpenses": 13440000,
        "generalAndAdministrativeExpenses": 0,
        "sellingAndMarketingExpenses": 0,
        "sellingGeneralAndAdministrativeExpenses": 54593000,
        "otherExpenses": -4070000,
        "operatingExpenses": 63963000,
        "costAndExpenses": 3106426000,
        "interestIncome": 26640000,
        "interestExpense": 380994000,
        "depreciationAndAmortization": 181650000,
        "ebitda": 363442000,
        "ebitdaratio": 0.1107518002,
        "operatingIncome": 175164000,
        "operatingIncomeRatio": 0.0533777833,
        "totalOtherIncomeExpensesNet": -400112000,
        "incomeBeforeTax": -224948000,
        "incomeBeforeTaxRatio": -0.068548478,
        "incomeTaxExpense": 17487000,
        "netIncome": -216689000,
        "netIncomeRatio": -0.0660317102,
        "eps": -0.45,
        "epsdiluted": -0.45,
        "weightedAverageShsOut": 478461000,
        "weightedAverageShsOutDil": 478461000,
        "link": "",
        "finalLink": ""
    },
    {
        "date": "2005-06-30",
        "symbol": "CPN",
        "reportedCurrency": "USD",
        "cik": "0000000000",
        "fillingDate": "2005-06-30",
        "acceptedDate": "2005-06-29 20:00:00",
        "calendarYear": "2005",
        "period": "Q2",
        "revenue": 2225957000,
        "costOfRevenue": 2257437000,
        "grossProfit": -31480000,
        "grossProfitRatio": -0.0141422319,
        "researchAndDevelopmentExpenses": 57947000,
        "generalAndAdministrativeExpenses": 0,
        "sellingAndMarketingExpenses": 0,
        "sellingGeneralAndAdministrativeExpenses": 68993000,
        "otherExpenses": 30650000,
        "operatingExpenses": 157590000,
        "costAndExpenses": 2415027000,
        "interestIncome": 16793000,
        "interestExpense": 333778000,
        "depreciationAndAmortization": 207658000,
        "ebitda": 108116000,
        "ebitdaratio": 0.0485705699,
        "operatingIncome": -189070000,
        "operatingIncomeRatio": -0.0849387477,
        "totalOtherIncomeExpensesNet": -223768000,
        "incomeBeforeTax": -412838000,
        "incomeBeforeTaxRatio": -0.1854653976,
        "incomeTaxExpense": -134862000,
        "netIncome": -298458000,
        "netIncomeRatio": -0.1340807572,
        "eps": -0.66,
        "epsdiluted": -0.66,
        "weightedAverageShsOut": 449183000,
        "weightedAverageShsOutDil": 449183000,
        "link": "",
        "finalLink": ""
    },
    {
        "date": "2005-03-31",
        "symbol": "CPN",
        "reportedCurrency": "USD",
        "cik": "0000000000",
        "fillingDate": "2005-03-31",
        "acceptedDate": "2005-03-30 19:00:00",
        "calendarYear": "2005",
        "period": "Q1",
        "revenue": 2212678000,
        "costOfRevenue": 2072036000,
        "grossProfit": 140642000,
        "grossProfitRatio": 0.063561892,
        "researchAndDevelopmentExpenses": 15754000,
        "generalAndAdministrativeExpenses": 0,
        "sellingAndMarketingExpenses": 0,
        "sellingGeneralAndAdministrativeExpenses": 57137000,
        "otherExpenses": -6137000,
        "operatingExpenses": 66754000,
        "costAndExpenses": 2138790000,
        "interestIncome": 14331000,
        "interestExpense": 348937000,
        "depreciationAndAmortization": 206810000,
        "ebitda": 302207000,
        "ebitdaratio": 0.1365797464,
        "operatingIncome": 73888000,
        "operatingIncomeRatio": 0.0333930197,
        "totalOtherIncomeExpensesNet": -327428000,
        "incomeBeforeTax": -253540000,
        "incomeBeforeTaxRatio": -0.1145851317,
        "incomeTaxExpense": -84809000,
        "netIncome": -168731000,
        "netIncomeRatio": -0.0762564639,
        "eps": -0.38,
        "epsdiluted": -0.38,
        "weightedAverageShsOut": 447599000,
        "weightedAverageShsOutDil": 447599000,
        "link": "",
        "finalLink": ""
    },
    {
        "date": "2004-12-31",
        "symbol": "CPN",
        "reportedCurrency": "USD",
        "cik": "0000000000",
        "fillingDate": "2004-12-31",
        "acceptedDate": "2004-12-30 19:00:00",
        "calendarYear": "2004",
        "period": "Q4",
        "revenue": 2336182000,
        "costOfRevenue": 2404495000,
        "grossProfit": -68313000,
        "grossProfitRatio": -0.0292413005,
        "researchAndDevelopmentExpenses": 29884000,
        "generalAndAdministrativeExpenses": 0,
        "sellingAndMarketingExpenses": 0,
        "sellingGeneralAndAdministrativeExpenses": 68357000,
        "otherExpenses": 22689000,
        "operatingExpenses": 120930000,
        "costAndExpenses": 2525425000,
        "interestIncome": 17246000,
        "interestExpense": 325445000,
        "depreciationAndAmortization": 234520000,
        "ebitda": 207781000,
        "ebitdaratio": 0.0889404165,
        "operatingIncome": -189243000,
        "operatingIncomeRatio": -0.081005247,
        "totalOtherIncomeExpensesNet": -271379000,
        "incomeBeforeTax": -460622000,
        "incomeBeforeTaxRatio": -0.1971687137,
        "incomeTaxExpense": -194594000,
        "netIncome": -157590000,
        "netIncomeRatio": -0.067456217,
        "eps": -0.35,
        "epsdiluted": -0.35,
        "weightedAverageShsOut": 447599000,
        "weightedAverageShsOutDil": 447599000,
        "link": "",
        "finalLink": ""
    },
    {
        "date": "2004-09-30",
        "symbol": "CPN",
        "reportedCurrency": "USD",
        "cik": "0000000000",
        "fillingDate": "2004-09-30",
        "acceptedDate": "2004-09-29 20:00:00",
        "calendarYear": "2004",
        "period": "Q3",
        "revenue": 2557200000,
        "costOfRevenue": 2302797000,
        "grossProfit": 254403000,
        "grossProfitRatio": 0.0994849836,
        "researchAndDevelopmentExpenses": 3982000,
        "generalAndAdministrativeExpenses": 0,
        "sellingAndMarketingExpenses": 0,
        "sellingGeneralAndAdministrativeExpenses": 58377000,
        "otherExpenses": 29626000,
        "operatingExpenses": 91985000,
        "costAndExpenses": 2394782000,
        "interestIncome": 17185000,
        "interestExpense": 293639000,
        "depreciationAndAmortization": 201712000,
        "ebitda": 577710000,
        "ebitdaratio": 0.2259150634,
        "operatingIncome": 162418000,
        "operatingIncomeRatio": 0.0635139997,
        "totalOtherIncomeExpensesNet": -142610000,
        "incomeBeforeTax": 19808000,
        "incomeBeforeTaxRatio": 0.0077459722,
        "incomeTaxExpense": 67340000,
        "netIncome": 15019000,
        "netIncomeRatio": 0.0058732207,
        "eps": 0.0338,
        "epsdiluted": 0.0338,
        "weightedAverageShsOut": 444380000,
        "weightedAverageShsOutDil": 444380000,
        "link": "",
        "finalLink": ""
    },
    {
        "date": "2004-06-30",
        "symbol": "CPN",
        "reportedCurrency": "USD",
        "cik": "0000000000",
        "fillingDate": "2004-06-30",
        "acceptedDate": "2004-06-29 20:00:00",
        "calendarYear": "2004",
        "period": "Q2",
        "revenue": 2314634000,
        "costOfRevenue": 2246944000,
        "grossProfit": 67690000,
        "grossProfitRatio": 0.0292443643,
        "researchAndDevelopmentExpenses": 5124000,
        "generalAndAdministrativeExpenses": 0,
        "sellingAndMarketingExpenses": 0,
        "sellingGeneralAndAdministrativeExpenses": 60978000,
        "otherExpenses": 4755000,
        "operatingExpenses": 70857000,
        "costAndExpenses": 2317801000,
        "interestIncome": 9920000,
        "interestExpense": 279659000,
        "depreciationAndAmortization": 199960000,
        "ebitda": 390317000,
        "ebitdaratio": 0.168630116,
        "operatingIncome": -3167000,
        "operatingIncomeRatio": -0.0013682509,
        "totalOtherIncomeExpensesNet": -86333000,
        "incomeBeforeTax": -89500000,
        "incomeBeforeTaxRatio": -0.0386670204,
        "incomeTaxExpense": -60604000,
        "netIncome": -28698000,
        "netIncomeRatio": -0.0123985045,
        "eps": -0.0688,
        "epsdiluted": -0.0688,
        "weightedAverageShsOut": 417357000,
        "weightedAverageShsOutDil": 417357000,
        "link": "",
        "finalLink": ""
    },
    {
        "date": "2004-03-31",
        "symbol": "CPN",
        "reportedCurrency": "USD",
        "cik": "0000000000",
        "fillingDate": "2004-03-31",
        "acceptedDate": "2004-03-30 19:00:00",
        "calendarYear": "2004",
        "period": "Q1",
        "revenue": 2042738000,
        "costOfRevenue": 1922194000,
        "grossProfit": 120544000,
        "grossProfitRatio": 0.0590109941,
        "researchAndDevelopmentExpenses": 3815000,
        "generalAndAdministrativeExpenses": 0,
        "sellingAndMarketingExpenses": 0,
        "sellingGeneralAndAdministrativeExpenses": 57247000,
        "otherExpenses": 7571000,
        "operatingExpenses": 68633000,
        "costAndExpenses": 1990827000,
        "interestIncome": 12060000,
        "interestExpense": 254792000,
        "depreciationAndAmortization": 197183000,
        "ebitda": 294834000,
        "ebitdaratio": 0.1443327534,
        "operatingIncome": 51911000,
        "operatingIncomeRatio": 0.0254124611,
        "totalOtherIncomeExpensesNet": -231909000,
        "incomeBeforeTax": -179998000,
        "incomeBeforeTaxRatio": -0.0881160482,
        "incomeTaxExpense": -85949000,
        "netIncome": -71192000,
        "netIncomeRatio": -0.0348512634,
        "eps": -0.17,
        "epsdiluted": -0.17,
        "weightedAverageShsOut": 415308000,
        "weightedAverageShsOutDil": 415308000,
        "link": "",
        "finalLink": ""
    },
    {
        "date": "2003-12-31",
        "symbol": "CPN",
        "reportedCurrency": "USD",
        "cik": "0000000000",
        "fillingDate": "2003-12-31",
        "acceptedDate": "2003-12-30 19:00:00",
        "calendarYear": "2003",
        "period": "Q4",
        "revenue": 1861842000,
        "costOfRevenue": 1740627000,
        "grossProfit": 121215000,
        "grossProfitRatio": 0.06510488,
        "researchAndDevelopmentExpenses": 7667000,
        "generalAndAdministrativeExpenses": 0,
        "sellingAndMarketingExpenses": 0,
        "sellingGeneralAndAdministrativeExpenses": 86376000,
        "otherExpenses": 52680000,
        "operatingExpenses": 146723000,
        "costAndExpenses": 1887350000,
        "interestIncome": 11934000,
        "interestExpense": 229595000,
        "depreciationAndAmortization": 245910000,
        "ebitda": 573506000,
        "ebitdaratio": 0.3080315086,
        "operatingIncome": -25508000,
        "operatingIncomeRatio": -0.0137004107,
        "totalOtherIncomeExpensesNet": -59502000,
        "incomeBeforeTax": -85010000,
        "incomeBeforeTaxRatio": -0.0456590839,
        "incomeTaxExpense": -21621000,
        "netIncome": 119622000,
        "netIncomeRatio": 0.0642492757,
        "eps": 0.29,
        "epsdiluted": 0.29,
        "weightedAverageShsOut": 415308000,
        "weightedAverageShsOutDil": 415308000,
        "link": "",
        "finalLink": ""
    },
    {
        "date": "2003-09-30",
        "symbol": "CPN",
        "reportedCurrency": "USD",
        "cik": "0000000000",
        "fillingDate": "2003-09-30",
        "acceptedDate": "2003-09-29 20:00:00",
        "calendarYear": "2003",
        "period": "Q3",
        "revenue": 2687127000,
        "costOfRevenue": 2330973000,
        "grossProfit": 356154000,
        "grossProfitRatio": 0.132540814,
        "researchAndDevelopmentExpenses": 2979000,
        "generalAndAdministrativeExpenses": 0,
        "sellingAndMarketingExpenses": 0,
        "sellingGeneralAndAdministrativeExpenses": 61757000,
        "otherExpenses": -3478000,
        "operatingExpenses": 61258000,
        "costAndExpenses": 2392231000,
        "interestIncome": 10742000,
        "interestExpense": 204668000,
        "depreciationAndAmortization": 164319000,
        "ebitda": 648689000,
        "ebitdaratio": 0.2414061561,
        "operatingIncome": 294896000,
        "operatingIncomeRatio": 0.1097439756,
        "totalOtherIncomeExpensesNet": -14067000,
        "incomeBeforeTax": 280829000,
        "incomeBeforeTaxRatio": 0.1045090165,
        "incomeTaxExpense": 41920000,
        "netIncome": 237782000,
        "netIncomeRatio": 0.0884893047,
        "eps": 0.61,
        "epsdiluted": 0.6,
        "weightedAverageShsOut": 388161000,
        "weightedAverageShsOutDil": 394950000,
        "link": "",
        "finalLink": ""
    },
    {
        "date": "2003-06-30",
        "symbol": "CPN",
        "reportedCurrency": "USD",
        "cik": "0000000000",
        "fillingDate": "2003-06-30",
        "acceptedDate": "2003-06-29 20:00:00",
        "calendarYear": "2003",
        "period": "Q2",
        "revenue": 2186056000,
        "costOfRevenue": 2000425000,
        "grossProfit": 185631000,
        "grossProfitRatio": 0.0849159399,
        "researchAndDevelopmentExpenses": 6072000,
        "generalAndAdministrativeExpenses": 0,
        "sellingAndMarketingExpenses": 0,
        "sellingGeneralAndAdministrativeExpenses": 63820000,
        "otherExpenses": -40130000,
        "operatingExpenses": 29762000,
        "costAndExpenses": 2030187000,
        "interestIncome": 9002000,
        "interestExpense": 148879000,
        "depreciationAndAmortization": 160611000,
        "ebitda": 282243000,
        "ebitdaratio": 0.1291105992,
        "operatingIncome": 155869000,
        "operatingIncomeRatio": 0.0713014671,
        "totalOtherIncomeExpensesNet": -174568000,
        "incomeBeforeTax": -18699000,
        "incomeBeforeTaxRatio": -0.0085537607,
        "incomeTaxExpense": -3881000,
        "netIncome": -23366000,
        "netIncomeRatio": -0.0106886557,
        "eps": -0.0613,
        "epsdiluted": -0.0613,
        "weightedAverageShsOut": 381219000,
        "weightedAverageShsOutDil": 381219000,
        "link": "",
        "finalLink": ""
    },
    {
        "date": "2003-03-31",
        "symbol": "CPN",
        "reportedCurrency": "USD",
        "cik": "0000000000",
        "fillingDate": "2003-03-31",
        "acceptedDate": "2003-03-30 19:00:00",
        "calendarYear": "2003",
        "period": "Q1",
        "revenue": 2186277000,
        "costOfRevenue": 2012539000,
        "grossProfit": 173738000,
        "grossProfitRatio": 0.0794675149,
        "researchAndDevelopmentExpenses": 0,
        "generalAndAdministrativeExpenses": 0,
        "sellingAndMarketingExpenses": 0,
        "sellingGeneralAndAdministrativeExpenses": 56404000,
        "otherExpenses": 91000,
        "operatingExpenses": 56495000,
        "costAndExpenses": 2069034000,
        "interestIncome": 8039000,
        "interestExpense": 142962000,
        "depreciationAndAmortization": 164501000,
        "ebitda": 237786000,
        "ebitdaratio": 0.1087629793,
        "operatingIncome": 117243000,
        "operatingIncomeRatio": 0.053626782,
        "totalOtherIncomeExpensesNet": -187449000,
        "incomeBeforeTax": -70206000,
        "incomeBeforeTaxRatio": -0.0321121249,
        "incomeTaxExpense": -17661000,
        "netIncome": -52016000,
        "netIncomeRatio": -0.0237920446,
        "eps": -0.14,
        "epsdiluted": -0.14,
        "weightedAverageShsOut": 380960000,
        "weightedAverageShsOutDil": 380960000,
        "link": "",
        "finalLink": ""
    },
    {
        "date": "2002-12-31",
        "symbol": "CPN",
        "reportedCurrency": "USD",
        "cik": "0000000000",
        "fillingDate": "2002-12-31",
        "acceptedDate": "2002-12-30 19:00:00",
        "calendarYear": "2002",
        "period": "Q4",
        "revenue": 1871157000,
        "costOfRevenue": 1631558000,
        "grossProfit": 239599000,
        "grossProfitRatio": 0.1280485817,
        "researchAndDevelopmentExpenses": 19375000,
        "generalAndAdministrativeExpenses": 0,
        "sellingAndMarketingExpenses": 0,
        "sellingGeneralAndAdministrativeExpenses": 65339000,
        "otherExpenses": 216000000,
        "operatingExpenses": 300714000,
        "costAndExpenses": 1932272000,
        "interestIncome": 10368000,
        "interestExpense": 174608000,
        "depreciationAndAmortization": 173502000,
        "ebitda": 249231000,
        "ebitdaratio": 0.1331961989,
        "operatingIncome": -61115000,
        "operatingIncomeRatio": -0.0326616099,
        "totalOtherIncomeExpensesNet": -80340000,
        "incomeBeforeTax": -141455000,
        "incomeBeforeTaxRatio": -0.0755976115,
        "incomeTaxExpense": -57901000,
        "netIncome": -40978000,
        "netIncomeRatio": -0.0218998192,
        "eps": -0.11,
        "epsdiluted": -0.11,
        "weightedAverageShsOut": 380960000,
        "weightedAverageShsOutDil": 380960000,
        "link": "",
        "finalLink": ""
    },
    {
        "date": "2002-09-30",
        "symbol": "CPN",
        "reportedCurrency": "USD",
        "cik": "0000000000",
        "fillingDate": "2002-09-30",
        "acceptedDate": "2002-09-29 20:00:00",
        "calendarYear": "2002",
        "period": "Q3",
        "revenue": 2495010000,
        "costOfRevenue": 2132678000,
        "grossProfit": 362332000,
        "grossProfitRatio": 0.1452226644,
        "researchAndDevelopmentExpenses": 23922000,
        "generalAndAdministrativeExpenses": 0,
        "sellingAndMarketingExpenses": 0,
        "sellingGeneralAndAdministrativeExpenses": 57280000,
        "otherExpenses": 3714000,
        "operatingExpenses": 84916000,
        "costAndExpenses": 2217594000,
        "interestIncome": 10842000,
        "interestExpense": 113847000,
        "depreciationAndAmortization": 124134000,
        "ebitda": 447734000,
        "ebitdaratio": 0.1794517858,
        "operatingIncome": 277416000,
        "operatingIncomeRatio": 0.1111883319,
        "totalOtherIncomeExpensesNet": -84613000,
        "incomeBeforeTax": 192803000,
        "incomeBeforeTaxRatio": 0.0772754418,
        "incomeTaxExpense": 48406000,
        "netIncome": 161347000,
        "netIncomeRatio": 0.0646678771,
        "eps": 0.43,
        "epsdiluted": 0.42,
        "weightedAverageShsOut": 376957000,
        "weightedAverageShsOutDil": 382607000,
        "link": "",
        "finalLink": ""
    },
    {
        "date": "2002-06-30",
        "symbol": "CPN",
        "reportedCurrency": "USD",
        "cik": "0000000000",
        "fillingDate": "2002-06-30",
        "acceptedDate": "2002-06-29 20:00:00",
        "calendarYear": "2002",
        "period": "Q2",
        "revenue": 1941806000,
        "costOfRevenue": 1685500000,
        "grossProfit": 256306000,
        "grossProfitRatio": 0.1319936183,
        "researchAndDevelopmentExpenses": 24713000,
        "generalAndAdministrativeExpenses": 0,
        "sellingAndMarketingExpenses": 0,
        "sellingGeneralAndAdministrativeExpenses": 53601000,
        "otherExpenses": 0,
        "operatingExpenses": 78314000,
        "costAndExpenses": 1763814000,
        "interestIncome": 9762000,
        "interestExpense": 67058000,
        "depreciationAndAmortization": 130404000,
        "ebitda": 305537000,
        "ebitdaratio": 0.1573468204,
        "operatingIncome": 177992000,
        "operatingIncomeRatio": 0.0916631219,
        "totalOtherIncomeExpensesNet": -69917000,
        "incomeBeforeTax": 108075000,
        "incomeBeforeTaxRatio": 0.0556569503,
        "incomeTaxExpense": 35559000,
        "netIncome": 72516000,
        "netIncomeRatio": 0.0373446163,
        "eps": 0.2,
        "epsdiluted": 0.2,
        "weightedAverageShsOut": 356158000,
        "weightedAverageShsOutDil": 365606000,
        "link": "",
        "finalLink": ""
    },
    {
        "date": "2002-03-31",
        "symbol": "CPN",
        "reportedCurrency": "USD",
        "cik": "0000000000",
        "fillingDate": "2002-03-31",
        "acceptedDate": "2002-03-30 19:00:00",
        "calendarYear": "2002",
        "period": "Q1",
        "revenue": 1738347000,
        "costOfRevenue": 1560383000,
        "grossProfit": 177964000,
        "grossProfitRatio": 0.1023754176,
        "researchAndDevelopmentExpenses": 0,
        "generalAndAdministrativeExpenses": 0,
        "sellingAndMarketingExpenses": 0,
        "sellingGeneralAndAdministrativeExpenses": 60261000,
        "otherExpenses": 179809000,
        "operatingExpenses": 240070000,
        "costAndExpenses": 1800453000,
        "interestIncome": 12176000,
        "interestExpense": 61311000,
        "depreciationAndAmortization": 114136000,
        "ebitda": 60043000,
        "ebitdaratio": 0.0345402845,
        "operatingIncome": -62106000,
        "operatingIncomeRatio": -0.0357270441,
        "totalOtherIncomeExpensesNet": -55428000,
        "incomeBeforeTax": -117534000,
        "incomeBeforeTaxRatio": -0.0676125077,
        "incomeTaxExpense": -41137000,
        "netIncome": -74267000,
        "netIncomeRatio": -0.0427227705,
        "eps": -0.24,
        "epsdiluted": -0.24,
        "weightedAverageShsOut": 307332000,
        "weightedAverageShsOutDil": 307332000,
        "link": "",
        "finalLink": ""
    },
    {
        "date": "2001-12-31",
        "symbol": "CPN",
        "reportedCurrency": "USD",
        "cik": "0000000000",
        "fillingDate": "2001-12-31",
        "acceptedDate": "2001-12-30 19:00:00",
        "calendarYear": "2001",
        "period": "Q4",
        "revenue": 1721249000,
        "costOfRevenue": 1505413000,
        "grossProfit": 215836000,
        "grossProfitRatio": 0.1253949893,
        "researchAndDevelopmentExpenses": 10755000,
        "generalAndAdministrativeExpenses": 0,
        "sellingAndMarketingExpenses": 0,
        "sellingGeneralAndAdministrativeExpenses": 40889000,
        "otherExpenses": 0,
        "operatingExpenses": 51644000,
        "costAndExpenses": 1557057000,
        "interestIncome": 11646000,
        "interestExpense": 52409000,
        "depreciationAndAmortization": 127323000,
        "ebitda": 321934000,
        "ebitdaratio": 0.1870351123,
        "operatingIncome": 164192000,
        "operatingIncomeRatio": 0.0953911956,
        "totalOtherIncomeExpensesNet": -29297000,
        "incomeBeforeTax": 134895000,
        "incomeBeforeTaxRatio": 0.0783704159,
        "incomeTaxExpense": 42224000,
        "netIncome": 99978000,
        "netIncomeRatio": 0.0580845653,
        "eps": 0.33,
        "epsdiluted": 0.33,
        "weightedAverageShsOut": 307332000,
        "weightedAverageShsOutDil": 307332000,
        "link": "",
        "finalLink": ""
    },
    {
        "date": "2001-09-30",
        "symbol": "CPN",
        "reportedCurrency": "USD",
        "cik": "0000000000",
        "fillingDate": "2001-09-30",
        "acceptedDate": "2001-09-29 20:00:00",
        "calendarYear": "2001",
        "period": "Q3",
        "revenue": 2916105000,
        "costOfRevenue": 2380214000,
        "grossProfit": 535891000,
        "grossProfitRatio": 0.1837694459,
        "researchAndDevelopmentExpenses": 4894000,
        "generalAndAdministrativeExpenses": 0,
        "sellingAndMarketingExpenses": 0,
        "sellingGeneralAndAdministrativeExpenses": 29859000,
        "otherExpenses": 0,
        "operatingExpenses": 34753000,
        "costAndExpenses": 2414967000,
        "interestIncome": 21073000,
        "interestExpense": 49695000,
        "depreciationAndAmortization": 93995000,
        "ebitda": 608696000,
        "ebitdaratio": 0.208735968,
        "operatingIncome": 501138000,
        "operatingIncomeRatio": 0.1718518366,
        "totalOtherIncomeExpensesNet": -36132000,
        "incomeBeforeTax": 465006000,
        "incomeBeforeTaxRatio": 0.1594613363,
        "incomeTaxExpense": 144207000,
        "netIncome": 320799000,
        "netIncomeRatio": 0.1100094132,
        "eps": 1.05,
        "epsdiluted": 1.01,
        "weightedAverageShsOut": 304666000,
        "weightedAverageShsOutDil": 318552000,
        "link": "",
        "finalLink": ""
    },
    {
        "date": "2001-06-30",
        "symbol": "CPN",
        "reportedCurrency": "USD",
        "cik": "0000000000",
        "fillingDate": "2001-06-30",
        "acceptedDate": "2001-06-29 20:00:00",
        "calendarYear": "2001",
        "period": "Q2",
        "revenue": 1612873000,
        "costOfRevenue": 1308648000,
        "grossProfit": 304225000,
        "grossProfitRatio": 0.1886230348,
        "researchAndDevelopmentExpenses": 4372000,
        "generalAndAdministrativeExpenses": 0,
        "sellingAndMarketingExpenses": 0,
        "sellingGeneralAndAdministrativeExpenses": 50537000,
        "otherExpenses": 35606000,
        "operatingExpenses": 90515000,
        "costAndExpenses": 1399163000,
        "interestIncome": 20531000,
        "interestExpense": 43331000,
        "depreciationAndAmortization": 90061000,
        "ebitda": 310906000,
        "ebitdaratio": 0.1927653324,
        "operatingIncome": 213710000,
        "operatingIncomeRatio": 0.1325026831,
        "totalOtherIncomeExpensesNet": -34896000,
        "incomeBeforeTax": 178814000,
        "incomeBeforeTaxRatio": 0.1108667576,
        "incomeTaxExpense": 69849000,
        "netIncome": 107665000,
        "netIncomeRatio": 0.066753551,
        "eps": 0.36,
        "epsdiluted": 0.34,
        "weightedAverageShsOut": 302729000,
        "weightedAverageShsOutDil": 318255000,
        "link": "",
        "finalLink": ""
    },
    {
        "date": "2001-03-31",
        "symbol": "CPN",
        "reportedCurrency": "USD",
        "cik": "0000000000",
        "fillingDate": "2001-03-31",
        "acceptedDate": "2001-03-30 19:00:00",
        "calendarYear": "2001",
        "period": "Q1",
        "revenue": 1229849000,
        "costOfRevenue": 1023880000,
        "grossProfit": 205969000,
        "grossProfitRatio": 0.1674750315,
        "researchAndDevelopmentExpenses": 15839000,
        "generalAndAdministrativeExpenses": 0,
        "sellingAndMarketingExpenses": 0,
        "sellingGeneralAndAdministrativeExpenses": 32712000,
        "otherExpenses": 0,
        "operatingExpenses": 48551000,
        "costAndExpenses": 1072431000,
        "interestIncome": 19359000,
        "interestExpense": 15705000,
        "depreciationAndAmortization": 58491000,
        "ebitda": 231916000,
        "ebitdaratio": 0.1885727435,
        "operatingIncome": 157418000,
        "operatingIncomeRatio": 0.1279978274,
        "totalOtherIncomeExpensesNet": -734000,
        "incomeBeforeTax": 156684000,
        "incomeBeforeTaxRatio": 0.1274010061,
        "incomeTaxExpense": 62943000,
        "netIncome": 94777000,
        "netIncomeRatio": 0.0770639322,
        "eps": 0.33,
        "epsdiluted": 0.3,
        "weightedAverageShsOut": 284160000,
        "weightedAverageShsOutDil": 315923333,
        "link": "",
        "finalLink": ""
    },
    {
        "date": "2000-12-31",
        "symbol": "CPN",
        "reportedCurrency": "USD",
        "cik": "0000000000",
        "fillingDate": "2000-12-31",
        "acceptedDate": "2000-12-30 19:00:00",
        "calendarYear": "2000",
        "period": "Q4",
        "revenue": 1004816000,
        "costOfRevenue": 757622000,
        "grossProfit": 247194000,
        "grossProfitRatio": 0.2460092196,
        "researchAndDevelopmentExpenses": 12481000,
        "generalAndAdministrativeExpenses": 0,
        "sellingAndMarketingExpenses": 0,
        "sellingGeneralAndAdministrativeExpenses": 43315000,
        "otherExpenses": 0,
        "operatingExpenses": 55796000,
        "costAndExpenses": 813418000,
        "interestIncome": 10828000,
        "interestExpense": 704000,
        "depreciationAndAmortization": 34078000,
        "ebitda": 221478000,
        "ebitdaratio": 0.2204164743,
        "operatingIncome": 191398000,
        "operatingIncomeRatio": 0.1904806452,
        "totalOtherIncomeExpensesNet": -4702000,
        "incomeBeforeTax": 186696000,
        "incomeBeforeTaxRatio": 0.1858011815,
        "incomeTaxExpense": 78951000,
        "netIncome": 107745000,
        "netIncomeRatio": 0.1072285871,
        "eps": 0.38,
        "epsdiluted": 0.34,
        "weightedAverageShsOut": 284160000,
        "weightedAverageShsOutDil": 315923333,
        "link": "",
        "finalLink": ""
    },
    {
        "date": "2000-09-30",
        "symbol": "CPN",
        "reportedCurrency": "USD",
        "cik": "0000000000",
        "fillingDate": "2000-09-30",
        "acceptedDate": "2000-09-29 20:00:00",
        "calendarYear": "2000",
        "period": "Q3",
        "revenue": 678891000,
        "costOfRevenue": 384723000,
        "grossProfit": 294168000,
        "grossProfitRatio": 0.4333066722,
        "researchAndDevelopmentExpenses": 6091000,
        "generalAndAdministrativeExpenses": 0,
        "sellingAndMarketingExpenses": 0,
        "sellingGeneralAndAdministrativeExpenses": 25844000,
        "otherExpenses": 0,
        "operatingExpenses": 31935000,
        "costAndExpenses": 416658000,
        "interestIncome": 15896000,
        "interestExpense": 23679000,
        "depreciationAndAmortization": 38773000,
        "ebitda": 303142000,
        "ebitdaratio": 0.446525289,
        "operatingIncome": 262233000,
        "operatingIncomeRatio": 0.3862667203,
        "totalOtherIncomeExpensesNet": -20308000,
        "incomeBeforeTax": 241925000,
        "incomeBeforeTaxRatio": 0.356353229,
        "incomeTaxExpense": 94817000,
        "netIncome": 145873000,
        "netIncomeRatio": 0.2148695446,
        "eps": 0.54,
        "epsdiluted": 0.51,
        "weightedAverageShsOut": 268799000,
        "weightedAverageShsOutDil": 285232000,
        "link": "",
        "finalLink": ""
    },
    {
        "date": "2000-06-30",
        "symbol": "CPN",
        "reportedCurrency": "USD",
        "cik": "0000000000",
        "fillingDate": "2000-06-30",
        "acceptedDate": "2000-06-29 20:00:00",
        "calendarYear": "2000",
        "period": "Q2",
        "revenue": 363683000,
        "costOfRevenue": 239604000,
        "grossProfit": 124079000,
        "grossProfitRatio": 0.3411734945,
        "researchAndDevelopmentExpenses": 5228000,
        "generalAndAdministrativeExpenses": 0,
        "sellingAndMarketingExpenses": 0,
        "sellingGeneralAndAdministrativeExpenses": 16335000,
        "otherExpenses": 0,
        "operatingExpenses": 21563000,
        "costAndExpenses": 261167000,
        "interestIncome": 5615000,
        "interestExpense": 14411000,
        "depreciationAndAmortization": 39479000,
        "ebitda": 139091000,
        "ebitdaratio": 0.3824512006,
        "operatingIncome": 102516000,
        "operatingIncomeRatio": 0.2818828485,
        "totalOtherIncomeExpensesNet": -17315000,
        "incomeBeforeTax": 85201000,
        "incomeBeforeTaxRatio": 0.2342727045,
        "incomeTaxExpense": 33495000,
        "netIncome": 51706000,
        "netIncomeRatio": 0.1421732663,
        "eps": 0.2,
        "epsdiluted": 0.19,
        "weightedAverageShsOut": 255232000,
        "weightedAverageShsOutDil": 270708000,
        "link": "",
        "finalLink": ""
    },
    {
        "date": "2000-03-31",
        "symbol": "CPN",
        "reportedCurrency": "USD",
        "cik": "0000000000",
        "fillingDate": "2000-03-31",
        "acceptedDate": "2000-03-30 19:00:00",
        "calendarYear": "2000",
        "period": "Q1",
        "revenue": 235402000,
        "costOfRevenue": 176727000,
        "grossProfit": 58675000,
        "grossProfitRatio": 0.2492544668,
        "researchAndDevelopmentExpenses": 3755000,
        "generalAndAdministrativeExpenses": 0,
        "sellingAndMarketingExpenses": 0,
        "sellingGeneralAndAdministrativeExpenses": 8619000,
        "otherExpenses": 0,
        "operatingExpenses": 12374000,
        "costAndExpenses": 189101000,
        "interestIncome": 7562000,
        "interestExpense": 17907000,
        "depreciationAndAmortization": 29264000,
        "ebitda": 76985000,
        "ebitdaratio": 0.3270363039,
        "operatingIncome": 46301000,
        "operatingIncomeRatio": 0.1966890681,
        "totalOtherIncomeExpensesNet": -16487000,
        "incomeBeforeTax": 29814000,
        "incomeBeforeTaxRatio": 0.1266514303,
        "incomeTaxExpense": 11687000,
        "netIncome": 18127000,
        "netIncomeRatio": 0.0770044435,
        "eps": 0.0715,
        "epsdiluted": 0.0673,
        "weightedAverageShsOut": 253348000,
        "weightedAverageShsOutDil": 269256000,
        "link": "",
        "finalLink": ""
    },
    {
        "date": "1999-12-31",
        "symbol": "CPN",
        "reportedCurrency": "USD",
        "cik": "0000000000",
        "fillingDate": "1999-12-31",
        "acceptedDate": "1999-12-30 19:00:00",
        "calendarYear": "1999",
        "period": "Q4",
        "revenue": 247535000,
        "costOfRevenue": 218677000,
        "grossProfit": 28858000,
        "grossProfitRatio": 0.1165814935,
        "researchAndDevelopmentExpenses": 0,
        "generalAndAdministrativeExpenses": 0,
        "sellingAndMarketingExpenses": 0,
        "sellingGeneralAndAdministrativeExpenses": 11044000,
        "otherExpenses": 31626000,
        "operatingExpenses": 42670000,
        "costAndExpenses": 218677000,
        "interestIncome": 7806000,
        "interestExpense": 20962000,
        "depreciationAndAmortization": 0,
        "ebitda": 71528000,
        "ebitdaratio": 0.288961157,
        "operatingIncome": 71528000,
        "operatingIncomeRatio": 0.288961157,
        "totalOtherIncomeExpensesNet": -19812000,
        "incomeBeforeTax": 51716000,
        "incomeBeforeTaxRatio": 0.2089239905,
        "incomeTaxExpense": 19773000,
        "netIncome": 30793000,
        "netIncomeRatio": 0.1243985699,
        "eps": 0.12,
        "epsdiluted": 0.11,
        "weightedAverageShsOut": 253348000,
        "weightedAverageShsOutDil": 269256000,
        "link": "",
        "finalLink": ""
    },
    {
        "date": "1999-09-30",
        "symbol": "CPN",
        "reportedCurrency": "USD",
        "cik": "0000000000",
        "fillingDate": "1999-09-30",
        "acceptedDate": "1999-09-29 20:00:00",
        "calendarYear": "1999",
        "period": "Q3",
        "revenue": 263600000,
        "costOfRevenue": 144700000,
        "grossProfit": 118900000,
        "grossProfitRatio": 0.4510622155,
        "researchAndDevelopmentExpenses": 0,
        "generalAndAdministrativeExpenses": 0,
        "sellingAndMarketingExpenses": 0,
        "sellingGeneralAndAdministrativeExpenses": 16700000,
        "otherExpenses": -42000000,
        "operatingExpenses": -25300000,
        "costAndExpenses": 144700000,
        "interestIncome": 6500000,
        "interestExpense": 23000000,
        "depreciationAndAmortization": 0,
        "ebitda": 93600000,
        "ebitdaratio": 0.3550834598,
        "operatingIncome": 93600000,
        "operatingIncomeRatio": 0.3550834598,
        "totalOtherIncomeExpensesNet": -23000000,
        "incomeBeforeTax": 70600000,
        "incomeBeforeTaxRatio": 0.2678300455,
        "incomeTaxExpense": 27700000,
        "netIncome": 42900000,
        "netIncomeRatio": 0.1627465857,
        "eps": 0.2,
        "epsdiluted": 0.19,
        "weightedAverageShsOut": 214500000,
        "weightedAverageShsOutDil": 225789474,
        "link": "",
        "finalLink": ""
    },
    {
        "date": "1999-06-30",
        "symbol": "CPN",
        "reportedCurrency": "USD",
        "cik": "0000000000",
        "fillingDate": "1999-06-30",
        "acceptedDate": "1999-06-29 20:00:00",
        "calendarYear": "1999",
        "period": "Q2",
        "revenue": 190700000,
        "costOfRevenue": 104000000,
        "grossProfit": 86700000,
        "grossProfitRatio": 0.4546407971,
        "researchAndDevelopmentExpenses": 0,
        "generalAndAdministrativeExpenses": 0,
        "sellingAndMarketingExpenses": 0,
        "sellingGeneralAndAdministrativeExpenses": 13200000,
        "otherExpenses": -44200000,
        "operatingExpenses": -31000000,
        "costAndExpenses": 104000000,
        "interestIncome": 7100000,
        "interestExpense": 26100000,
        "depreciationAndAmortization": 0,
        "ebitda": 55700000,
        "ebitdaratio": 0.2920818039,
        "operatingIncome": 55700000,
        "operatingIncomeRatio": 0.2920818039,
        "totalOtherIncomeExpensesNet": -26100000,
        "incomeBeforeTax": 29600000,
        "incomeBeforeTaxRatio": 0.1552176193,
        "incomeTaxExpense": 12100000,
        "netIncome": 17500000,
        "netIncomeRatio": 0.0917671736,
        "eps": 0.08,
        "epsdiluted": 0.08,
        "weightedAverageShsOut": 218750000,
        "weightedAverageShsOutDil": 218750000,
        "link": "",
        "finalLink": ""
    },
    {
        "date": "1999-03-31",
        "symbol": "CPN",
        "reportedCurrency": "USD",
        "cik": "0000000000",
        "fillingDate": "1999-03-31",
        "acceptedDate": "1999-03-30 19:00:00",
        "calendarYear": "1999",
        "period": "Q1",
        "revenue": 145900000,
        "costOfRevenue": 90100000,
        "grossProfit": 55800000,
        "grossProfitRatio": 0.3824537354,
        "researchAndDevelopmentExpenses": 0,
        "generalAndAdministrativeExpenses": 0,
        "sellingAndMarketingExpenses": 0,
        "sellingGeneralAndAdministrativeExpenses": 12000000,
        "otherExpenses": -40400000,
        "operatingExpenses": -28400000,
        "costAndExpenses": 90100000,
        "interestIncome": 2800000,
        "interestExpense": 21000000,
        "depreciationAndAmortization": 0,
        "ebitda": 27400000,
        "ebitdaratio": 0.1877998629,
        "operatingIncome": 27400000,
        "operatingIncomeRatio": 0.1877998629,
        "totalOtherIncomeExpensesNet": -21000000,
        "incomeBeforeTax": 6400000,
        "incomeBeforeTaxRatio": 0.0438656614,
        "incomeTaxExpense": 2500000,
        "netIncome": 3900000,
        "netIncomeRatio": 0.0267306374,
        "eps": 0.03,
        "epsdiluted": 0.03,
        "weightedAverageShsOut": 130000000,
        "weightedAverageShsOutDil": 130000000,
        "link": "",
        "finalLink": ""
    },
    {
        "date": "1998-12-31",
        "symbol": "CPN",
        "reportedCurrency": "USD",
        "cik": "0000000000",
        "fillingDate": "1998-12-31",
        "acceptedDate": "1998-12-30 19:00:00",
        "calendarYear": "1998",
        "period": "Q4",
        "revenue": 173048000,
        "costOfRevenue": 122127000,
        "grossProfit": 50921000,
        "grossProfitRatio": 0.2942593962,
        "researchAndDevelopmentExpenses": 0,
        "generalAndAdministrativeExpenses": 0,
        "sellingAndMarketingExpenses": 0,
        "sellingGeneralAndAdministrativeExpenses": 3580000,
        "otherExpenses": -11043000,
        "operatingExpenses": -7463000,
        "costAndExpenses": 122127000,
        "interestIncome": 2948000,
        "interestExpense": 21626000,
        "depreciationAndAmortization": 0,
        "ebitda": 43458000,
        "ebitdaratio": 0.2511326337,
        "operatingIncome": 43458000,
        "operatingIncomeRatio": 0.2511326337,
        "totalOtherIncomeExpensesNet": -20985000,
        "incomeBeforeTax": 22473000,
        "incomeBeforeTaxRatio": 0.129865702,
        "incomeTaxExpense": 7854000,
        "netIncome": 13978000,
        "netIncomeRatio": 0.0807752762,
        "eps": 0.11,
        "epsdiluted": 0.11,
        "weightedAverageShsOut": 130000000,
        "weightedAverageShsOutDil": 130000000,
        "link": "",
        "finalLink": ""
    },
    {
        "date": "1998-09-30",
        "symbol": "CPN",
        "reportedCurrency": "USD",
        "cik": "0000000000",
        "fillingDate": "1998-09-30",
        "acceptedDate": "1998-09-29 20:00:00",
        "calendarYear": "1998",
        "period": "Q3",
        "revenue": 186200000,
        "costOfRevenue": 117100000,
        "grossProfit": 69100000,
        "grossProfitRatio": 0.3711063373,
        "researchAndDevelopmentExpenses": 0,
        "generalAndAdministrativeExpenses": 0,
        "sellingAndMarketingExpenses": 0,
        "sellingGeneralAndAdministrativeExpenses": 9100000,
        "otherExpenses": -15000000,
        "operatingExpenses": -5900000,
        "costAndExpenses": 117100000,
        "interestIncome": 3700000,
        "interestExpense": 24300000,
        "depreciationAndAmortization": 0,
        "ebitda": 63200000,
        "ebitdaratio": 0.3394199785,
        "operatingIncome": 63200000,
        "operatingIncomeRatio": 0.3394199785,
        "totalOtherIncomeExpensesNet": -24300000,
        "incomeBeforeTax": 38900000,
        "incomeBeforeTaxRatio": 0.208915145,
        "incomeTaxExpense": 15800000,
        "netIncome": 23100000,
        "netIncomeRatio": 0.1240601504,
        "eps": 0.14,
        "epsdiluted": 0.13,
        "weightedAverageShsOut": 165000000,
        "weightedAverageShsOutDil": 177692308,
        "link": "",
        "finalLink": ""
    },
    {
        "date": "1998-06-30",
        "symbol": "CPN",
        "reportedCurrency": "USD",
        "cik": "0000000000",
        "fillingDate": "1998-06-30",
        "acceptedDate": "1998-06-29 20:00:00",
        "calendarYear": "1998",
        "period": "Q2",
        "revenue": 141600000,
        "costOfRevenue": 96800000,
        "grossProfit": 44800000,
        "grossProfitRatio": 0.3163841808,
        "researchAndDevelopmentExpenses": 0,
        "generalAndAdministrativeExpenses": 0,
        "sellingAndMarketingExpenses": 0,
        "sellingGeneralAndAdministrativeExpenses": 7200000,
        "otherExpenses": -10900000,
        "operatingExpenses": -3700000,
        "costAndExpenses": 96800000,
        "interestIncome": 3300000,
        "interestExpense": 22300000,
        "depreciationAndAmortization": 0,
        "ebitda": 41100000,
        "ebitdaratio": 0.2902542373,
        "operatingIncome": 41100000,
        "operatingIncomeRatio": 0.2902542373,
        "totalOtherIncomeExpensesNet": -22300000,
        "incomeBeforeTax": 18800000,
        "incomeBeforeTaxRatio": 0.1327683616,
        "incomeTaxExpense": 7200000,
        "netIncome": 11600000,
        "netIncomeRatio": 0.081920904,
        "eps": 0.07,
        "epsdiluted": 0.06,
        "weightedAverageShsOut": 165714286,
        "weightedAverageShsOutDil": 193333333,
        "link": "",
        "finalLink": ""
    },
    {
        "date": "1998-03-31",
        "symbol": "CPN",
        "reportedCurrency": "USD",
        "cik": "0000000000",
        "fillingDate": "1998-03-31",
        "acceptedDate": "1998-03-30 19:00:00",
        "calendarYear": "1998",
        "period": "Q1",
        "revenue": 55100000,
        "costOfRevenue": 39400000,
        "grossProfit": 15700000,
        "grossProfitRatio": 0.2849364791,
        "researchAndDevelopmentExpenses": 0,
        "generalAndAdministrativeExpenses": 0,
        "sellingAndMarketingExpenses": 0,
        "sellingGeneralAndAdministrativeExpenses": 6900000,
        "otherExpenses": -11000000,
        "operatingExpenses": -4100000,
        "costAndExpenses": 39400000,
        "interestIncome": 2400000,
        "interestExpense": 18500000,
        "depreciationAndAmortization": 0,
        "ebitda": 11600000,
        "ebitdaratio": 0.2105263158,
        "operatingIncome": 11600000,
        "operatingIncomeRatio": 0.2105263158,
        "totalOtherIncomeExpensesNet": -18500000,
        "incomeBeforeTax": -6900000,
        "incomeBeforeTaxRatio": -0.1252268603,
        "incomeTaxExpense": -3800000,
        "netIncome": -3100000,
        "netIncomeRatio": -0.056261343,
        "eps": -0.02,
        "epsdiluted": -0.02,
        "weightedAverageShsOut": 155000000,
        "weightedAverageShsOutDil": 155000000,
        "link": "",
        "finalLink": ""
    },
    {
        "date": "1997-12-31",
        "symbol": "CPN",
        "reportedCurrency": "USD",
        "cik": "0000000000",
        "fillingDate": "1997-12-31",
        "acceptedDate": "1997-12-30 19:00:00",
        "calendarYear": "1997",
        "period": "Q4",
        "revenue": 76421000,
        "costOfRevenue": 42408000,
        "grossProfit": 34013000,
        "grossProfitRatio": 0.445073998,
        "researchAndDevelopmentExpenses": 0,
        "generalAndAdministrativeExpenses": 0,
        "sellingAndMarketingExpenses": 0,
        "sellingGeneralAndAdministrativeExpenses": -611000,
        "otherExpenses": -677000,
        "operatingExpenses": -1288000,
        "costAndExpenses": 42408000,
        "interestIncome": 0,
        "interestExpense": 18066000,
        "depreciationAndAmortization": 0,
        "ebitda": 32725000,
        "ebitdaratio": 0.4282199919,
        "operatingIncome": 32725000,
        "operatingIncomeRatio": 0.4282199919,
        "totalOtherIncomeExpensesNet": -18066000,
        "incomeBeforeTax": 14659000,
        "incomeBeforeTaxRatio": 0.1918190026,
        "incomeTaxExpense": 4460000,
        "netIncome": 10199000,
        "netIncomeRatio": 0.1334580809,
        "eps": 0.0658,
        "epsdiluted": 0.0658,
        "weightedAverageShsOut": 155000000,
        "weightedAverageShsOutDil": 155000000,
        "link": "",
        "finalLink": ""
    },
    {
        "date": "1997-09-30",
        "symbol": "CPN",
        "reportedCurrency": "USD",
        "cik": "0000000000",
        "fillingDate": "1997-09-30",
        "acceptedDate": "1997-09-29 20:00:00",
        "calendarYear": "1997",
        "period": "Q3",
        "revenue": 92900000,
        "costOfRevenue": 43100000,
        "grossProfit": 49800000,
        "grossProfitRatio": 0.5360602799,
        "researchAndDevelopmentExpenses": 0,
        "generalAndAdministrativeExpenses": 0,
        "sellingAndMarketingExpenses": 0,
        "sellingGeneralAndAdministrativeExpenses": 6400000,
        "otherExpenses": -9000000,
        "operatingExpenses": -2600000,
        "costAndExpenses": 43100000,
        "interestIncome": 0,
        "interestExpense": 17200000,
        "depreciationAndAmortization": 0,
        "ebitda": 47200000,
        "ebitdaratio": 0.508073197,
        "operatingIncome": 47200000,
        "operatingIncomeRatio": 0.508073197,
        "totalOtherIncomeExpensesNet": -17200000,
        "incomeBeforeTax": 30000000,
        "incomeBeforeTaxRatio": 0.3229278794,
        "incomeTaxExpense": 10900000,
        "netIncome": 19100000,
        "netIncomeRatio": 0.2055974166,
        "eps": 0.12,
        "epsdiluted": 0.12,
        "weightedAverageShsOut": 159166667,
        "weightedAverageShsOutDil": 159166667,
        "link": "",
        "finalLink": ""
    },
    {
        "date": "1997-06-30",
        "symbol": "CPN",
        "reportedCurrency": "USD",
        "cik": "0000000000",
        "fillingDate": "1997-06-30",
        "acceptedDate": "1997-06-29 20:00:00",
        "calendarYear": "1997",
        "period": "Q2",
        "revenue": 67700000,
        "costOfRevenue": 37200000,
        "grossProfit": 30500000,
        "grossProfitRatio": 0.4505169867,
        "researchAndDevelopmentExpenses": 0,
        "generalAndAdministrativeExpenses": 0,
        "sellingAndMarketingExpenses": 0,
        "sellingGeneralAndAdministrativeExpenses": 6200000,
        "otherExpenses": -8000000,
        "operatingExpenses": -1800000,
        "costAndExpenses": 37200000,
        "interestIncome": 0,
        "interestExpense": 13200000,
        "depreciationAndAmortization": 0,
        "ebitda": 28700000,
        "ebitdaratio": 0.423929099,
        "operatingIncome": 28700000,
        "operatingIncomeRatio": 0.423929099,
        "totalOtherIncomeExpensesNet": -13200000,
        "incomeBeforeTax": 15500000,
        "incomeBeforeTaxRatio": 0.2289512555,
        "incomeTaxExpense": 6100000,
        "netIncome": 9400000,
        "netIncomeRatio": 0.1388478582,
        "eps": 0.06,
        "epsdiluted": 0.06,
        "weightedAverageShsOut": 156666667,
        "weightedAverageShsOutDil": 156666667,
        "link": "",
        "finalLink": ""
    },
    {
        "date": "1997-03-31",
        "symbol": "CPN",
        "reportedCurrency": "USD",
        "cik": "0000000000",
        "fillingDate": "1997-03-31",
        "acceptedDate": "1997-03-30 19:00:00",
        "calendarYear": "1997",
        "period": "Q1",
        "revenue": 39200000,
        "costOfRevenue": 30600000,
        "grossProfit": 8600000,
        "grossProfitRatio": 0.2193877551,
        "researchAndDevelopmentExpenses": 0,
        "generalAndAdministrativeExpenses": 0,
        "sellingAndMarketingExpenses": 0,
        "sellingGeneralAndAdministrativeExpenses": 6400000,
        "otherExpenses": -9100000,
        "operatingExpenses": -2700000,
        "costAndExpenses": 30600000,
        "interestIncome": 0,
        "interestExpense": 13000000,
        "depreciationAndAmortization": 0,
        "ebitda": 5900000,
        "ebitdaratio": 0.1505102041,
        "operatingIncome": 5900000,
        "operatingIncomeRatio": 0.1505102041,
        "totalOtherIncomeExpensesNet": -13000000,
        "incomeBeforeTax": -7100000,
        "incomeBeforeTaxRatio": -0.181122449,
        "incomeTaxExpense": -3100000,
        "netIncome": -4000000,
        "netIncomeRatio": -0.1020408163,
        "eps": -0.03,
        "epsdiluted": -0.03,
        "weightedAverageShsOut": 133333333,
        "weightedAverageShsOutDil": 133333333,
        "link": "",
        "finalLink": ""
    },
    {
        "date": "1996-12-31",
        "symbol": "CPN",
        "reportedCurrency": "USD",
        "cik": "0000000000",
        "fillingDate": "1996-12-31",
        "acceptedDate": "1996-12-30 19:00:00",
        "calendarYear": "1996",
        "period": "Q4",
        "revenue": 61654000,
        "costOfRevenue": 42000000,
        "grossProfit": 19654000,
        "grossProfitRatio": 0.3187789924,
        "researchAndDevelopmentExpenses": 0,
        "generalAndAdministrativeExpenses": 0,
        "sellingAndMarketingExpenses": 0,
        "sellingGeneralAndAdministrativeExpenses": 1496000,
        "otherExpenses": -4088000,
        "operatingExpenses": -2592000,
        "costAndExpenses": 42000000,
        "interestIncome": 0,
        "interestExpense": 12406000,
        "depreciationAndAmortization": 0,
        "ebitda": 17062000,
        "ebitdaratio": 0.2767379245,
        "operatingIncome": 17062000,
        "operatingIncomeRatio": 0.2767379245,
        "totalOtherIncomeExpensesNet": -12406000,
        "incomeBeforeTax": 4656000,
        "incomeBeforeTaxRatio": 0.0755182146,
        "incomeTaxExpense": 1164000,
        "netIncome": 3492000,
        "netIncomeRatio": 0.0566386609,
        "eps": 0.0262,
        "epsdiluted": 0.0262,
        "weightedAverageShsOut": 133333333,
        "weightedAverageShsOutDil": 133333333,
        "link": "",
        "finalLink": ""
    },
    {
        "date": "1996-09-30",
        "symbol": "CPN",
        "reportedCurrency": "USD",
        "cik": "0000000000",
        "fillingDate": "1996-09-30",
        "acceptedDate": "1996-09-29 20:00:00",
        "calendarYear": "1996",
        "period": "Q3",
        "revenue": 70900000,
        "costOfRevenue": 35900000,
        "grossProfit": 35000000,
        "grossProfitRatio": 0.4936530324,
        "researchAndDevelopmentExpenses": 0,
        "generalAndAdministrativeExpenses": 0,
        "sellingAndMarketingExpenses": 0,
        "sellingGeneralAndAdministrativeExpenses": 5900000,
        "otherExpenses": -13000000,
        "operatingExpenses": -7100000,
        "costAndExpenses": 35900000,
        "interestIncome": 0,
        "interestExpense": 12400000,
        "depreciationAndAmortization": 0,
        "ebitda": 27900000,
        "ebitdaratio": 0.3935119887,
        "operatingIncome": 27900000,
        "operatingIncomeRatio": 0.3935119887,
        "totalOtherIncomeExpensesNet": -12400000,
        "incomeBeforeTax": 15500000,
        "incomeBeforeTaxRatio": 0.2186177715,
        "incomeTaxExpense": 4800000,
        "netIncome": 10700000,
        "netIncomeRatio": 0.1509167842,
        "eps": 0.1,
        "epsdiluted": 0.1,
        "weightedAverageShsOut": 107000000,
        "weightedAverageShsOutDil": 107000000,
        "link": "",
        "finalLink": ""
    },
    {
        "date": "1996-06-30",
        "symbol": "CPN",
        "reportedCurrency": "USD",
        "cik": "0000000000",
        "fillingDate": "1996-06-30",
        "acceptedDate": "1996-06-29 20:00:00",
        "calendarYear": "1996",
        "period": "Q2",
        "revenue": 50300000,
        "costOfRevenue": 30000000,
        "grossProfit": 20300000,
        "grossProfitRatio": 0.4035785288,
        "researchAndDevelopmentExpenses": 0,
        "generalAndAdministrativeExpenses": 0,
        "sellingAndMarketingExpenses": 0,
        "sellingGeneralAndAdministrativeExpenses": 4100000,
        "otherExpenses": -6000000,
        "operatingExpenses": -1900000,
        "costAndExpenses": 30000000,
        "interestIncome": 0,
        "interestExpense": 10400000,
        "depreciationAndAmortization": 0,
        "ebitda": 18400000,
        "ebitdaratio": 0.365805169,
        "operatingIncome": 18400000,
        "operatingIncomeRatio": 0.365805169,
        "totalOtherIncomeExpensesNet": -10400000,
        "incomeBeforeTax": 8000000,
        "incomeBeforeTaxRatio": 0.1590457256,
        "incomeTaxExpense": 3300000,
        "netIncome": 4700000,
        "netIncomeRatio": 0.0934393638,
        "eps": 0.27,
        "epsdiluted": 0.27,
        "weightedAverageShsOut": 17407407,
        "weightedAverageShsOutDil": 17407407,
        "link": "",
        "finalLink": ""
    },
    {
        "date": "1996-03-31",
        "symbol": "CPN",
        "reportedCurrency": "USD",
        "cik": "0000000000",
        "fillingDate": "1996-03-31",
        "acceptedDate": "1996-03-30 19:00:00",
        "calendarYear": "1996",
        "period": "Q1",
        "revenue": 31700000,
        "costOfRevenue": 21300000,
        "grossProfit": 10400000,
        "grossProfitRatio": 0.3280757098,
        "researchAndDevelopmentExpenses": 0,
        "generalAndAdministrativeExpenses": 0,
        "sellingAndMarketingExpenses": 0,
        "sellingGeneralAndAdministrativeExpenses": 3100000,
        "otherExpenses": -5800000,
        "operatingExpenses": -2700000,
        "costAndExpenses": 21300000,
        "interestIncome": 0,
        "interestExpense": 8200000,
        "depreciationAndAmortization": 0,
        "ebitda": 7700000,
        "ebitdaratio": 0.2429022082,
        "operatingIncome": 7700000,
        "operatingIncomeRatio": 0.2429022082,
        "totalOtherIncomeExpensesNet": -8200000,
        "incomeBeforeTax": -500000,
        "incomeBeforeTaxRatio": -0.0157728707,
        "incomeTaxExpense": -200000,
        "netIncome": -300000,
        "netIncomeRatio": -0.0094637224,
        "eps": -0.02,
        "epsdiluted": -0.02,
        "weightedAverageShsOut": 15000000,
        "weightedAverageShsOutDil": 15000000,
        "link": "",
        "finalLink": ""
    },
    {
        "date": "1995-12-31",
        "symbol": "CPN",
        "reportedCurrency": "USD",
        "cik": "0000000000",
        "fillingDate": "1995-12-31",
        "acceptedDate": "1995-12-30 19:00:00",
        "calendarYear": "1995",
        "period": "Q4",
        "revenue": 39500000,
        "costOfRevenue": -1500000,
        "grossProfit": 41000000,
        "grossProfitRatio": 1.0379746835,
        "researchAndDevelopmentExpenses": 0,
        "generalAndAdministrativeExpenses": 0,
        "sellingAndMarketingExpenses": 0,
        "sellingGeneralAndAdministrativeExpenses": 3600000,
        "otherExpenses": -32500000,
        "operatingExpenses": -28900000,
        "costAndExpenses": -1500000,
        "interestIncome": 0,
        "interestExpense": 8700000,
        "depreciationAndAmortization": 0,
        "ebitda": 12100000,
        "ebitdaratio": 0.3063291139,
        "operatingIncome": 12100000,
        "operatingIncomeRatio": 0.3063291139,
        "totalOtherIncomeExpensesNet": -8700000,
        "incomeBeforeTax": 3400000,
        "incomeBeforeTaxRatio": 0.0860759494,
        "incomeTaxExpense": 1300000,
        "netIncome": 2100000,
        "netIncomeRatio": 0.053164557,
        "eps": 0.14,
        "epsdiluted": 0.14,
        "weightedAverageShsOut": 15000000,
        "weightedAverageShsOutDil": 15000000,
        "link": "",
        "finalLink": ""
    },
    {
        "date": "1995-09-30",
        "symbol": "CPN",
        "reportedCurrency": "USD",
        "cik": "0000000000",
        "fillingDate": "1995-09-30",
        "acceptedDate": "1995-09-29 20:00:00",
        "calendarYear": "1995",
        "period": "Q3",
        "revenue": 42100000,
        "costOfRevenue": 22300000,
        "grossProfit": 19800000,
        "grossProfitRatio": 0.4703087886,
        "researchAndDevelopmentExpenses": 0,
        "generalAndAdministrativeExpenses": 0,
        "sellingAndMarketingExpenses": 0,
        "sellingGeneralAndAdministrativeExpenses": 3500000,
        "otherExpenses": -6400000,
        "operatingExpenses": -2900000,
        "costAndExpenses": 22300000,
        "interestIncome": 0,
        "interestExpense": 8400000,
        "depreciationAndAmortization": 0,
        "ebitda": 16900000,
        "ebitdaratio": 0.4014251781,
        "operatingIncome": 16900000,
        "operatingIncomeRatio": 0.4014251781,
        "totalOtherIncomeExpensesNet": -8400000,
        "incomeBeforeTax": 8500000,
        "incomeBeforeTaxRatio": 0.2019002375,
        "incomeTaxExpense": 3500000,
        "netIncome": 5000000,
        "netIncomeRatio": 0.1187648456,
        "eps": 0.29,
        "epsdiluted": 0.29,
        "weightedAverageShsOut": 17241379,
        "weightedAverageShsOutDil": 17241379,
        "link": "",
        "finalLink": ""
    },
    {
        "date": "1995-06-30",
        "symbol": "CPN",
        "reportedCurrency": "USD",
        "cik": "0000000000",
        "fillingDate": "1995-06-30",
        "acceptedDate": "1995-06-29 20:00:00",
        "calendarYear": "1995",
        "period": "Q2",
        "revenue": 28300000,
        "costOfRevenue": 17300000,
        "grossProfit": 11000000,
        "grossProfitRatio": 0.3886925795,
        "researchAndDevelopmentExpenses": 0,
        "generalAndAdministrativeExpenses": 0,
        "sellingAndMarketingExpenses": 0,
        "sellingGeneralAndAdministrativeExpenses": 2900000,
        "otherExpenses": -5300000,
        "operatingExpenses": -2400000,
        "costAndExpenses": 17300000,
        "interestIncome": 0,
        "interestExpense": 8200000,
        "depreciationAndAmortization": 0,
        "ebitda": 8600000,
        "ebitdaratio": 0.3038869258,
        "operatingIncome": 8600000,
        "operatingIncomeRatio": 0.3038869258,
        "totalOtherIncomeExpensesNet": -8200000,
        "incomeBeforeTax": 400000,
        "incomeBeforeTaxRatio": 0.0141342756,
        "incomeTaxExpense": 200000,
        "netIncome": 200000,
        "netIncomeRatio": 0.0070671378,
        "eps": 0.02,
        "epsdiluted": 0.02,
        "weightedAverageShsOut": 10000000,
        "weightedAverageShsOutDil": 10000000,
        "link": "",
        "finalLink": ""
    },
    {
        "date": "1995-03-31",
        "symbol": "CPN",
        "reportedCurrency": "USD",
        "cik": "0000000000",
        "fillingDate": "1995-03-31",
        "acceptedDate": "1995-03-30 19:00:00",
        "calendarYear": "1995",
        "period": "Q1",
        "revenue": 22000000,
        "costOfRevenue": 13400000,
        "grossProfit": 8600000,
        "grossProfitRatio": 0.3909090909,
        "researchAndDevelopmentExpenses": 0,
        "generalAndAdministrativeExpenses": 0,
        "sellingAndMarketingExpenses": 0,
        "sellingGeneralAndAdministrativeExpenses": 2000000,
        "otherExpenses": -3600000,
        "operatingExpenses": -1600000,
        "costAndExpenses": 13400000,
        "interestIncome": 0,
        "interestExpense": 6900000,
        "depreciationAndAmortization": 0,
        "ebitda": 7000000,
        "ebitdaratio": 0.3181818182,
        "operatingIncome": 7000000,
        "operatingIncomeRatio": 0.3181818182,
        "totalOtherIncomeExpensesNet": 500000,
        "incomeBeforeTax": 7500000,
        "incomeBeforeTaxRatio": 0.3409090909,
        "incomeTaxExpense": 7400000,
        "netIncome": 100000,
        "netIncomeRatio": 0.0045454545,
        "eps": 0.01,
        "epsdiluted": 0.01,
        "weightedAverageShsOut": 10000000,
        "weightedAverageShsOutDil": 10000000,
        "link": "",
        "finalLink": ""
    }
]