[
    {
        "date": "2025-06-28",
        "symbol": "CPRI",
        "reportedCurrency": "USD",
        "cik": "0001530721",
        "fillingDate": "2025-08-07",
        "acceptedDate": "2025-08-07 16:08:50",
        "calendarYear": "2026",
        "period": "Q1",
        "revenue": 797000000,
        "costOfRevenue": 295000000,
        "grossProfit": 502000000,
        "grossProfitRatio": 0.6298619824,
        "researchAndDevelopmentExpenses": 0,
        "generalAndAdministrativeExpenses": 0,
        "sellingAndMarketingExpenses": 0,
        "sellingGeneralAndAdministrativeExpenses": 0,
        "otherExpenses": 486000000,
        "operatingExpenses": 486000000,
        "costAndExpenses": 781000000,
        "interestIncome": 18000000,
        "interestExpense": 0,
        "depreciationAndAmortization": 30000000,
        "ebitda": 70000000,
        "ebitdaratio": 0.0878293601,
        "operatingIncome": 16000000,
        "operatingIncomeRatio": 0.0200752823,
        "totalOtherIncomeExpensesNet": 24000000,
        "incomeBeforeTax": 40000000,
        "incomeBeforeTaxRatio": 0.0501882058,
        "incomeTaxExpense": -16000000,
        "netIncome": 56000000,
        "netIncomeRatio": 0.0702634881,
        "eps": 0.45,
        "epsdiluted": 0.44,
        "weightedAverageShsOut": 118800000,
        "weightedAverageShsOutDil": 119108000,
        "link": "https://www.sec.gov/Archives/edgar/data/1530721/000153072125000113/0001530721-25-000113-index.htm",
        "finalLink": "https://www.sec.gov/Archives/edgar/data/1530721/000153072125000113/cpri-20250628.htm"
    },
    {
        "date": "2025-03-31",
        "symbol": "CPRI",
        "reportedCurrency": "USD",
        "cik": "0001530721",
        "fillingDate": "2025-05-28",
        "acceptedDate": "2025-05-28 16:06:41",
        "calendarYear": "2025",
        "period": "Q4",
        "revenue": 1035000000,
        "costOfRevenue": 404000000,
        "grossProfit": 631000000,
        "grossProfitRatio": 0.6096618357,
        "researchAndDevelopmentExpenses": 0,
        "generalAndAdministrativeExpenses": 243000000,
        "sellingAndMarketingExpenses": 371000000,
        "sellingGeneralAndAdministrativeExpenses": 613000000,
        "otherExpenses": 134000000,
        "operatingExpenses": 747000000,
        "costAndExpenses": 1151000000,
        "interestIncome": 15000000,
        "interestExpense": 0,
        "depreciationAndAmortization": 48000000,
        "ebitda": 18000000,
        "ebitdaratio": 0.0173913043,
        "operatingIncome": -116000000,
        "operatingIncomeRatio": -0.1120772947,
        "totalOtherIncomeExpensesNet": 14000000,
        "incomeBeforeTax": -102000000,
        "incomeBeforeTaxRatio": -0.0985507246,
        "incomeTaxExpense": 542000000,
        "netIncome": -645000000,
        "netIncomeRatio": -0.6231884058,
        "eps": -5.45,
        "epsdiluted": -5.45,
        "weightedAverageShsOut": 118256000,
        "weightedAverageShsOutDil": 118256000,
        "link": "https://www.sec.gov/Archives/edgar/data/1530721/000153072125000052/0001530721-25-000052-index.htm",
        "finalLink": "https://www.sec.gov/Archives/edgar/data/1530721/000153072125000052/cpri-20250329.htm"
    },
    {
        "date": "2024-12-28",
        "symbol": "CPRI",
        "reportedCurrency": "USD",
        "cik": "0001530721",
        "fillingDate": "2025-02-05",
        "acceptedDate": "2025-02-05 16:10:00",
        "calendarYear": "2025",
        "period": "Q3",
        "revenue": 1261000000,
        "costOfRevenue": 449000000,
        "grossProfit": 812000000,
        "grossProfitRatio": 0.6439333862,
        "researchAndDevelopmentExpenses": 0,
        "generalAndAdministrativeExpenses": 0,
        "sellingAndMarketingExpenses": 0,
        "sellingGeneralAndAdministrativeExpenses": 680000000,
        "otherExpenses": 722000000,
        "operatingExpenses": 1402000000,
        "costAndExpenses": 1851000000,
        "interestIncome": 0,
        "interestExpense": -8000000,
        "depreciationAndAmortization": 49000000,
        "ebitda": 159000000,
        "ebitdaratio": 0.1260904044,
        "operatingIncome": -590000000,
        "operatingIncomeRatio": -0.4678826328,
        "totalOtherIncomeExpensesNet": -15000000,
        "incomeBeforeTax": -605000000,
        "incomeBeforeTaxRatio": -0.479777954,
        "incomeTaxExpense": -59000000,
        "netIncome": -547000000,
        "netIncomeRatio": -0.4337827121,
        "eps": -4.61,
        "epsdiluted": -4.61,
        "weightedAverageShsOut": 118544000,
        "weightedAverageShsOutDil": 118544000,
        "link": "https://www.sec.gov/Archives/edgar/data/1530721/000153072125000015/0001530721-25-000015-index.htm",
        "finalLink": "https://www.sec.gov/Archives/edgar/data/1530721/000153072125000015/cpri-20241228.htm"
    },
    {
        "date": "2024-09-28",
        "symbol": "CPRI",
        "reportedCurrency": "USD",
        "cik": "0001530721",
        "fillingDate": "2024-11-07",
        "acceptedDate": "2024-11-07 16:13:24",
        "calendarYear": "2025",
        "period": "Q2",
        "revenue": 1079000000,
        "costOfRevenue": 385000000,
        "grossProfit": 694000000,
        "grossProfitRatio": 0.6431881372,
        "researchAndDevelopmentExpenses": 0,
        "generalAndAdministrativeExpenses": 0,
        "sellingAndMarketingExpenses": 0,
        "sellingGeneralAndAdministrativeExpenses": 639000000,
        "otherExpenses": 93000000,
        "operatingExpenses": 732000000,
        "costAndExpenses": 1117000000,
        "interestIncome": 0,
        "interestExpense": -10000000,
        "depreciationAndAmortization": 49000000,
        "ebitda": 28000000,
        "ebitdaratio": 0.0259499537,
        "operatingIncome": -38000000,
        "operatingIncomeRatio": -0.0352177943,
        "totalOtherIncomeExpensesNet": 27000000,
        "incomeBeforeTax": -11000000,
        "incomeBeforeTaxRatio": -0.0101946247,
        "incomeTaxExpense": -34000000,
        "netIncome": 24000000,
        "netIncomeRatio": 0.0222428174,
        "eps": 0.2,
        "epsdiluted": 0.2,
        "weightedAverageShsOut": 118467000,
        "weightedAverageShsOutDil": 118778000,
        "link": "https://www.sec.gov/Archives/edgar/data/1530721/000153072124000125/0001530721-24-000125-index.htm",
        "finalLink": "https://www.sec.gov/Archives/edgar/data/1530721/000153072124000125/cpri-20240928.htm"
    },
    {
        "date": "2024-06-29",
        "symbol": "CPRI",
        "reportedCurrency": "USD",
        "cik": "0001530721",
        "fillingDate": "2024-08-08",
        "acceptedDate": "2024-08-08 16:10:25",
        "calendarYear": "2025",
        "period": "Q1",
        "revenue": 1067000000,
        "costOfRevenue": 424000000,
        "grossProfit": 643000000,
        "grossProfitRatio": 0.6026241799,
        "researchAndDevelopmentExpenses": 0,
        "generalAndAdministrativeExpenses": 0,
        "sellingAndMarketingExpenses": 0,
        "sellingGeneralAndAdministrativeExpenses": 649000000,
        "otherExpenses": 0,
        "operatingExpenses": 649000000,
        "costAndExpenses": 1073000000,
        "interestIncome": 0,
        "interestExpense": 0,
        "depreciationAndAmortization": 47000000,
        "ebitda": 40000000,
        "ebitdaratio": 0.0374882849,
        "operatingIncome": -8000000,
        "operatingIncomeRatio": -0.007497657,
        "totalOtherIncomeExpensesNet": -1000000,
        "incomeBeforeTax": -9000000,
        "incomeBeforeTaxRatio": -0.0084348641,
        "incomeTaxExpense": 3000000,
        "netIncome": -14000000,
        "netIncomeRatio": -0.0131208997,
        "eps": -0.12,
        "epsdiluted": -0.12,
        "weightedAverageShsOut": 117440000,
        "weightedAverageShsOutDil": 117440000,
        "link": "https://www.sec.gov/Archives/edgar/data/1530721/000153072124000096/0001530721-24-000096-index.htm",
        "finalLink": "https://www.sec.gov/Archives/edgar/data/1530721/000153072124000096/cpri-20240629.htm"
    },
    {
        "date": "2024-03-31",
        "symbol": "CPRI",
        "reportedCurrency": "USD",
        "cik": "0001530721",
        "fillingDate": "2024-05-29",
        "acceptedDate": "2024-05-29 16:09:26",
        "calendarYear": "2024",
        "period": "Q4",
        "revenue": 1223000000,
        "costOfRevenue": 510000000,
        "grossProfit": 713000000,
        "grossProfitRatio": 0.582992641,
        "researchAndDevelopmentExpenses": 0,
        "generalAndAdministrativeExpenses": 263000000,
        "sellingAndMarketingExpenses": 419000000,
        "sellingGeneralAndAdministrativeExpenses": 682000000,
        "otherExpenses": 0,
        "operatingExpenses": 682000000,
        "costAndExpenses": 1192000000,
        "interestIncome": 0,
        "interestExpense": 0,
        "depreciationAndAmortization": 49000000,
        "ebitda": 93000000,
        "ebitdaratio": 0.0760425184,
        "operatingIncome": 31000000,
        "operatingIncomeRatio": 0.0253475061,
        "totalOtherIncomeExpensesNet": -588000000,
        "incomeBeforeTax": -557000000,
        "incomeBeforeTaxRatio": -0.4554374489,
        "incomeTaxExpense": -85000000,
        "netIncome": -472000000,
        "netIncomeRatio": -0.3859362224,
        "eps": -4.03,
        "epsdiluted": -4.03,
        "weightedAverageShsOut": 117156327,
        "weightedAverageShsOutDil": 117156327,
        "link": "https://www.sec.gov/Archives/edgar/data/1530721/000153072124000041/0001530721-24-000041-index.htm",
        "finalLink": "https://www.sec.gov/Archives/edgar/data/1530721/000153072124000041/cpri-20240330.htm"
    },
    {
        "date": "2023-12-30",
        "symbol": "CPRI",
        "reportedCurrency": "USD",
        "cik": "0001530721",
        "fillingDate": "2024-02-08",
        "acceptedDate": "2024-02-08 16:12:14",
        "calendarYear": "2024",
        "period": "Q3",
        "revenue": 1427000000,
        "costOfRevenue": 499000000,
        "grossProfit": 928000000,
        "grossProfitRatio": 0.6503153469,
        "researchAndDevelopmentExpenses": 0,
        "generalAndAdministrativeExpenses": 0,
        "sellingAndMarketingExpenses": 0,
        "sellingGeneralAndAdministrativeExpenses": 749000000,
        "otherExpenses": 0,
        "operatingExpenses": 795000000,
        "costAndExpenses": 1294000000,
        "interestIncome": 0,
        "interestExpense": 1000000,
        "depreciationAndAmortization": 46000000,
        "ebitda": 170000000,
        "ebitdaratio": 0.1191310441,
        "operatingIncome": 122000000,
        "operatingIncomeRatio": 0.0854940434,
        "totalOtherIncomeExpensesNet": 1000000,
        "incomeBeforeTax": 123000000,
        "incomeBeforeTaxRatio": 0.0861948143,
        "incomeTaxExpense": 18000000,
        "netIncome": 105000000,
        "netIncomeRatio": 0.073580939,
        "eps": 0.9,
        "epsdiluted": 0.89,
        "weightedAverageShsOut": 116795382,
        "weightedAverageShsOutDil": 118163528,
        "link": "https://www.sec.gov/Archives/edgar/data/1530721/000153072124000018/0001530721-24-000018-index.htm",
        "finalLink": "https://www.sec.gov/Archives/edgar/data/1530721/000153072124000018/cpri-20231230.htm"
    },
    {
        "date": "2023-09-30",
        "symbol": "CPRI",
        "reportedCurrency": "USD",
        "cik": "0001530721",
        "fillingDate": "2023-11-09",
        "acceptedDate": "2023-11-09 16:07:24",
        "calendarYear": "2024",
        "period": "Q2",
        "revenue": 1291000000,
        "costOfRevenue": 459000000,
        "grossProfit": 832000000,
        "grossProfitRatio": 0.6444616576,
        "researchAndDevelopmentExpenses": 0,
        "generalAndAdministrativeExpenses": 0,
        "sellingAndMarketingExpenses": 0,
        "sellingGeneralAndAdministrativeExpenses": 664000000,
        "otherExpenses": 732000000,
        "operatingExpenses": 732000000,
        "costAndExpenses": 1191000000,
        "interestIncome": 0,
        "interestExpense": 3000000,
        "depreciationAndAmortization": 48000000,
        "ebitda": 172000000,
        "ebitdaratio": 0.1332300542,
        "operatingIncome": 100000000,
        "operatingIncomeRatio": 0.0774593338,
        "totalOtherIncomeExpensesNet": 1000000,
        "incomeBeforeTax": 101000000,
        "incomeBeforeTaxRatio": 0.0782339272,
        "incomeTaxExpense": 11000000,
        "netIncome": 90000000,
        "netIncomeRatio": 0.0697134005,
        "eps": 0.77,
        "epsdiluted": 0.77,
        "weightedAverageShsOut": 116674030,
        "weightedAverageShsOutDil": 117563573,
        "link": "https://www.sec.gov/Archives/edgar/data/1530721/000153072123000194/0001530721-23-000194-index.htm",
        "finalLink": "https://www.sec.gov/Archives/edgar/data/1530721/000153072123000194/cpri-20230930.htm"
    },
    {
        "date": "2023-07-01",
        "symbol": "CPRI",
        "reportedCurrency": "USD",
        "cik": "0001530721",
        "fillingDate": "2023-08-10",
        "acceptedDate": "2023-08-10 16:22:59",
        "calendarYear": "2024",
        "period": "Q1",
        "revenue": 1229000000,
        "costOfRevenue": 417000000,
        "grossProfit": 812000000,
        "grossProfitRatio": 0.6606997559,
        "researchAndDevelopmentExpenses": 0,
        "generalAndAdministrativeExpenses": 0,
        "sellingAndMarketingExpenses": 0,
        "sellingGeneralAndAdministrativeExpenses": 689000000,
        "otherExpenses": -1000000,
        "operatingExpenses": 734000000,
        "costAndExpenses": 1151000000,
        "interestIncome": 8000000,
        "interestExpense": 8000000,
        "depreciationAndAmortization": 45000000,
        "ebitda": 123000000,
        "ebitdaratio": 0.100081367,
        "operatingIncome": 80000000,
        "operatingIncomeRatio": 0.065093572,
        "totalOtherIncomeExpensesNet": -30000000,
        "incomeBeforeTax": 50000000,
        "incomeBeforeTaxRatio": 0.0406834825,
        "incomeTaxExpense": 2000000,
        "netIncome": 48000000,
        "netIncomeRatio": 0.0390561432,
        "eps": 0.41,
        "epsdiluted": 0.41,
        "weightedAverageShsOut": 117431941,
        "weightedAverageShsOutDil": 118282633,
        "link": "https://www.sec.gov/Archives/edgar/data/1530721/000153072123000174/0001530721-23-000174-index.htm",
        "finalLink": "https://www.sec.gov/Archives/edgar/data/1530721/000153072123000174/cpri-20230701.htm"
    },
    {
        "date": "2023-03-31",
        "symbol": "CPRI",
        "reportedCurrency": "USD",
        "cik": "0001530721",
        "fillingDate": "2023-05-31",
        "acceptedDate": "2023-05-31 09:21:35",
        "calendarYear": "2023",
        "period": "Q4",
        "revenue": 1335000000,
        "costOfRevenue": 477000000,
        "grossProfit": 858000000,
        "grossProfitRatio": 0.6426966292,
        "researchAndDevelopmentExpenses": 0,
        "generalAndAdministrativeExpenses": 338000000,
        "sellingAndMarketingExpenses": 383000000,
        "sellingGeneralAndAdministrativeExpenses": 721000000,
        "otherExpenses": 177000000,
        "operatingExpenses": 898000000,
        "costAndExpenses": 1375000000,
        "interestIncome": 0,
        "interestExpense": 0,
        "depreciationAndAmortization": 48000000,
        "ebitda": 137000000,
        "ebitdaratio": 0.1026217228,
        "operatingIncome": -40000000,
        "operatingIncomeRatio": -0.0299625468,
        "totalOtherIncomeExpensesNet": -30000000,
        "incomeBeforeTax": -70000000,
        "incomeBeforeTaxRatio": -0.0524344569,
        "incomeTaxExpense": 37000000,
        "netIncome": -34000000,
        "netIncomeRatio": -0.0254681648,
        "eps": -0.28,
        "epsdiluted": -0.28,
        "weightedAverageShsOut": 123327209,
        "weightedAverageShsOutDil": 123327209,
        "link": "https://www.sec.gov/Archives/edgar/data/1530721/000153072123000087/0001530721-23-000087-index.htm",
        "finalLink": "https://www.sec.gov/Archives/edgar/data/1530721/000153072123000087/cpri-20230401.htm"
    },
    {
        "date": "2022-12-31",
        "symbol": "CPRI",
        "reportedCurrency": "USD",
        "cik": "0001530721",
        "fillingDate": "2023-02-08",
        "acceptedDate": "2023-02-08 16:09:23",
        "calendarYear": "2023",
        "period": "Q3",
        "revenue": 1512000000,
        "costOfRevenue": 507000000,
        "grossProfit": 1005000000,
        "grossProfitRatio": 0.6646825397,
        "researchAndDevelopmentExpenses": 0,
        "generalAndAdministrativeExpenses": 0,
        "sellingAndMarketingExpenses": 0,
        "sellingGeneralAndAdministrativeExpenses": 720000000,
        "otherExpenses": 49000000,
        "operatingExpenses": 769000000,
        "costAndExpenses": 1276000000,
        "interestIncome": 0,
        "interestExpense": 12000000,
        "depreciationAndAmortization": 43000000,
        "ebitda": 283000000,
        "ebitdaratio": 0.1871693122,
        "operatingIncome": 236000000,
        "operatingIncomeRatio": 0.1560846561,
        "totalOtherIncomeExpensesNet": -8000000,
        "incomeBeforeTax": 228000000,
        "incomeBeforeTaxRatio": 0.1507936508,
        "incomeTaxExpense": 3000000,
        "netIncome": 225000000,
        "netIncomeRatio": 0.1488095238,
        "eps": 1.75,
        "epsdiluted": 1.73,
        "weightedAverageShsOut": 128849793,
        "weightedAverageShsOutDil": 130364918,
        "link": "https://www.sec.gov/Archives/edgar/data/1530721/000153072123000033/0001530721-23-000033-index.htm",
        "finalLink": "https://www.sec.gov/Archives/edgar/data/1530721/000153072123000033/cpri-20221231.htm"
    },
    {
        "date": "2022-10-01",
        "symbol": "CPRI",
        "reportedCurrency": "USD",
        "cik": "0001530721",
        "fillingDate": "2022-11-09",
        "acceptedDate": "2022-11-09 16:06:19",
        "calendarYear": "2023",
        "period": "Q2",
        "revenue": 1412000000,
        "costOfRevenue": 461000000,
        "grossProfit": 951000000,
        "grossProfitRatio": 0.6735127479,
        "researchAndDevelopmentExpenses": 0,
        "generalAndAdministrativeExpenses": 0,
        "sellingAndMarketingExpenses": 0,
        "sellingGeneralAndAdministrativeExpenses": 642000000,
        "otherExpenses": 57000000,
        "operatingExpenses": 699000000,
        "costAndExpenses": 1160000000,
        "interestIncome": 0,
        "interestExpense": 5000000,
        "depreciationAndAmortization": 43000000,
        "ebitda": 307000000,
        "ebitdaratio": 0.2174220963,
        "operatingIncome": 198000000,
        "operatingIncomeRatio": 0.1402266289,
        "totalOtherIncomeExpensesNet": 7000000,
        "incomeBeforeTax": 259000000,
        "incomeBeforeTaxRatio": 0.183427762,
        "incomeTaxExpense": 35000000,
        "netIncome": 224000000,
        "netIncomeRatio": 0.1586402266,
        "eps": 1.65,
        "epsdiluted": 1.63,
        "weightedAverageShsOut": 136037449,
        "weightedAverageShsOutDil": 137051575,
        "link": "https://www.sec.gov/Archives/edgar/data/1530721/000153072122000154/0001530721-22-000154-index.htm",
        "finalLink": "https://www.sec.gov/Archives/edgar/data/1530721/000153072122000154/cpri-20221001.htm"
    },
    {
        "date": "2022-07-02",
        "symbol": "CPRI",
        "reportedCurrency": "USD",
        "cik": "0001530721",
        "fillingDate": "2022-08-09",
        "acceptedDate": "2022-08-09 16:04:17",
        "calendarYear": "2023",
        "period": "Q1",
        "revenue": 1360000000,
        "costOfRevenue": 459000000,
        "grossProfit": 901000000,
        "grossProfitRatio": 0.6625,
        "researchAndDevelopmentExpenses": 0,
        "generalAndAdministrativeExpenses": 0,
        "sellingAndMarketingExpenses": 0,
        "sellingGeneralAndAdministrativeExpenses": 622000000,
        "otherExpenses": 45000000,
        "operatingExpenses": 667000000,
        "costAndExpenses": 1126000000,
        "interestIncome": 0,
        "interestExpense": 4000000,
        "depreciationAndAmortization": 45000000,
        "ebitda": 278000000,
        "ebitdaratio": 0.2044117647,
        "operatingIncome": 231000000,
        "operatingIncomeRatio": 0.1698529412,
        "totalOtherIncomeExpensesNet": 0,
        "incomeBeforeTax": 231000000,
        "incomeBeforeTaxRatio": 0.1698529412,
        "incomeTaxExpense": 28000000,
        "netIncome": 201000000,
        "netIncomeRatio": 0.1477941176,
        "eps": 1.42,
        "epsdiluted": 1.4,
        "weightedAverageShsOut": 141913586,
        "weightedAverageShsOutDil": 143733984,
        "link": "https://www.sec.gov/Archives/edgar/data/1530721/000153072122000131/0001530721-22-000131-index.htm",
        "finalLink": "https://www.sec.gov/Archives/edgar/data/1530721/000153072122000131/cpri-20220702.htm"
    },
    {
        "date": "2022-03-31",
        "symbol": "CPRI",
        "reportedCurrency": "USD",
        "cik": "0001530721",
        "fillingDate": "2022-06-01",
        "acceptedDate": "2022-06-01 09:17:26",
        "calendarYear": "2022",
        "period": "Q4",
        "revenue": 1492000000,
        "costOfRevenue": 536000000,
        "grossProfit": 956000000,
        "grossProfitRatio": 0.6407506702,
        "researchAndDevelopmentExpenses": 0,
        "generalAndAdministrativeExpenses": 400000000,
        "sellingAndMarketingExpenses": 333000000,
        "sellingGeneralAndAdministrativeExpenses": 733000000,
        "otherExpenses": 104000000,
        "operatingExpenses": 837000000,
        "costAndExpenses": 1373000000,
        "interestIncome": 0,
        "interestExpense": 7000000,
        "depreciationAndAmortization": 47000000,
        "ebitda": 219000000,
        "ebitdaratio": 0.1467828418,
        "operatingIncome": 79000000,
        "operatingIncomeRatio": 0.0529490617,
        "totalOtherIncomeExpensesNet": 0,
        "incomeBeforeTax": 119000000,
        "incomeBeforeTaxRatio": 0.0797587131,
        "incomeTaxExpense": 38000000,
        "netIncome": 81000000,
        "netIncomeRatio": 0.0542895442,
        "eps": 0.55,
        "epsdiluted": 0.54,
        "weightedAverageShsOut": 145971381,
        "weightedAverageShsOutDil": 148757360,
        "link": "https://www.sec.gov/Archives/edgar/data/1530721/000153072122000054/0001530721-22-000054-index.htm",
        "finalLink": "https://www.sec.gov/Archives/edgar/data/1530721/000153072122000054/cpri-20220402.htm"
    },
    {
        "date": "2021-12-25",
        "symbol": "CPRI",
        "reportedCurrency": "USD",
        "cik": "0001530721",
        "fillingDate": "2022-02-02",
        "acceptedDate": "2022-02-02 16:15:23",
        "calendarYear": "2022",
        "period": "Q3",
        "revenue": 1609000000,
        "costOfRevenue": 561000000,
        "grossProfit": 1048000000,
        "grossProfitRatio": 0.6513362337,
        "researchAndDevelopmentExpenses": 0,
        "generalAndAdministrativeExpenses": 0,
        "sellingAndMarketingExpenses": 0,
        "sellingGeneralAndAdministrativeExpenses": 656000000,
        "otherExpenses": 61000000,
        "operatingExpenses": 717000000,
        "costAndExpenses": 1278000000,
        "interestIncome": 0,
        "interestExpense": 7000000,
        "depreciationAndAmortization": 47000000,
        "ebitda": 390000000,
        "ebitdaratio": 0.2423865755,
        "operatingIncome": 331000000,
        "operatingIncomeRatio": 0.2057178372,
        "totalOtherIncomeExpensesNet": 11000000,
        "incomeBeforeTax": 342000000,
        "incomeBeforeTaxRatio": 0.2125543816,
        "incomeTaxExpense": 19000000,
        "netIncome": 322000000,
        "netIncomeRatio": 0.2001243008,
        "eps": 2.15,
        "epsdiluted": 2.11,
        "weightedAverageShsOut": 149717485,
        "weightedAverageShsOutDil": 152375294,
        "link": "https://www.sec.gov/Archives/edgar/data/1530721/000153072122000013/0001530721-22-000013-index.htm",
        "finalLink": "https://www.sec.gov/Archives/edgar/data/1530721/000153072122000013/cpri-20211225.htm"
    },
    {
        "date": "2021-09-25",
        "symbol": "CPRI",
        "reportedCurrency": "USD",
        "cik": "0001530721",
        "fillingDate": "2021-11-03",
        "acceptedDate": "2021-11-03 16:03:00",
        "calendarYear": "2022",
        "period": "Q2",
        "revenue": 1300000000,
        "costOfRevenue": 416000000,
        "grossProfit": 884000000,
        "grossProfitRatio": 0.68,
        "researchAndDevelopmentExpenses": 0,
        "generalAndAdministrativeExpenses": 0,
        "sellingAndMarketingExpenses": 0,
        "sellingGeneralAndAdministrativeExpenses": 599000000,
        "otherExpenses": 2000000,
        "operatingExpenses": 648000000,
        "costAndExpenses": 1064000000,
        "interestIncome": 0,
        "interestExpense": 5000000,
        "depreciationAndAmortization": 49000000,
        "ebitda": 277000000,
        "ebitdaratio": 0.2130769231,
        "operatingIncome": 195000000,
        "operatingIncomeRatio": 0.15,
        "totalOtherIncomeExpensesNet": 3000000,
        "incomeBeforeTax": 198000000,
        "incomeBeforeTaxRatio": 0.1523076923,
        "incomeTaxExpense": -2000000,
        "netIncome": 200000000,
        "netIncomeRatio": 0.1538461538,
        "eps": 1.31,
        "epsdiluted": 1.3,
        "weightedAverageShsOut": 151859760,
        "weightedAverageShsOutDil": 154219249,
        "link": "https://www.sec.gov/Archives/edgar/data/1530721/000153072121000179/0001530721-21-000179-index.htm",
        "finalLink": "https://www.sec.gov/Archives/edgar/data/1530721/000153072121000179/cpri-20210925.htm"
    },
    {
        "date": "2021-06-26",
        "symbol": "CPRI",
        "reportedCurrency": "USD",
        "cik": "0001530721",
        "fillingDate": "2021-07-30",
        "acceptedDate": "2021-07-30 16:07:52",
        "calendarYear": "2022",
        "period": "Q1",
        "revenue": 1253000000,
        "costOfRevenue": 397000000,
        "grossProfit": 856000000,
        "grossProfitRatio": 0.683160415,
        "researchAndDevelopmentExpenses": 0,
        "generalAndAdministrativeExpenses": 0,
        "sellingAndMarketingExpenses": 0,
        "sellingGeneralAndAdministrativeExpenses": 545000000,
        "otherExpenses": 50000000,
        "operatingExpenses": 595000000,
        "costAndExpenses": 992000000,
        "interestIncome": 0,
        "interestExpense": 1000000,
        "depreciationAndAmortization": 50000000,
        "ebitda": 307000000,
        "ebitdaratio": 0.2450119713,
        "operatingIncome": 258000000,
        "operatingIncomeRatio": 0.205905826,
        "totalOtherIncomeExpensesNet": -2000000,
        "incomeBeforeTax": 256000000,
        "incomeBeforeTaxRatio": 0.2043096568,
        "incomeTaxExpense": 37000000,
        "netIncome": 219000000,
        "netIncomeRatio": 0.1747805267,
        "eps": 1.45,
        "epsdiluted": 1.41,
        "weightedAverageShsOut": 151312103,
        "weightedAverageShsOutDil": 154890483,
        "link": "https://www.sec.gov/Archives/edgar/data/1530721/000153072121000143/0001530721-21-000143-index.htm",
        "finalLink": "https://www.sec.gov/Archives/edgar/data/1530721/000153072121000143/cpri-20210626.htm"
    },
    {
        "date": "2021-03-31",
        "symbol": "CPRI",
        "reportedCurrency": "USD",
        "cik": "0001530721",
        "fillingDate": "2021-05-26",
        "acceptedDate": "2021-05-26 10:42:28",
        "calendarYear": "2021",
        "period": "Q4",
        "revenue": 1197000000,
        "costOfRevenue": 460000000,
        "grossProfit": 737000000,
        "grossProfitRatio": 0.6157059315,
        "researchAndDevelopmentExpenses": 0,
        "generalAndAdministrativeExpenses": 464000000,
        "sellingAndMarketingExpenses": 140000000,
        "sellingGeneralAndAdministrativeExpenses": 604000000,
        "otherExpenses": 3000000,
        "operatingExpenses": 876000000,
        "costAndExpenses": 1336000000,
        "interestIncome": 0,
        "interestExpense": 4000000,
        "depreciationAndAmortization": 52000000,
        "ebitda": -80000000,
        "ebitdaratio": -0.066833751,
        "operatingIncome": -139000000,
        "operatingIncomeRatio": -0.1161236424,
        "totalOtherIncomeExpensesNet": 3000000,
        "incomeBeforeTax": -136000000,
        "incomeBeforeTaxRatio": -0.1136173768,
        "incomeTaxExpense": 46000000,
        "netIncome": -183000000,
        "netIncomeRatio": -0.1528822055,
        "eps": -1.21,
        "epsdiluted": -1.21,
        "weightedAverageShsOut": 151104434,
        "weightedAverageShsOutDil": 151104434,
        "link": "https://www.sec.gov/Archives/edgar/data/1530721/000153072121000057/0001530721-21-000057-index.htm",
        "finalLink": "https://www.sec.gov/Archives/edgar/data/1530721/000153072121000057/cpri-20210327.htm"
    },
    {
        "date": "2020-12-26",
        "symbol": "CPRI",
        "reportedCurrency": "USD",
        "cik": "0001530721",
        "fillingDate": "2021-02-03",
        "acceptedDate": "2021-02-03 16:07:02",
        "calendarYear": "2021",
        "period": "Q3",
        "revenue": 1302000000,
        "costOfRevenue": 454000000,
        "grossProfit": 848000000,
        "grossProfitRatio": 0.6513056836,
        "researchAndDevelopmentExpenses": 0,
        "generalAndAdministrativeExpenses": 0,
        "sellingAndMarketingExpenses": 0,
        "sellingGeneralAndAdministrativeExpenses": 538000000,
        "otherExpenses": 3000000,
        "operatingExpenses": 590000000,
        "costAndExpenses": 1044000000,
        "interestIncome": 0,
        "interestExpense": 10000000,
        "depreciationAndAmortization": 52000000,
        "ebitda": 235000000,
        "ebitdaratio": 0.1804915515,
        "operatingIncome": 167000000,
        "operatingIncomeRatio": 0.1282642089,
        "totalOtherIncomeExpensesNet": 6000000,
        "incomeBeforeTax": 173000000,
        "incomeBeforeTaxRatio": 0.1328725038,
        "incomeTaxExpense": -5000000,
        "netIncome": 179000000,
        "netIncomeRatio": 0.1374807988,
        "eps": 1.19,
        "epsdiluted": 1.18,
        "weightedAverageShsOut": 150661252,
        "weightedAverageShsOutDil": 151958057,
        "link": "https://www.sec.gov/Archives/edgar/data/1530721/000153072121000011/0001530721-21-000011-index.htm",
        "finalLink": "https://www.sec.gov/Archives/edgar/data/1530721/000153072121000011/cpri-20201226.htm"
    },
    {
        "date": "2020-09-26",
        "symbol": "CPRI",
        "reportedCurrency": "USD",
        "cik": "0001530721",
        "fillingDate": "2020-11-05",
        "acceptedDate": "2020-11-05 09:21:55",
        "calendarYear": "2021",
        "period": "Q2",
        "revenue": 1110000000,
        "costOfRevenue": 400000000,
        "grossProfit": 710000000,
        "grossProfitRatio": 0.6396396396,
        "researchAndDevelopmentExpenses": 0,
        "generalAndAdministrativeExpenses": 0,
        "sellingAndMarketingExpenses": 0,
        "sellingGeneralAndAdministrativeExpenses": 474000000,
        "otherExpenses": 54000000,
        "operatingExpenses": 528000000,
        "costAndExpenses": 928000000,
        "interestIncome": 0,
        "interestExpense": 12000000,
        "depreciationAndAmortization": 54000000,
        "ebitda": 207000000,
        "ebitdaratio": 0.1864864865,
        "operatingIncome": 153000000,
        "operatingIncomeRatio": 0.1378378378,
        "totalOtherIncomeExpensesNet": -12000000,
        "incomeBeforeTax": 141000000,
        "incomeBeforeTaxRatio": 0.127027027,
        "incomeTaxExpense": 20000000,
        "netIncome": 122000000,
        "netIncomeRatio": 0.1099099099,
        "eps": 0.81,
        "epsdiluted": 0.81,
        "weightedAverageShsOut": 150492275,
        "weightedAverageShsOutDil": 151677242,
        "link": "https://www.sec.gov/Archives/edgar/data/1530721/000153072120000095/0001530721-20-000095-index.htm",
        "finalLink": "https://www.sec.gov/Archives/edgar/data/1530721/000153072120000095/cpri-20200926.htm"
    },
    {
        "date": "2020-06-27",
        "symbol": "CPRI",
        "reportedCurrency": "USD",
        "cik": "0001530721",
        "fillingDate": "2020-08-05",
        "acceptedDate": "2020-08-05 16:07:28",
        "calendarYear": "2021",
        "period": "Q1",
        "revenue": 451000000,
        "costOfRevenue": 149000000,
        "grossProfit": 302000000,
        "grossProfitRatio": 0.6696230599,
        "researchAndDevelopmentExpenses": 0,
        "generalAndAdministrativeExpenses": 0,
        "sellingAndMarketingExpenses": 0,
        "sellingGeneralAndAdministrativeExpenses": 402000000,
        "otherExpenses": 1000000,
        "operatingExpenses": 464000000,
        "costAndExpenses": 613000000,
        "interestIncome": 0,
        "interestExpense": 17000000,
        "depreciationAndAmortization": 54000000,
        "ebitda": -104000000,
        "ebitdaratio": -0.2305986696,
        "operatingIncome": -162000000,
        "operatingIncomeRatio": -0.3592017738,
        "totalOtherIncomeExpensesNet": -13000000,
        "incomeBeforeTax": -175000000,
        "incomeBeforeTaxRatio": -0.3880266075,
        "incomeTaxExpense": 5000000,
        "netIncome": -180000000,
        "netIncomeRatio": -0.399113082,
        "eps": -1.21,
        "epsdiluted": -1.2,
        "weightedAverageShsOut": 148760453,
        "weightedAverageShsOutDil": 149556310,
        "link": "https://www.sec.gov/Archives/edgar/data/1530721/000153072120000077/0001530721-20-000077-index.htm",
        "finalLink": "https://www.sec.gov/Archives/edgar/data/1530721/000153072120000077/cpri-20200627.htm"
    },
    {
        "date": "2020-03-31",
        "symbol": "CPRI",
        "reportedCurrency": "USD",
        "cik": "0001530721",
        "fillingDate": "2020-07-08",
        "acceptedDate": "2020-07-08 16:18:59",
        "calendarYear": "2020",
        "period": "Q4",
        "revenue": 1192000000,
        "costOfRevenue": 561000000,
        "grossProfit": 631000000,
        "grossProfitRatio": 0.5293624161,
        "researchAndDevelopmentExpenses": 0,
        "generalAndAdministrativeExpenses": 405000000,
        "sellingAndMarketingExpenses": 208000000,
        "sellingGeneralAndAdministrativeExpenses": 613000000,
        "otherExpenses": 2000000,
        "operatingExpenses": 1167000000,
        "costAndExpenses": 1728000000,
        "interestIncome": 0,
        "interestExpense": 0,
        "depreciationAndAmortization": 61000000,
        "ebitda": 18000000,
        "ebitdaratio": 0.0151006711,
        "operatingIncome": -536000000,
        "operatingIncomeRatio": -0.4496644295,
        "totalOtherIncomeExpensesNet": -4000000,
        "incomeBeforeTax": -540000000,
        "incomeBeforeTaxRatio": -0.4530201342,
        "incomeTaxExpense": 12000000,
        "netIncome": -551000000,
        "netIncomeRatio": -0.4622483221,
        "eps": -3.69,
        "epsdiluted": -3.69,
        "weightedAverageShsOut": 149380121,
        "weightedAverageShsOutDil": 149380121,
        "link": "https://www.sec.gov/Archives/edgar/data/1530721/000153072120000062/0001530721-20-000062-index.htm",
        "finalLink": "https://www.sec.gov/Archives/edgar/data/1530721/000153072120000062/cpri-20200328.htm"
    },
    {
        "date": "2019-12-28",
        "symbol": "CPRI",
        "reportedCurrency": "USD",
        "cik": "0001530721",
        "fillingDate": "2020-02-05",
        "acceptedDate": "2020-02-05 16:07:34",
        "calendarYear": "2020",
        "period": "Q3",
        "revenue": 1571000000,
        "costOfRevenue": 639000000,
        "grossProfit": 932000000,
        "grossProfitRatio": 0.5932527053,
        "researchAndDevelopmentExpenses": 0,
        "generalAndAdministrativeExpenses": 0,
        "sellingAndMarketingExpenses": 0,
        "sellingGeneralAndAdministrativeExpenses": 630000000,
        "otherExpenses": 1000000,
        "operatingExpenses": 693000000,
        "costAndExpenses": 1332000000,
        "interestIncome": 0,
        "interestExpense": 3000000,
        "depreciationAndAmortization": 63000000,
        "ebitda": 271000000,
        "ebitdaratio": 0.1725015913,
        "operatingIncome": 205000000,
        "operatingIncomeRatio": 0.1304901337,
        "totalOtherIncomeExpensesNet": 0,
        "incomeBeforeTax": 205000000,
        "incomeBeforeTaxRatio": 0.1304901337,
        "incomeTaxExpense": -4000000,
        "netIncome": 210000000,
        "netIncomeRatio": 0.1336728199,
        "eps": 1.39,
        "epsdiluted": 1.38,
        "weightedAverageShsOut": 150826196,
        "weightedAverageShsOutDil": 152154372,
        "link": "https://www.sec.gov/Archives/edgar/data/1530721/000153072120000008/0001530721-20-000008-index.htm",
        "finalLink": "https://www.sec.gov/Archives/edgar/data/1530721/000153072120000008/cpri-20191228.htm"
    },
    {
        "date": "2019-09-28",
        "symbol": "CPRI",
        "reportedCurrency": "USD",
        "cik": "0001530721",
        "fillingDate": "2019-11-07",
        "acceptedDate": "2019-11-07 16:56:47",
        "calendarYear": "2020",
        "period": "Q2",
        "revenue": 1442000000,
        "costOfRevenue": 568000000,
        "grossProfit": 874000000,
        "grossProfitRatio": 0.6061026352,
        "researchAndDevelopmentExpenses": 0,
        "generalAndAdministrativeExpenses": 0,
        "sellingAndMarketingExpenses": 0,
        "sellingGeneralAndAdministrativeExpenses": 623000000,
        "otherExpenses": 1000000,
        "operatingExpenses": 799000000,
        "costAndExpenses": 1367000000,
        "interestIncome": 0,
        "interestExpense": 3000000,
        "depreciationAndAmortization": 65000000,
        "ebitda": 251000000,
        "ebitdaratio": 0.1740638003,
        "operatingIncome": 75000000,
        "operatingIncomeRatio": 0.0520110957,
        "totalOtherIncomeExpensesNet": -6000000,
        "incomeBeforeTax": 69000000,
        "incomeBeforeTaxRatio": 0.047850208,
        "incomeTaxExpense": -4000000,
        "netIncome": 73000000,
        "netIncomeRatio": 0.0506241331,
        "eps": 0.48,
        "epsdiluted": 0.47,
        "weightedAverageShsOut": 151602502,
        "weightedAverageShsOutDil": 152576283,
        "link": "https://www.sec.gov/Archives/edgar/data/1530721/000153072119000085/0001530721-19-000085-index.htm",
        "finalLink": "https://www.sec.gov/Archives/edgar/data/1530721/000153072119000085/cpri10-q09282019.htm"
    },
    {
        "date": "2019-06-29",
        "symbol": "CPRI",
        "reportedCurrency": "USD",
        "cik": "0001530721",
        "fillingDate": "2019-08-13",
        "acceptedDate": "2019-08-13 16:04:25",
        "calendarYear": "2020",
        "period": "Q1",
        "revenue": 1346000000,
        "costOfRevenue": 512000000,
        "grossProfit": 834000000,
        "grossProfitRatio": 0.6196136701,
        "researchAndDevelopmentExpenses": 0,
        "generalAndAdministrativeExpenses": 0,
        "sellingAndMarketingExpenses": 0,
        "sellingGeneralAndAdministrativeExpenses": 598000000,
        "otherExpenses": 2000000,
        "operatingExpenses": 770000000,
        "costAndExpenses": 1282000000,
        "interestIncome": 0,
        "interestExpense": 13000000,
        "depreciationAndAmortization": 60000000,
        "ebitda": 236000000,
        "ebitdaratio": 0.1753343239,
        "operatingIncome": 64000000,
        "operatingIncomeRatio": 0.0475482912,
        "totalOtherIncomeExpensesNet": -13000000,
        "incomeBeforeTax": 51000000,
        "incomeBeforeTaxRatio": 0.0378900446,
        "incomeTaxExpense": 6000000,
        "netIncome": 45000000,
        "netIncomeRatio": 0.0334323923,
        "eps": 0.3,
        "epsdiluted": 0.3,
        "weightedAverageShsOut": 151049572,
        "weightedAverageShsOutDil": 152334153,
        "link": "https://www.sec.gov/Archives/edgar/data/1530721/000153072119000068/0001530721-19-000068-index.htm",
        "finalLink": "https://www.sec.gov/Archives/edgar/data/1530721/000153072119000068/cpri10-q06292019.htm"
    },
    {
        "date": "2019-03-31",
        "symbol": "CPRI",
        "reportedCurrency": "USD",
        "cik": "0001530721",
        "fillingDate": "2019-05-29",
        "acceptedDate": "2019-05-29 16:42:01",
        "calendarYear": "2019",
        "period": "Q4",
        "revenue": 1344000000,
        "costOfRevenue": 551000000,
        "grossProfit": 793000000,
        "grossProfitRatio": 0.5900297619,
        "researchAndDevelopmentExpenses": 0,
        "generalAndAdministrativeExpenses": 443000000,
        "sellingAndMarketingExpenses": 166000000,
        "sellingGeneralAndAdministrativeExpenses": 609000000,
        "otherExpenses": 300000,
        "operatingExpenses": 753000000,
        "costAndExpenses": 1304000000,
        "interestIncome": 0,
        "interestExpense": 17000000,
        "depreciationAndAmortization": 64900000,
        "ebitda": 104100000,
        "ebitdaratio": 0.0774553571,
        "operatingIncome": 40000000,
        "operatingIncomeRatio": 0.0297619048,
        "totalOtherIncomeExpensesNet": -18100000,
        "incomeBeforeTax": 22000000,
        "incomeBeforeTaxRatio": 0.0163690476,
        "incomeTaxExpense": 3000000,
        "netIncome": 19000000,
        "netIncomeRatio": 0.0141369048,
        "eps": 0.13,
        "epsdiluted": 0.13,
        "weightedAverageShsOut": 150801608,
        "weightedAverageShsOutDil": 152083632,
        "link": "https://www.sec.gov/Archives/edgar/data/1530721/000153072119000023/0001530721-19-000023-index.htm",
        "finalLink": "https://www.sec.gov/Archives/edgar/data/1530721/000153072119000023/cpri0330201910-k.htm"
    },
    {
        "date": "2018-12-29",
        "symbol": "CPRI",
        "reportedCurrency": "USD",
        "cik": "0001530721",
        "fillingDate": "2019-02-07",
        "acceptedDate": "2019-02-07 16:06:56",
        "calendarYear": "2019",
        "period": "Q3",
        "revenue": 1438000000,
        "costOfRevenue": 564800000,
        "grossProfit": 873200000,
        "grossProfitRatio": 0.607232267,
        "researchAndDevelopmentExpenses": 0,
        "generalAndAdministrativeExpenses": 0,
        "sellingAndMarketingExpenses": 0,
        "sellingGeneralAndAdministrativeExpenses": 506100000,
        "otherExpenses": 1400000,
        "operatingExpenses": 583200000,
        "costAndExpenses": 1148000000,
        "interestIncome": 700000,
        "interestExpense": 7700000,
        "depreciationAndAmortization": 51500000,
        "ebitda": 300300000,
        "ebitdaratio": 0.2088317107,
        "operatingIncome": 290000000,
        "operatingIncomeRatio": 0.2016689847,
        "totalOtherIncomeExpensesNet": -48900000,
        "incomeBeforeTax": 241100000,
        "incomeBeforeTaxRatio": 0.1676634214,
        "incomeTaxExpense": 41700000,
        "netIncome": 199600000,
        "netIncomeRatio": 0.1388038943,
        "eps": 1.34,
        "epsdiluted": 1.33,
        "weightedAverageShsOut": 149183049,
        "weightedAverageShsOutDil": 150268424,
        "link": "https://www.sec.gov/Archives/edgar/data/1530721/000153072119000006/0001530721-19-000006-index.htm",
        "finalLink": "https://www.sec.gov/Archives/edgar/data/1530721/000153072119000006/cpri10-q12292018.htm"
    },
    {
        "date": "2018-09-29",
        "symbol": "CPRI",
        "reportedCurrency": "USD",
        "cik": "0001530721",
        "fillingDate": "2018-11-07",
        "acceptedDate": "2018-11-07 16:05:03",
        "calendarYear": "2019",
        "period": "Q2",
        "revenue": 1253800000,
        "costOfRevenue": 490700000,
        "grossProfit": 763100000,
        "grossProfitRatio": 0.6086297655,
        "researchAndDevelopmentExpenses": 0,
        "generalAndAdministrativeExpenses": 0,
        "sellingAndMarketingExpenses": 0,
        "sellingGeneralAndAdministrativeExpenses": 495800000,
        "otherExpenses": 1500000,
        "operatingExpenses": 548500000,
        "costAndExpenses": 1039200000,
        "interestIncome": 0,
        "interestExpense": 6000000,
        "depreciationAndAmortization": 52700000,
        "ebitda": 269000000,
        "ebitdaratio": 0.2145477748,
        "operatingIncome": 189400000,
        "operatingIncomeRatio": 0.1510607752,
        "totalOtherIncomeExpensesNet": -38000000,
        "incomeBeforeTax": 152000000,
        "incomeBeforeTaxRatio": 0.1212314564,
        "incomeTaxExpense": 14900000,
        "netIncome": 137600000,
        "netIncomeRatio": 0.109746371,
        "eps": 0.92,
        "epsdiluted": 0.91,
        "weightedAverageShsOut": 149575112,
        "weightedAverageShsOutDil": 151705685,
        "link": "https://www.sec.gov/Archives/edgar/data/1530721/000153072118000113/0001530721-18-000113-index.htm",
        "finalLink": "https://www.sec.gov/Archives/edgar/data/1530721/000153072118000113/kors10-q09292018.htm"
    },
    {
        "date": "2018-06-30",
        "symbol": "CPRI",
        "reportedCurrency": "USD",
        "cik": "0001530721",
        "fillingDate": "2018-08-08",
        "acceptedDate": "2018-08-08 16:17:12",
        "calendarYear": "2019",
        "period": "Q1",
        "revenue": 1202500000,
        "costOfRevenue": 451700000,
        "grossProfit": 750800000,
        "grossProfitRatio": 0.6243659044,
        "researchAndDevelopmentExpenses": 0,
        "generalAndAdministrativeExpenses": 0,
        "sellingAndMarketingExpenses": 0,
        "sellingGeneralAndAdministrativeExpenses": 464100000,
        "otherExpenses": 800000,
        "operatingExpenses": 520000000,
        "costAndExpenses": 971700000,
        "interestIncome": 0,
        "interestExpense": 8000000,
        "depreciationAndAmortization": 55900000,
        "ebitda": 286000000,
        "ebitdaratio": 0.2378378378,
        "operatingIncome": 215200000,
        "operatingIncomeRatio": 0.178960499,
        "totalOtherIncomeExpensesNet": -9600000,
        "incomeBeforeTax": 205600000,
        "incomeBeforeTaxRatio": 0.170977131,
        "incomeTaxExpense": 19400000,
        "netIncome": 186400000,
        "netIncomeRatio": 0.155010395,
        "eps": 1.25,
        "epsdiluted": 1.22,
        "weightedAverageShsOut": 149502101,
        "weightedAverageShsOutDil": 152399655,
        "link": "https://www.sec.gov/Archives/edgar/data/1530721/000153072118000088/0001530721-18-000088-index.htm",
        "finalLink": "https://www.sec.gov/Archives/edgar/data/1530721/000153072118000088/kors10-q06302018.htm"
    },
    {
        "date": "2018-03-31",
        "symbol": "CPRI",
        "reportedCurrency": "USD",
        "cik": "0001530721",
        "fillingDate": "2018-05-30",
        "acceptedDate": "2018-05-30 16:16:22",
        "calendarYear": "2018",
        "period": "Q4",
        "revenue": 1179500000,
        "costOfRevenue": 469700000,
        "grossProfit": 709800000,
        "grossProfitRatio": 0.6017804154,
        "researchAndDevelopmentExpenses": 0,
        "generalAndAdministrativeExpenses": 326400000,
        "sellingAndMarketingExpenses": 173000000,
        "sellingGeneralAndAdministrativeExpenses": 499400000,
        "otherExpenses": 700000,
        "operatingExpenses": 622700000,
        "costAndExpenses": 1092400000,
        "interestIncome": 0,
        "interestExpense": 12100000,
        "depreciationAndAmortization": 58700000,
        "ebitda": 145100000,
        "ebitdaratio": 0.1230182281,
        "operatingIncome": 87100000,
        "operatingIncomeRatio": 0.0738448495,
        "totalOtherIncomeExpensesNet": -12800000,
        "incomeBeforeTax": 74300000,
        "incomeBeforeTaxRatio": 0.0629927936,
        "incomeTaxExpense": 29800000,
        "netIncome": 44100000,
        "netIncomeRatio": 0.037388724,
        "eps": 0.29,
        "epsdiluted": 0.29,
        "weightedAverageShsOut": 150818144,
        "weightedAverageShsOutDil": 154252751,
        "link": "https://www.sec.gov/Archives/edgar/data/1530721/000153072118000035/0001530721-18-000035-index.htm",
        "finalLink": "https://www.sec.gov/Archives/edgar/data/1530721/000153072118000035/kors0331201810-k.htm"
    },
    {
        "date": "2017-12-30",
        "symbol": "CPRI",
        "reportedCurrency": "USD",
        "cik": "0001530721",
        "fillingDate": "2018-02-13",
        "acceptedDate": "2018-02-13 16:20:40",
        "calendarYear": "2018",
        "period": "Q3",
        "revenue": 1440100000,
        "costOfRevenue": 556100000,
        "grossProfit": 884000000,
        "grossProfitRatio": 0.6138462607,
        "researchAndDevelopmentExpenses": 0,
        "generalAndAdministrativeExpenses": 0,
        "sellingAndMarketingExpenses": 0,
        "sellingGeneralAndAdministrativeExpenses": 485900000,
        "otherExpenses": 100000,
        "operatingExpenses": 570500000,
        "costAndExpenses": 1126600000,
        "interestIncome": 0,
        "interestExpense": 8300000,
        "depreciationAndAmortization": 54000000,
        "ebitda": 398100000,
        "ebitdaratio": 0.2764391362,
        "operatingIncome": 313500000,
        "operatingIncomeRatio": 0.2176932157,
        "totalOtherIncomeExpensesNet": -35200000,
        "incomeBeforeTax": 278300000,
        "incomeBeforeTaxRatio": 0.1932504687,
        "incomeTaxExpense": 58900000,
        "netIncome": 219400000,
        "netIncomeRatio": 0.1523505312,
        "eps": 1.44,
        "epsdiluted": 1.42,
        "weightedAverageShsOut": 152047963,
        "weightedAverageShsOutDil": 154623339,
        "link": "https://www.sec.gov/Archives/edgar/data/1530721/000153072118000007/0001530721-18-000007-index.htm",
        "finalLink": "https://www.sec.gov/Archives/edgar/data/1530721/000153072118000007/kors10-q12302017.htm"
    },
    {
        "date": "2017-09-30",
        "symbol": "CPRI",
        "reportedCurrency": "USD",
        "cik": "0001530721",
        "fillingDate": "2017-11-08",
        "acceptedDate": "2017-11-08 16:27:20",
        "calendarYear": "2018",
        "period": "Q2",
        "revenue": 1146600000,
        "costOfRevenue": 455800000,
        "grossProfit": 690800000,
        "grossProfitRatio": 0.6024768882,
        "researchAndDevelopmentExpenses": 0,
        "generalAndAdministrativeExpenses": 0,
        "sellingAndMarketingExpenses": 0,
        "sellingGeneralAndAdministrativeExpenses": 421200000,
        "otherExpenses": 300000,
        "operatingExpenses": 491700000,
        "costAndExpenses": 947500000,
        "interestIncome": 0,
        "interestExpense": 800000,
        "depreciationAndAmortization": 48300000,
        "ebitda": 285700000,
        "ebitdaratio": 0.2491714635,
        "operatingIncome": 199100000,
        "operatingIncomeRatio": 0.1736438165,
        "totalOtherIncomeExpensesNet": 40000000,
        "incomeBeforeTax": 239100000,
        "incomeBeforeTaxRatio": 0.2085295657,
        "incomeTaxExpense": 36400000,
        "netIncome": 202900000,
        "netIncomeRatio": 0.1769579627,
        "eps": 1.34,
        "epsdiluted": 1.32,
        "weightedAverageShsOut": 151781340,
        "weightedAverageShsOutDil": 154168094,
        "link": "https://www.sec.gov/Archives/edgar/data/1530721/000153072117000090/0001530721-17-000090-index.htm",
        "finalLink": "https://www.sec.gov/Archives/edgar/data/1530721/000153072117000090/kors10-q09302017.htm"
    },
    {
        "date": "2017-07-01",
        "symbol": "CPRI",
        "reportedCurrency": "USD",
        "cik": "0001530721",
        "fillingDate": "2017-08-09",
        "acceptedDate": "2017-08-08 21:17:59",
        "calendarYear": "2018",
        "period": "Q1",
        "revenue": 952400000,
        "costOfRevenue": 377700000,
        "grossProfit": 574700000,
        "grossProfitRatio": 0.6034229315,
        "researchAndDevelopmentExpenses": 0,
        "generalAndAdministrativeExpenses": 0,
        "sellingAndMarketingExpenses": 0,
        "sellingGeneralAndAdministrativeExpenses": 377700000,
        "otherExpenses": 600000,
        "operatingExpenses": 425300000,
        "costAndExpenses": 803000000,
        "interestIncome": 0,
        "interestExpense": 1100000,
        "depreciationAndAmortization": 47600000,
        "ebitda": 197000000,
        "ebitdaratio": 0.2068458631,
        "operatingIncome": 149400000,
        "operatingIncomeRatio": 0.1568668627,
        "totalOtherIncomeExpensesNet": 700000,
        "incomeBeforeTax": 150100000,
        "incomeBeforeTaxRatio": 0.157601848,
        "incomeTaxExpense": 24600000,
        "netIncome": 125500000,
        "netIncomeRatio": 0.1317723646,
        "eps": 0.81,
        "epsdiluted": 0.8,
        "weightedAverageShsOut": 154486898,
        "weightedAverageShsOutDil": 156871518,
        "link": "https://www.sec.gov/Archives/edgar/data/1530721/000153072117000078/0001530721-17-000078-index.htm",
        "finalLink": "https://www.sec.gov/Archives/edgar/data/1530721/000153072117000078/kors10-q07012017.htm"
    },
    {
        "date": "2017-03-31",
        "symbol": "CPRI",
        "reportedCurrency": "USD",
        "cik": "0001530721",
        "fillingDate": "2017-05-31",
        "acceptedDate": "2017-05-31 16:20:14",
        "calendarYear": "2017",
        "period": "Q4",
        "revenue": 1064800000,
        "costOfRevenue": 445100000,
        "grossProfit": 619700000,
        "grossProfitRatio": 0.5819872276,
        "researchAndDevelopmentExpenses": 0,
        "generalAndAdministrativeExpenses": 287100000,
        "sellingAndMarketingExpenses": 124100000,
        "sellingGeneralAndAdministrativeExpenses": 411200000,
        "otherExpenses": 700000,
        "operatingExpenses": 662300000,
        "costAndExpenses": 1107400000,
        "interestIncome": 0,
        "interestExpense": 0,
        "depreciationAndAmortization": 57300000,
        "ebitda": 208500000,
        "ebitdaratio": 0.19581142,
        "operatingIncome": -42600000,
        "operatingIncomeRatio": -0.0400075131,
        "totalOtherIncomeExpensesNet": 1300000,
        "incomeBeforeTax": -41300000,
        "incomeBeforeTaxRatio": -0.0387866266,
        "incomeTaxExpense": -14500000,
        "netIncome": -26800000,
        "netIncomeRatio": -0.0251690458,
        "eps": -0.17,
        "epsdiluted": -0.17,
        "weightedAverageShsOut": 159944132,
        "weightedAverageShsOutDil": 161827486,
        "link": "https://www.sec.gov/Archives/edgar/data/1530721/000153072117000022/0001530721-17-000022-index.htm",
        "finalLink": "https://www.sec.gov/Archives/edgar/data/1530721/000153072117000022/kors0401201710-k.htm"
    },
    {
        "date": "2016-12-31",
        "symbol": "CPRI",
        "reportedCurrency": "USD",
        "cik": "0001530721",
        "fillingDate": "2017-02-14",
        "acceptedDate": "2017-02-14 17:26:33",
        "calendarYear": "2017",
        "period": "Q3",
        "revenue": 1352800000,
        "costOfRevenue": 547100000,
        "grossProfit": 805700000,
        "grossProfitRatio": 0.5955795387,
        "researchAndDevelopmentExpenses": 0,
        "generalAndAdministrativeExpenses": 0,
        "sellingAndMarketingExpenses": 0,
        "sellingGeneralAndAdministrativeExpenses": 407600000,
        "otherExpenses": 4100000,
        "operatingExpenses": 463800000,
        "costAndExpenses": 1010900000,
        "interestIncome": 0,
        "interestExpense": 3400000,
        "depreciationAndAmortization": 55700000,
        "ebitda": 398100000,
        "ebitdaratio": 0.2942785334,
        "operatingIncome": 341900000,
        "operatingIncomeRatio": 0.252735068,
        "totalOtherIncomeExpensesNet": -200000,
        "incomeBeforeTax": 341700000,
        "incomeBeforeTaxRatio": 0.2525872265,
        "incomeTaxExpense": 70400000,
        "netIncome": 271300000,
        "netIncomeRatio": 0.2005470136,
        "eps": 1.66,
        "epsdiluted": 1.64,
        "weightedAverageShsOut": 163148597,
        "weightedAverageShsOutDil": 165214045,
        "link": "https://www.sec.gov/Archives/edgar/data/1530721/000153072117000007/0001530721-17-000007-index.htm",
        "finalLink": "https://www.sec.gov/Archives/edgar/data/1530721/000153072117000007/kors10-q12312016.htm"
    },
    {
        "date": "2016-10-01",
        "symbol": "CPRI",
        "reportedCurrency": "USD",
        "cik": "0001530721",
        "fillingDate": "2016-11-10",
        "acceptedDate": "2016-11-10 16:53:26",
        "calendarYear": "2017",
        "period": "Q2",
        "revenue": 1088200000,
        "costOfRevenue": 443500000,
        "grossProfit": 644700000,
        "grossProfitRatio": 0.5924462415,
        "researchAndDevelopmentExpenses": 0,
        "generalAndAdministrativeExpenses": 0,
        "sellingAndMarketingExpenses": 0,
        "sellingGeneralAndAdministrativeExpenses": 379700000,
        "otherExpenses": 300000,
        "operatingExpenses": 436100000,
        "costAndExpenses": 879600000,
        "interestIncome": 0,
        "interestExpense": 1400000,
        "depreciationAndAmortization": 56400000,
        "ebitda": 265000000,
        "ebitdaratio": 0.2435214115,
        "operatingIncome": 203700000,
        "operatingIncomeRatio": 0.1871898548,
        "totalOtherIncomeExpensesNet": -1100000,
        "incomeBeforeTax": 202600000,
        "incomeBeforeTaxRatio": 0.1861790112,
        "incomeTaxExpense": 41900000,
        "netIncome": 160900000,
        "netIncomeRatio": 0.1478588495,
        "eps": 0.97,
        "epsdiluted": 0.95,
        "weightedAverageShsOut": 166695631,
        "weightedAverageShsOutDil": 168839967,
        "link": "https://www.sec.gov/Archives/edgar/data/1530721/000153072116000180/0001530721-16-000180-index.htm",
        "finalLink": "https://www.sec.gov/Archives/edgar/data/1530721/000153072116000180/kors10-q10012016.htm"
    },
    {
        "date": "2016-07-02",
        "symbol": "CPRI",
        "reportedCurrency": "USD",
        "cik": "0001530721",
        "fillingDate": "2016-08-11",
        "acceptedDate": "2016-08-11 16:06:32",
        "calendarYear": "2017",
        "period": "Q1",
        "revenue": 987900000,
        "costOfRevenue": 396600000,
        "grossProfit": 591300000,
        "grossProfitRatio": 0.5985423626,
        "researchAndDevelopmentExpenses": 0,
        "generalAndAdministrativeExpenses": 0,
        "sellingAndMarketingExpenses": 0,
        "sellingGeneralAndAdministrativeExpenses": 354000000,
        "otherExpenses": 300000,
        "operatingExpenses": 404400000,
        "costAndExpenses": 801000000,
        "interestIncome": 0,
        "interestExpense": 300000,
        "depreciationAndAmortization": 50400000,
        "ebitda": 237300000,
        "ebitdaratio": 0.2402064986,
        "operatingIncome": 186900000,
        "operatingIncomeRatio": 0.1891891892,
        "totalOtherIncomeExpensesNet": -1300000,
        "incomeBeforeTax": 185600000,
        "incomeBeforeTaxRatio": 0.1878732665,
        "incomeTaxExpense": 39300000,
        "netIncome": 147100000,
        "netIncomeRatio": 0.1489017107,
        "eps": 0.84,
        "epsdiluted": 0.83,
        "weightedAverageShsOut": 174158571,
        "weightedAverageShsOutDil": 176613751,
        "link": "https://www.sec.gov/Archives/edgar/data/1530721/000153072116000157/0001530721-16-000157-index.htm",
        "finalLink": "https://www.sec.gov/Archives/edgar/data/1530721/000153072116000157/kors10-q07022016.htm"
    },
    {
        "date": "2016-03-31",
        "symbol": "CPRI",
        "reportedCurrency": "USD",
        "cik": "0001530721",
        "fillingDate": "2016-06-01",
        "acceptedDate": "2016-06-01 16:51:35",
        "calendarYear": "2016",
        "period": "Q4",
        "revenue": 1198700000,
        "costOfRevenue": 501500000,
        "grossProfit": 697200000,
        "grossProfitRatio": 0.5816300993,
        "researchAndDevelopmentExpenses": 0,
        "generalAndAdministrativeExpenses": 287814000,
        "sellingAndMarketingExpenses": 103900000,
        "sellingGeneralAndAdministrativeExpenses": 391714000,
        "otherExpenses": 4500000,
        "operatingExpenses": 453100000,
        "costAndExpenses": 954600000,
        "interestIncome": 0,
        "interestExpense": 600000,
        "depreciationAndAmortization": 50469000,
        "ebitda": 305452000,
        "ebitdaratio": 0.2548193877,
        "operatingIncome": 244100000,
        "operatingIncomeRatio": 0.2036372737,
        "totalOtherIncomeExpensesNet": 1400000,
        "incomeBeforeTax": 245500000,
        "incomeBeforeTaxRatio": 0.2048052056,
        "incomeTaxExpense": 69200000,
        "netIncome": 177000000,
        "netIncomeRatio": 0.147659965,
        "eps": 1,
        "epsdiluted": 0.98,
        "weightedAverageShsOut": 177814521,
        "weightedAverageShsOutDil": 180439102,
        "link": "https://www.sec.gov/Archives/edgar/data/1530721/000153072116000090/0001530721-16-000090-index.htm",
        "finalLink": "https://www.sec.gov/Archives/edgar/data/1530721/000153072116000090/kors421610-k.htm"
    },
    {
        "date": "2015-12-26",
        "symbol": "CPRI",
        "reportedCurrency": "USD",
        "cik": "0001530721",
        "fillingDate": "2016-02-03",
        "acceptedDate": "2016-02-03 16:45:06",
        "calendarYear": "2016",
        "period": "Q3",
        "revenue": 1397479000,
        "costOfRevenue": 565509000,
        "grossProfit": 831970000,
        "grossProfitRatio": 0.5953363163,
        "researchAndDevelopmentExpenses": 0,
        "generalAndAdministrativeExpenses": 0,
        "sellingAndMarketingExpenses": 0,
        "sellingGeneralAndAdministrativeExpenses": 377648000,
        "otherExpenses": 54000,
        "operatingExpenses": 422662000,
        "costAndExpenses": 988171000,
        "interestIncome": 0,
        "interestExpense": 632000,
        "depreciationAndAmortization": 45014000,
        "ebitda": 454300000,
        "ebitdaratio": 0.3250853859,
        "operatingIncome": 409308000,
        "operatingIncomeRatio": 0.2928902688,
        "totalOtherIncomeExpensesNet": -700000,
        "incomeBeforeTax": 408594000,
        "incomeBeforeTaxRatio": 0.2923793488,
        "incomeTaxExpense": 114398000,
        "netIncome": 294586000,
        "netIncomeRatio": 0.2107981587,
        "eps": 1.62,
        "epsdiluted": 1.59,
        "weightedAverageShsOut": 182176452,
        "weightedAverageShsOutDil": 184851616,
        "link": "https://www.sec.gov/Archives/edgar/data/1530721/000153072116000084/0001530721-16-000084-index.htm",
        "finalLink": "https://www.sec.gov/Archives/edgar/data/1530721/000153072116000084/kors10-q12262015.htm"
    },
    {
        "date": "2015-09-26",
        "symbol": "CPRI",
        "reportedCurrency": "USD",
        "cik": "0001530721",
        "fillingDate": "2015-11-05",
        "acceptedDate": "2015-11-05 16:06:37",
        "calendarYear": "2016",
        "period": "Q2",
        "revenue": 1129981000,
        "costOfRevenue": 465552000,
        "grossProfit": 664429000,
        "grossProfitRatio": 0.5880001522,
        "researchAndDevelopmentExpenses": 0,
        "generalAndAdministrativeExpenses": 0,
        "sellingAndMarketingExpenses": 0,
        "sellingGeneralAndAdministrativeExpenses": 345179000,
        "otherExpenses": -69000,
        "operatingExpenses": 391343000,
        "costAndExpenses": 856895000,
        "interestIncome": 0,
        "interestExpense": 375000,
        "depreciationAndAmortization": 46164000,
        "ebitda": 319200000,
        "ebitdaratio": 0.2824826258,
        "operatingIncome": 273086000,
        "operatingIncomeRatio": 0.2416730901,
        "totalOtherIncomeExpensesNet": -1900000,
        "incomeBeforeTax": 271200000,
        "incomeBeforeTaxRatio": 0.2400040355,
        "incomeTaxExpense": 78382000,
        "netIncome": 193136000,
        "netIncomeRatio": 0.170919688,
        "eps": 1.02,
        "epsdiluted": 1.01,
        "weightedAverageShsOut": 188857398,
        "weightedAverageShsOutDil": 191524156,
        "link": "https://www.sec.gov/Archives/edgar/data/1530721/000153072115000065/0001530721-15-000065-index.htm",
        "finalLink": "https://www.sec.gov/Archives/edgar/data/1530721/000153072115000065/kors10q92615.htm"
    },
    {
        "date": "2015-06-27",
        "symbol": "CPRI",
        "reportedCurrency": "USD",
        "cik": "0001530721",
        "fillingDate": "2015-08-06",
        "acceptedDate": "2015-08-06 16:10:28",
        "calendarYear": "2016",
        "period": "Q1",
        "revenue": 985975000,
        "costOfRevenue": 382340000,
        "grossProfit": 603635000,
        "grossProfitRatio": 0.6122214052,
        "researchAndDevelopmentExpenses": 0,
        "generalAndAdministrativeExpenses": 0,
        "sellingAndMarketingExpenses": 0,
        "sellingGeneralAndAdministrativeExpenses": 313459000,
        "otherExpenses": -825000,
        "operatingExpenses": 355012000,
        "costAndExpenses": 737352000,
        "interestIncome": 0,
        "interestExpense": 109000,
        "depreciationAndAmortization": 41553000,
        "ebitda": 290200000,
        "ebitdaratio": 0.2943279495,
        "operatingIncome": 248623000,
        "operatingIncomeRatio": 0.2521595375,
        "totalOtherIncomeExpensesNet": -1600000,
        "incomeBeforeTax": 247012000,
        "incomeBeforeTaxRatio": 0.2505256218,
        "incomeTaxExpense": 72657000,
        "netIncome": 174355000,
        "netIncomeRatio": 0.1768351125,
        "eps": 0.89,
        "epsdiluted": 0.87,
        "weightedAverageShsOut": 196977021,
        "weightedAverageShsOutDil": 200054494,
        "link": "https://www.sec.gov/Archives/edgar/data/1530721/000119312515281010/0001193125-15-281010-index.htm",
        "finalLink": "https://www.sec.gov/Archives/edgar/data/1530721/000119312515281010/d942697d10q.htm"
    },
    {
        "date": "2015-03-31",
        "symbol": "CPRI",
        "reportedCurrency": "USD",
        "cik": "0001530721",
        "fillingDate": "2015-05-27",
        "acceptedDate": "2015-05-27 16:12:34",
        "calendarYear": "2015",
        "period": "Q4",
        "revenue": 1080984000,
        "costOfRevenue": 450136000,
        "grossProfit": 630848000,
        "grossProfitRatio": 0.5835868061,
        "researchAndDevelopmentExpenses": 0,
        "generalAndAdministrativeExpenses": 232388000,
        "sellingAndMarketingExpenses": 103600000,
        "sellingGeneralAndAdministrativeExpenses": 335988000,
        "otherExpenses": 1721000,
        "operatingExpenses": 374681000,
        "costAndExpenses": 824817000,
        "interestIncome": 0,
        "interestExpense": 68000,
        "depreciationAndAmortization": 37871000,
        "ebitda": 294860000,
        "ebitdaratio": 0.2727699947,
        "operatingIncome": 256167000,
        "operatingIncomeRatio": 0.2369757554,
        "totalOtherIncomeExpensesNet": 2547000,
        "incomeBeforeTax": 258714000,
        "incomeBeforeTaxRatio": 0.239331942,
        "incomeTaxExpense": 76072000,
        "netIncome": 182642000,
        "netIncomeRatio": 0.1689590225,
        "eps": 0.91,
        "epsdiluted": 0.9,
        "weightedAverageShsOut": 199828293,
        "weightedAverageShsOutDil": 203195838,
        "link": "https://www.sec.gov/Archives/edgar/data/1530721/000119312515201923/0001193125-15-201923-index.htm",
        "finalLink": "https://www.sec.gov/Archives/edgar/data/1530721/000119312515201923/d900571d10k.htm"
    },
    {
        "date": "2014-12-27",
        "symbol": "CPRI",
        "reportedCurrency": "USD",
        "cik": "0001530721",
        "fillingDate": "2015-02-05",
        "acceptedDate": "2015-02-05 16:12:25",
        "calendarYear": "2015",
        "period": "Q3",
        "revenue": 1314726000,
        "costOfRevenue": 514583000,
        "grossProfit": 800143000,
        "grossProfitRatio": 0.6086005753,
        "researchAndDevelopmentExpenses": 0,
        "generalAndAdministrativeExpenses": 0,
        "sellingAndMarketingExpenses": 0,
        "sellingGeneralAndAdministrativeExpenses": 344174000,
        "otherExpenses": 365000,
        "operatingExpenses": 381666000,
        "costAndExpenses": 896249000,
        "interestIncome": 0,
        "interestExpense": 116000,
        "depreciationAndAmortization": 37492000,
        "ebitda": 455969000,
        "ebitdaratio": 0.3468167512,
        "operatingIncome": 418477000,
        "operatingIncomeRatio": 0.3182997826,
        "totalOtherIncomeExpensesNet": -1467000,
        "incomeBeforeTax": 417010000,
        "incomeBeforeTaxRatio": 0.3171839608,
        "incomeTaxExpense": 113335000,
        "netIncome": 303675000,
        "netIncomeRatio": 0.230979687,
        "eps": 1.5,
        "epsdiluted": 1.48,
        "weightedAverageShsOut": 202668541,
        "weightedAverageShsOutDil": 205647816,
        "link": "https://www.sec.gov/Archives/edgar/data/1530721/000119312515035419/0001193125-15-035419-index.htm",
        "finalLink": "https://www.sec.gov/Archives/edgar/data/1530721/000119312515035419/d857018d10q.htm"
    },
    {
        "date": "2014-09-27",
        "symbol": "CPRI",
        "reportedCurrency": "USD",
        "cik": "0001530721",
        "fillingDate": "2014-11-06",
        "acceptedDate": "2014-11-06 16:00:00",
        "calendarYear": "2015",
        "period": "Q2",
        "revenue": 1056605000,
        "costOfRevenue": 411578000,
        "grossProfit": 645027000,
        "grossProfitRatio": 0.6104712736,
        "researchAndDevelopmentExpenses": 0,
        "generalAndAdministrativeExpenses": 0,
        "sellingAndMarketingExpenses": 0,
        "sellingGeneralAndAdministrativeExpenses": 305405000,
        "otherExpenses": 2051000,
        "operatingExpenses": 339469000,
        "costAndExpenses": 751047000,
        "interestIncome": 0,
        "interestExpense": 72000,
        "depreciationAndAmortization": 34064000,
        "ebitda": 339622000,
        "ebitdaratio": 0.3214275912,
        "operatingIncome": 305558000,
        "operatingIncomeRatio": 0.2891884858,
        "totalOtherIncomeExpensesNet": -1461000,
        "incomeBeforeTax": 304097000,
        "incomeBeforeTaxRatio": 0.2878057552,
        "incomeTaxExpense": 97107000,
        "netIncome": 206990000,
        "netIncomeRatio": 0.1959010226,
        "eps": 1.01,
        "epsdiluted": 1,
        "weightedAverageShsOut": 204464952,
        "weightedAverageShsOutDil": 207432250,
        "link": "https://www.sec.gov/Archives/edgar/data/1530721/000119312514400945/0001193125-14-400945-index.htm",
        "finalLink": "https://www.sec.gov/Archives/edgar/data/1530721/000119312514400945/d812529d10q.htm"
    },
    {
        "date": "2014-06-28",
        "symbol": "CPRI",
        "reportedCurrency": "USD",
        "cik": "0001530721",
        "fillingDate": "2014-08-07",
        "acceptedDate": "2014-08-07 16:57:23",
        "calendarYear": "2015",
        "period": "Q1",
        "revenue": 919154000,
        "costOfRevenue": 347521000,
        "grossProfit": 571633000,
        "grossProfitRatio": 0.6219121061,
        "researchAndDevelopmentExpenses": 0,
        "generalAndAdministrativeExpenses": 0,
        "sellingAndMarketingExpenses": 0,
        "sellingGeneralAndAdministrativeExpenses": 265864000,
        "otherExpenses": -505000,
        "operatingExpenses": 294862000,
        "costAndExpenses": 642383000,
        "interestIncome": 0,
        "interestExpense": 0,
        "depreciationAndAmortization": 28998000,
        "ebitda": 305769000,
        "ebitdaratio": 0.3326635145,
        "operatingIncome": 276771000,
        "operatingIncomeRatio": 0.3011149383,
        "totalOtherIncomeExpensesNet": -769000,
        "incomeBeforeTax": 276002000,
        "incomeBeforeTaxRatio": 0.3002782994,
        "incomeTaxExpense": 88286000,
        "netIncome": 187716000,
        "netIncomeRatio": 0.2042269304,
        "eps": 0.92,
        "epsdiluted": 0.91,
        "weightedAverageShsOut": 203749572,
        "weightedAverageShsOutDil": 207176243,
        "link": "https://www.sec.gov/Archives/edgar/data/1530721/000119312514300899/0001193125-14-300899-index.htm",
        "finalLink": "https://www.sec.gov/Archives/edgar/data/1530721/000119312514300899/d756101d10q.htm"
    },
    {
        "date": "2014-03-31",
        "symbol": "CPRI",
        "reportedCurrency": "USD",
        "cik": "0001530721",
        "fillingDate": "2014-05-28",
        "acceptedDate": "2014-05-28 16:40:54",
        "calendarYear": "2014",
        "period": "Q4",
        "revenue": 917452000,
        "costOfRevenue": 368026000,
        "grossProfit": 549426000,
        "grossProfitRatio": 0.5988607578,
        "researchAndDevelopmentExpenses": 0,
        "generalAndAdministrativeExpenses": 212518000,
        "sellingAndMarketingExpenses": 65700000,
        "sellingGeneralAndAdministrativeExpenses": 278218000,
        "otherExpenses": 25299000,
        "operatingExpenses": 303517000,
        "costAndExpenses": 671543000,
        "interestIncome": 16000,
        "interestExpense": 0,
        "depreciationAndAmortization": 23967000,
        "ebitda": 271208000,
        "ebitdaratio": 0.2956100156,
        "operatingIncome": 245909000,
        "operatingIncomeRatio": 0.268034731,
        "totalOtherIncomeExpensesNet": 164000,
        "incomeBeforeTax": 246073000,
        "incomeBeforeTaxRatio": 0.2682134869,
        "incomeTaxExpense": 85035000,
        "netIncome": 161038000,
        "netIncomeRatio": 0.175527439,
        "eps": 0.79,
        "epsdiluted": 0.78,
        "weightedAverageShsOut": 203387343,
        "weightedAverageShsOutDil": 206973550,
        "link": "https://www.sec.gov/Archives/edgar/data/1530721/000119312514215187/0001193125-14-215187-index.htm",
        "finalLink": "https://www.sec.gov/Archives/edgar/data/1530721/000119312514215187/d713190d10k.htm"
    },
    {
        "date": "2013-12-28",
        "symbol": "CPRI",
        "reportedCurrency": "USD",
        "cik": "0001530721",
        "fillingDate": "2014-02-06",
        "acceptedDate": "2014-02-06 17:08:55",
        "calendarYear": "2014",
        "period": "Q3",
        "revenue": 1012229000,
        "costOfRevenue": 392731000,
        "grossProfit": 619498000,
        "grossProfitRatio": 0.6120136847,
        "researchAndDevelopmentExpenses": 0,
        "generalAndAdministrativeExpenses": 0,
        "sellingAndMarketingExpenses": 0,
        "sellingGeneralAndAdministrativeExpenses": 254603000,
        "otherExpenses": 21655000,
        "operatingExpenses": 276258000,
        "costAndExpenses": 668989000,
        "interestIncome": 0,
        "interestExpense": 109000,
        "depreciationAndAmortization": 21655000,
        "ebitda": 364895000,
        "ebitdaratio": 0.3604866093,
        "operatingIncome": 343240000,
        "operatingIncomeRatio": 0.3390932289,
        "totalOtherIncomeExpensesNet": -112000,
        "incomeBeforeTax": 343128000,
        "incomeBeforeTaxRatio": 0.338982582,
        "incomeTaxExpense": 113485000,
        "netIncome": 229643000,
        "netIncomeRatio": 0.2268686236,
        "eps": 1.13,
        "epsdiluted": 1.11,
        "weightedAverageShsOut": 203175380,
        "weightedAverageShsOutDil": 206088062,
        "link": "https://www.sec.gov/Archives/edgar/data/1530721/000119312514038962/0001193125-14-038962-index.htm",
        "finalLink": "https://www.sec.gov/Archives/edgar/data/1530721/000119312514038962/d656932d10q.htm"
    },
    {
        "date": "2013-09-28",
        "symbol": "CPRI",
        "reportedCurrency": "USD",
        "cik": "0001530721",
        "fillingDate": "2013-11-07",
        "acceptedDate": "2013-11-07 15:34:34",
        "calendarYear": "2014",
        "period": "Q2",
        "revenue": 740303000,
        "costOfRevenue": 290428000,
        "grossProfit": 449875000,
        "grossProfitRatio": 0.6076903646,
        "researchAndDevelopmentExpenses": 0,
        "generalAndAdministrativeExpenses": 0,
        "sellingAndMarketingExpenses": 0,
        "sellingGeneralAndAdministrativeExpenses": 210358000,
        "otherExpenses": 18057000,
        "operatingExpenses": 228415000,
        "costAndExpenses": 518843000,
        "interestIncome": 0,
        "interestExpense": 130000,
        "depreciationAndAmortization": 18057000,
        "ebitda": 239517000,
        "ebitdaratio": 0.3235391455,
        "operatingIncome": 221460000,
        "operatingIncomeRatio": 0.2991477814,
        "totalOtherIncomeExpensesNet": -148000,
        "incomeBeforeTax": 221312000,
        "incomeBeforeTaxRatio": 0.2989478632,
        "incomeTaxExpense": 75504000,
        "netIncome": 145808000,
        "netIncomeRatio": 0.1969571919,
        "eps": 0.72,
        "epsdiluted": 0.71,
        "weightedAverageShsOut": 202560870,
        "weightedAverageShsOutDil": 205154692,
        "link": "https://www.sec.gov/Archives/edgar/data/1530721/000119312513432687/0001193125-13-432687-index.htm",
        "finalLink": "https://www.sec.gov/Archives/edgar/data/1530721/000119312513432687/d610257d10q.htm"
    },
    {
        "date": "2013-06-29",
        "symbol": "CPRI",
        "reportedCurrency": "USD",
        "cik": "0001530721",
        "fillingDate": "2013-08-08",
        "acceptedDate": "2013-08-08 15:34:46",
        "calendarYear": "2014",
        "period": "Q1",
        "revenue": 640859000,
        "costOfRevenue": 243588000,
        "grossProfit": 397271000,
        "grossProfitRatio": 0.6199039102,
        "researchAndDevelopmentExpenses": 0,
        "generalAndAdministrativeExpenses": 0,
        "sellingAndMarketingExpenses": 0,
        "sellingGeneralAndAdministrativeExpenses": 183734000,
        "otherExpenses": 15975000,
        "operatingExpenses": 199709000,
        "costAndExpenses": 443297000,
        "interestIncome": 0,
        "interestExpense": 170000,
        "depreciationAndAmortization": 15975000,
        "ebitda": 213537000,
        "ebitdaratio": 0.3332043398,
        "operatingIncome": 197562000,
        "operatingIncomeRatio": 0.3082768597,
        "totalOtherIncomeExpensesNet": -428000,
        "incomeBeforeTax": 197134000,
        "incomeBeforeTaxRatio": 0.307609006,
        "incomeTaxExpense": 72138000,
        "netIncome": 124996000,
        "netIncomeRatio": 0.1950444638,
        "eps": 0.62,
        "epsdiluted": 0.61,
        "weightedAverageShsOut": 201208189,
        "weightedAverageShsOutDil": 204336124,
        "link": "https://www.sec.gov/Archives/edgar/data/1530721/000119312513326668/0001193125-13-326668-index.htm",
        "finalLink": "https://www.sec.gov/Archives/edgar/data/1530721/000119312513326668/d555828d10q.htm"
    },
    {
        "date": "2013-03-31",
        "symbol": "CPRI",
        "reportedCurrency": "USD",
        "cik": "0001530721",
        "fillingDate": "2013-03-31",
        "acceptedDate": "2013-03-31 00:00:00",
        "calendarYear": "2013",
        "period": "Q4",
        "revenue": 597154000,
        "costOfRevenue": 240939000,
        "grossProfit": 356215000,
        "grossProfitRatio": 0.5965211654,
        "researchAndDevelopmentExpenses": 0,
        "generalAndAdministrativeExpenses": 143076000,
        "sellingAndMarketingExpenses": 41900000,
        "sellingGeneralAndAdministrativeExpenses": 184976000,
        "otherExpenses": 15210000,
        "operatingExpenses": 200186000,
        "costAndExpenses": 441125000,
        "interestIncome": 0,
        "interestExpense": 223000,
        "depreciationAndAmortization": 15210000,
        "ebitda": 171239000,
        "ebitdaratio": 0.2867585246,
        "operatingIncome": 155304000,
        "operatingIncomeRatio": 0.2600736159,
        "totalOtherIncomeExpensesNet": -749000,
        "incomeBeforeTax": 154555000,
        "incomeBeforeTaxRatio": 0.258819333,
        "incomeTaxExpense": 53454000,
        "netIncome": 101101000,
        "netIncomeRatio": 0.1693047355,
        "eps": 0.51,
        "epsdiluted": 0.51,
        "weightedAverageShsOut": 199291480,
        "weightedAverageShsOutDil": 199291480,
        "link": null,
        "finalLink": null
    },
    {
        "date": "2012-12-31",
        "symbol": "CPRI",
        "reportedCurrency": "USD",
        "cik": "0001530721",
        "fillingDate": "2013-02-12",
        "acceptedDate": "2013-02-12 17:09:56",
        "calendarYear": "2013",
        "period": "Q3",
        "revenue": 636778000,
        "costOfRevenue": 253327000,
        "grossProfit": 383451000,
        "grossProfitRatio": 0.602173756,
        "researchAndDevelopmentExpenses": 0,
        "generalAndAdministrativeExpenses": 0,
        "sellingAndMarketingExpenses": 0,
        "sellingGeneralAndAdministrativeExpenses": 164844000,
        "otherExpenses": 13768000,
        "operatingExpenses": 178612000,
        "costAndExpenses": 431939000,
        "interestIncome": 0,
        "interestExpense": 311000,
        "depreciationAndAmortization": 13768000,
        "ebitda": 218607000,
        "ebitdaratio": 0.3433017472,
        "operatingIncome": 204839000,
        "operatingIncomeRatio": 0.3216803972,
        "totalOtherIncomeExpensesNet": -1798000,
        "incomeBeforeTax": 203041000,
        "incomeBeforeTaxRatio": 0.3188568072,
        "incomeTaxExpense": 73013000,
        "netIncome": 130028000,
        "netIncomeRatio": 0.204196753,
        "eps": 0.65,
        "epsdiluted": 0.64,
        "weightedAverageShsOut": 199291480,
        "weightedAverageShsOutDil": 202817811,
        "link": "https://www.sec.gov/Archives/edgar/data/1530721/000119312513051977/0001193125-13-051977-index.htm",
        "finalLink": "https://www.sec.gov/Archives/edgar/data/1530721/000119312513051977/d482354dex991.htm"
    },
    {
        "date": "2012-09-30",
        "symbol": "CPRI",
        "reportedCurrency": "USD",
        "cik": "0001530721",
        "fillingDate": "2012-11-13",
        "acceptedDate": "2012-11-13 17:24:55",
        "calendarYear": "2013",
        "period": "Q2",
        "revenue": 532935000,
        "costOfRevenue": 217035000,
        "grossProfit": 315900000,
        "grossProfitRatio": 0.5927552141,
        "researchAndDevelopmentExpenses": 0,
        "generalAndAdministrativeExpenses": 0,
        "sellingAndMarketingExpenses": 0,
        "sellingGeneralAndAdministrativeExpenses": 145714000,
        "otherExpenses": 12258000,
        "operatingExpenses": 157972000,
        "costAndExpenses": 375007000,
        "interestIncome": 0,
        "interestExpense": 555000,
        "depreciationAndAmortization": 12258000,
        "ebitda": 170186000,
        "ebitdaratio": 0.319337255,
        "operatingIncome": 157928000,
        "operatingIncomeRatio": 0.2963363262,
        "totalOtherIncomeExpensesNet": -280000,
        "incomeBeforeTax": 157648000,
        "incomeBeforeTaxRatio": 0.2958109338,
        "incomeTaxExpense": 59820000,
        "netIncome": 97828000,
        "netIncomeRatio": 0.1835645998,
        "eps": 0.5,
        "epsdiluted": 0.49,
        "weightedAverageShsOut": 194323935,
        "weightedAverageShsOutDil": 200192291,
        "link": "https://www.sec.gov/Archives/edgar/data/1530721/000119312512467794/0001193125-12-467794-index.htm",
        "finalLink": "https://www.sec.gov/Archives/edgar/data/1530721/000119312512467794/d438811dex991.htm"
    },
    {
        "date": "2012-06-30",
        "symbol": "CPRI",
        "reportedCurrency": "USD",
        "cik": "0001530721",
        "fillingDate": "2012-08-14",
        "acceptedDate": "2012-08-14 16:17:28",
        "calendarYear": "2013",
        "period": "Q1",
        "revenue": 414865000,
        "costOfRevenue": 163865000,
        "grossProfit": 251000000,
        "grossProfitRatio": 0.6050160896,
        "researchAndDevelopmentExpenses": 0,
        "generalAndAdministrativeExpenses": 0,
        "sellingAndMarketingExpenses": 0,
        "sellingGeneralAndAdministrativeExpenses": 126002000,
        "otherExpenses": 13055000,
        "operatingExpenses": 139057000,
        "costAndExpenses": 302922000,
        "interestIncome": 0,
        "interestExpense": 435000,
        "depreciationAndAmortization": 13055000,
        "ebitda": 124998000,
        "ebitdaratio": 0.3012980126,
        "operatingIncome": 111943000,
        "operatingIncomeRatio": 0.2698299447,
        "totalOtherIncomeExpensesNet": -60000,
        "incomeBeforeTax": 111883000,
        "incomeBeforeTaxRatio": 0.2696853193,
        "incomeTaxExpense": 43238000,
        "netIncome": 68645000,
        "netIncomeRatio": 0.165463464,
        "eps": 0.36,
        "epsdiluted": 0.34,
        "weightedAverageShsOut": 192790454,
        "weightedAverageShsOutDil": 199391127,
        "link": "https://www.sec.gov/Archives/edgar/data/1530721/000119312512355634/0001193125-12-355634-index.htm",
        "finalLink": "https://www.sec.gov/Archives/edgar/data/1530721/000119312512355634/d396869dex991.htm"
    },
    {
        "date": "2012-03-31",
        "symbol": "CPRI",
        "reportedCurrency": "USD",
        "cik": "0001530721",
        "fillingDate": "2012-03-31",
        "acceptedDate": "2012-03-31 00:00:00",
        "calendarYear": "2012",
        "period": "Q4",
        "revenue": 379990000,
        "costOfRevenue": 160868000,
        "grossProfit": 219122000,
        "grossProfitRatio": 0.5766520172,
        "researchAndDevelopmentExpenses": 0,
        "generalAndAdministrativeExpenses": 0,
        "sellingAndMarketingExpenses": 0,
        "sellingGeneralAndAdministrativeExpenses": 130369000,
        "otherExpenses": 9912000,
        "operatingExpenses": 140281000,
        "costAndExpenses": 301149000,
        "interestIncome": 0,
        "interestExpense": 0,
        "depreciationAndAmortization": 9912000,
        "ebitda": 88753000,
        "ebitdaratio": 0.2335666728,
        "operatingIncome": 78841000,
        "operatingIncomeRatio": 0.2074817758,
        "totalOtherIncomeExpensesNet": -1674000,
        "incomeBeforeTax": 77167000,
        "incomeBeforeTaxRatio": 0.2030763967,
        "incomeTaxExpense": 33555000,
        "netIncome": 43612000,
        "netIncomeRatio": 0.1147714414,
        "eps": 0.28,
        "epsdiluted": 0.28,
        "weightedAverageShsOut": 154738356,
        "weightedAverageShsOutDil": 154738356,
        "link": null,
        "finalLink": null
    },
    {
        "date": "2011-12-31",
        "symbol": "CPRI",
        "reportedCurrency": "USD",
        "cik": "0001530721",
        "fillingDate": "2012-02-14",
        "acceptedDate": "2012-02-14 17:08:30",
        "calendarYear": "2012",
        "period": "Q3",
        "revenue": 373606000,
        "costOfRevenue": 151701000,
        "grossProfit": 221905000,
        "grossProfitRatio": 0.5939545939,
        "researchAndDevelopmentExpenses": 0,
        "generalAndAdministrativeExpenses": 0,
        "sellingAndMarketingExpenses": 0,
        "sellingGeneralAndAdministrativeExpenses": 143400000,
        "otherExpenses": 10626000,
        "operatingExpenses": 154026000,
        "costAndExpenses": 305727000,
        "interestIncome": 0,
        "interestExpense": 452000,
        "depreciationAndAmortization": 10626000,
        "ebitda": 78505000,
        "ebitdaratio": 0.2101277817,
        "operatingIncome": 64587000,
        "operatingIncomeRatio": 0.1728746326,
        "totalOtherIncomeExpensesNet": 1739000,
        "incomeBeforeTax": 66326000,
        "incomeBeforeTaxRatio": 0.1775292688,
        "incomeTaxExpense": 27295000,
        "netIncome": 39031000,
        "netIncomeRatio": 0.1044710203,
        "eps": 0.21,
        "epsdiluted": 0.2,
        "weightedAverageShsOut": 154738356,
        "weightedAverageShsOutDil": 193583954,
        "link": "https://www.sec.gov/Archives/edgar/data/1530721/000119312512061289/0001193125-12-061289-index.htm",
        "finalLink": "https://www.sec.gov/Archives/edgar/data/1530721/000119312512061289/d297201dex991.htm"
    },
    {
        "date": "2011-09-30",
        "symbol": "CPRI",
        "reportedCurrency": "USD",
        "cik": "0001530721",
        "fillingDate": "2011-09-30",
        "acceptedDate": "2011-09-30 00:00:00",
        "calendarYear": "2012",
        "period": "Q2",
        "revenue": 305532000,
        "costOfRevenue": 130432000,
        "grossProfit": 175100000,
        "grossProfitRatio": 0.5730987262,
        "researchAndDevelopmentExpenses": 0,
        "generalAndAdministrativeExpenses": 0,
        "sellingAndMarketingExpenses": 0,
        "sellingGeneralAndAdministrativeExpenses": 107307000,
        "otherExpenses": 8515000,
        "operatingExpenses": 115822000,
        "costAndExpenses": 246254000,
        "interestIncome": 0,
        "interestExpense": 11000,
        "depreciationAndAmortization": 8515000,
        "ebitda": 67793000,
        "ebitdaratio": 0.2218851053,
        "operatingIncome": 59278000,
        "operatingIncomeRatio": 0.1940156841,
        "totalOtherIncomeExpensesNet": 3247000,
        "incomeBeforeTax": 62525000,
        "incomeBeforeTaxRatio": 0.2046430488,
        "incomeTaxExpense": 21919000,
        "netIncome": 40606000,
        "netIncomeRatio": 0.1329026092,
        "eps": 0.22,
        "epsdiluted": 0.22,
        "weightedAverageShsOut": 146555601,
        "weightedAverageShsOutDil": 187580153,
        "link": null,
        "finalLink": null
    },
    {
        "date": "2011-06-30",
        "symbol": "CPRI",
        "reportedCurrency": "USD",
        "cik": "0001530721",
        "fillingDate": "2011-06-30",
        "acceptedDate": "2011-06-30 00:00:00",
        "calendarYear": "2012",
        "period": "Q1",
        "revenue": 243126000,
        "costOfRevenue": 106157000,
        "grossProfit": 136969000,
        "grossProfitRatio": 0.5633663203,
        "researchAndDevelopmentExpenses": 0,
        "generalAndAdministrativeExpenses": 0,
        "sellingAndMarketingExpenses": 0,
        "sellingGeneralAndAdministrativeExpenses": 83492000,
        "otherExpenses": 8501000,
        "operatingExpenses": 91993000,
        "costAndExpenses": 198150000,
        "interestIncome": 0,
        "interestExpense": 0,
        "depreciationAndAmortization": 8501000,
        "ebitda": 53477000,
        "ebitdaratio": 0.2199559076,
        "operatingIncome": 44976000,
        "operatingIncomeRatio": 0.1849904988,
        "totalOtherIncomeExpensesNet": -2178000,
        "incomeBeforeTax": 42798000,
        "incomeBeforeTaxRatio": 0.1760321808,
        "incomeTaxExpense": 18683000,
        "netIncome": 24115000,
        "netIncomeRatio": 0.0991872527,
        "eps": 0.13,
        "epsdiluted": 0.13,
        "weightedAverageShsOut": 140554377,
        "weightedAverageShsOutDil": 179177268,
        "link": null,
        "finalLink": null
    }
]