[
    {
        "date": "2025-09-30",
        "symbol": "CPS",
        "reportedCurrency": "USD",
        "cik": "0001320461",
        "fillingDate": "2025-10-31",
        "acceptedDate": "2025-10-31 16:06:30",
        "calendarYear": "2025",
        "period": "Q3",
        "revenue": 695502000,
        "costOfRevenue": 608361000,
        "grossProfit": 87141000,
        "grossProfitRatio": 0.125292235,
        "researchAndDevelopmentExpenses": 0,
        "generalAndAdministrativeExpenses": 51210000,
        "sellingAndMarketingExpenses": 0,
        "sellingGeneralAndAdministrativeExpenses": 55396000,
        "otherExpenses": 5281000,
        "operatingExpenses": 60677000,
        "costAndExpenses": 669038000,
        "interestIncome": 0,
        "interestExpense": 28614000,
        "depreciationAndAmortization": 24883000,
        "ebitda": 49740000,
        "ebitdaratio": 0.0715166887,
        "operatingIncome": 26464000,
        "operatingIncomeRatio": 0.0380502141,
        "totalOtherIncomeExpensesNet": -30221000,
        "incomeBeforeTax": -3757000,
        "incomeBeforeTaxRatio": -0.0054018536,
        "incomeTaxExpense": 3864000,
        "netIncome": -7644000,
        "netIncomeRatio": -0.0109906226,
        "eps": -0.43,
        "epsdiluted": -0.43,
        "weightedAverageShsOut": 17840926,
        "weightedAverageShsOutDil": 17840926,
        "link": "https://www.sec.gov/Archives/edgar/data/1320461/000132046125000156/0001320461-25-000156-index.htm",
        "finalLink": "https://www.sec.gov/Archives/edgar/data/1320461/000132046125000156/cps-20250930.htm"
    },
    {
        "date": "2025-06-30",
        "symbol": "CPS",
        "reportedCurrency": "USD",
        "cik": "0001320461",
        "fillingDate": "2025-08-01",
        "acceptedDate": "2025-08-01 16:07:21",
        "calendarYear": "2025",
        "period": "Q2",
        "revenue": 705973000,
        "costOfRevenue": 612922000,
        "grossProfit": 93051000,
        "grossProfitRatio": 0.131805324,
        "researchAndDevelopmentExpenses": 0,
        "generalAndAdministrativeExpenses": 51210000,
        "sellingAndMarketingExpenses": 0,
        "sellingGeneralAndAdministrativeExpenses": 51210000,
        "otherExpenses": 4562000,
        "operatingExpenses": 55772000,
        "costAndExpenses": 668694000,
        "interestIncome": 0,
        "interestExpense": 29371000,
        "depreciationAndAmortization": 24521000,
        "ebitda": 60500000,
        "ebitdaratio": 0.0856973284,
        "operatingIncome": 37279000,
        "operatingIncomeRatio": 0.0528051356,
        "totalOtherIncomeExpensesNet": -30671000,
        "incomeBeforeTax": 6608000,
        "incomeBeforeTaxRatio": 0.0093601313,
        "incomeTaxExpense": 8081000,
        "netIncome": -1401000,
        "netIncomeRatio": -0.0019844952,
        "eps": -0.0784,
        "epsdiluted": -0.0784,
        "weightedAverageShsOut": 17798000,
        "weightedAverageShsOutDil": 18058000,
        "link": "https://www.sec.gov/Archives/edgar/data/1320461/000132046125000131/0001320461-25-000131-index.htm",
        "finalLink": "https://www.sec.gov/Archives/edgar/data/1320461/000132046125000131/cps-20250630.htm"
    },
    {
        "date": "2025-03-31",
        "symbol": "CPS",
        "reportedCurrency": "USD",
        "cik": "0001320461",
        "fillingDate": "2025-05-02",
        "acceptedDate": "2025-05-02 16:05:21",
        "calendarYear": "2025",
        "period": "Q1",
        "revenue": 667069000,
        "costOfRevenue": 589891000,
        "grossProfit": 77178000,
        "grossProfitRatio": 0.1156971768,
        "researchAndDevelopmentExpenses": 0,
        "generalAndAdministrativeExpenses": 0,
        "sellingAndMarketingExpenses": 0,
        "sellingGeneralAndAdministrativeExpenses": 51191000,
        "otherExpenses": 3723000,
        "operatingExpenses": 54914000,
        "costAndExpenses": 644805000,
        "interestIncome": 0,
        "interestExpense": 29217000,
        "depreciationAndAmortization": 46578000,
        "ebitda": 22264000,
        "ebitdaratio": 0.0333758577,
        "operatingIncome": 22264000,
        "operatingIncomeRatio": 0.0333758577,
        "totalOtherIncomeExpensesNet": -17959000,
        "incomeBeforeTax": 4305000,
        "incomeBeforeTaxRatio": 0.0064536052,
        "incomeTaxExpense": 2703000,
        "netIncome": 1552000,
        "netIncomeRatio": 0.0023265959,
        "eps": 0.0876,
        "epsdiluted": 0.0866,
        "weightedAverageShsOut": 17713000,
        "weightedAverageShsOutDil": 17912000,
        "link": "https://www.sec.gov/Archives/edgar/data/1320461/000132046125000087/0001320461-25-000087-index.htm",
        "finalLink": "https://www.sec.gov/Archives/edgar/data/1320461/000132046125000087/cps-20250331.htm"
    },
    {
        "date": "2024-12-31",
        "symbol": "CPS",
        "reportedCurrency": "USD",
        "cik": "0001320461",
        "fillingDate": "2025-02-14",
        "acceptedDate": "2025-02-14 16:10:05",
        "calendarYear": "2024",
        "period": "Q4",
        "revenue": 660753000,
        "costOfRevenue": 578733000,
        "grossProfit": 82020000,
        "grossProfitRatio": 0.124131105,
        "researchAndDevelopmentExpenses": 0,
        "generalAndAdministrativeExpenses": 99195000,
        "sellingAndMarketingExpenses": 0,
        "sellingGeneralAndAdministrativeExpenses": 50295000,
        "otherExpenses": 0,
        "operatingExpenses": 50295000,
        "costAndExpenses": 629028000,
        "interestIncome": 0,
        "interestExpense": -28598000,
        "depreciationAndAmortization": 25313000,
        "ebitda": 55745000,
        "ebitdaratio": 0.0843658674,
        "operatingIncome": 31725000,
        "operatingIncomeRatio": 0.0480134029,
        "totalOtherIncomeExpensesNet": -29891000,
        "incomeBeforeTax": 1834000,
        "incomeBeforeTaxRatio": 0.0027756211,
        "incomeTaxExpense": -38420000,
        "netIncome": 40214000,
        "netIncomeRatio": 0.0608608663,
        "eps": 2.28,
        "epsdiluted": 2.24,
        "weightedAverageShsOut": 17616787,
        "weightedAverageShsOutDil": 17992409,
        "link": "https://www.sec.gov/Archives/edgar/data/1320461/000132046125000033/0001320461-25-000033-index.htm",
        "finalLink": "https://www.sec.gov/Archives/edgar/data/1320461/000132046125000033/cps-20241231.htm"
    },
    {
        "date": "2024-09-30",
        "symbol": "CPS",
        "reportedCurrency": "USD",
        "cik": "0001320461",
        "fillingDate": "2024-11-01",
        "acceptedDate": "2024-11-01 16:11:24",
        "calendarYear": "2024",
        "period": "Q3",
        "revenue": 685353000,
        "costOfRevenue": 609041000,
        "grossProfit": 76312000,
        "grossProfitRatio": 0.1113469993,
        "researchAndDevelopmentExpenses": 0,
        "generalAndAdministrativeExpenses": 0,
        "sellingAndMarketingExpenses": 0,
        "sellingGeneralAndAdministrativeExpenses": 49698000,
        "otherExpenses": 3144000,
        "operatingExpenses": 52842000,
        "costAndExpenses": 661883000,
        "interestIncome": 0,
        "interestExpense": 29821000,
        "depreciationAndAmortization": 25916000,
        "ebitda": 47009000,
        "ebitdaratio": 0.0685909305,
        "operatingIncome": 23470000,
        "operatingIncomeRatio": 0.0342451262,
        "totalOtherIncomeExpensesNet": -31502000,
        "incomeBeforeTax": -8032000,
        "incomeBeforeTaxRatio": -0.011719508,
        "incomeTaxExpense": 2861000,
        "netIncome": -11057000,
        "netIncomeRatio": -0.0161332919,
        "eps": -0.63,
        "epsdiluted": -0.63,
        "weightedAverageShsOut": 17612000,
        "weightedAverageShsOutDil": 17612000,
        "link": "https://www.sec.gov/Archives/edgar/data/1320461/000132046124000141/0001320461-24-000141-index.htm",
        "finalLink": "https://www.sec.gov/Archives/edgar/data/1320461/000132046124000141/cps-20240930.htm"
    },
    {
        "date": "2024-06-30",
        "symbol": "CPS",
        "reportedCurrency": "USD",
        "cik": "0001320461",
        "fillingDate": "2024-08-02",
        "acceptedDate": "2024-08-02 16:07:33",
        "calendarYear": "2024",
        "period": "Q2",
        "revenue": 708362000,
        "costOfRevenue": 625422000,
        "grossProfit": 82940000,
        "grossProfitRatio": 0.1170870261,
        "researchAndDevelopmentExpenses": 0,
        "generalAndAdministrativeExpenses": 52408000,
        "sellingAndMarketingExpenses": 0,
        "sellingGeneralAndAdministrativeExpenses": 52408000,
        "otherExpenses": 19386000,
        "operatingExpenses": 71794000,
        "costAndExpenses": 697216000,
        "interestIncome": 0,
        "interestExpense": 28635000,
        "depreciationAndAmortization": 25873000,
        "ebitda": -13595000,
        "ebitdaratio": -0.0191921645,
        "operatingIncome": 11146000,
        "operatingIncomeRatio": 0.0157348926,
        "totalOtherIncomeExpensesNet": -79249000,
        "incomeBeforeTax": -68103000,
        "incomeBeforeTaxRatio": -0.0961415209,
        "incomeTaxExpense": 8080000,
        "netIncome": -76243000,
        "netIncomeRatio": -0.1076328205,
        "eps": -4.34,
        "epsdiluted": -4.34,
        "weightedAverageShsOut": 17564015,
        "weightedAverageShsOutDil": 17564015,
        "link": "https://www.sec.gov/Archives/edgar/data/1320461/000132046124000120/0001320461-24-000120-index.htm",
        "finalLink": "https://www.sec.gov/Archives/edgar/data/1320461/000132046124000120/cps-20240630.htm"
    },
    {
        "date": "2024-03-31",
        "symbol": "CPS",
        "reportedCurrency": "USD",
        "cik": "0001320461",
        "fillingDate": "2024-05-07",
        "acceptedDate": "2024-05-07 16:10:20",
        "calendarYear": "2024",
        "period": "Q1",
        "revenue": 676425000,
        "costOfRevenue": 614782000,
        "grossProfit": 61643000,
        "grossProfitRatio": 0.0911305762,
        "researchAndDevelopmentExpenses": 0,
        "generalAndAdministrativeExpenses": 0,
        "sellingAndMarketingExpenses": 0,
        "sellingGeneralAndAdministrativeExpenses": 55366000,
        "otherExpenses": 2794000,
        "operatingExpenses": 58160000,
        "costAndExpenses": 672942000,
        "interestIncome": 0,
        "interestExpense": 29281000,
        "depreciationAndAmortization": 26463000,
        "ebitda": 28567000,
        "ebitdaratio": 0.0422323244,
        "operatingIncome": 3483000,
        "operatingIncomeRatio": 0.0051491296,
        "totalOtherIncomeExpensesNet": -30660000,
        "incomeBeforeTax": -27177000,
        "incomeBeforeTaxRatio": -0.0401774033,
        "incomeTaxExpense": 4131000,
        "netIncome": -31660000,
        "netIncomeRatio": -0.0468048934,
        "eps": -1.81,
        "epsdiluted": -1.81,
        "weightedAverageShsOut": 17462136,
        "weightedAverageShsOutDil": 17462136,
        "link": "https://www.sec.gov/Archives/edgar/data/1320461/000132046124000078/0001320461-24-000078-index.htm",
        "finalLink": "https://www.sec.gov/Archives/edgar/data/1320461/000132046124000078/cps-20240331.htm"
    },
    {
        "date": "2023-12-31",
        "symbol": "CPS",
        "reportedCurrency": "USD",
        "cik": "0001320461",
        "fillingDate": "2024-02-16",
        "acceptedDate": "2024-02-16 16:11:31",
        "calendarYear": "2023",
        "period": "Q4",
        "revenue": 673643000,
        "costOfRevenue": 608943000,
        "grossProfit": 64700000,
        "grossProfitRatio": 0.0960449377,
        "researchAndDevelopmentExpenses": 84112000,
        "generalAndAdministrativeExpenses": 0,
        "sellingAndMarketingExpenses": 0,
        "sellingGeneralAndAdministrativeExpenses": 75248000,
        "otherExpenses": -90196000,
        "operatingExpenses": 69164000,
        "costAndExpenses": 678107000,
        "interestIncome": 0,
        "interestExpense": 32020000,
        "depreciationAndAmortization": 26914000,
        "ebitda": 3239000,
        "ebitdaratio": 0.0048081848,
        "operatingIncome": -4464000,
        "operatingIncomeRatio": -0.0066266554,
        "totalOtherIncomeExpensesNet": -51231000,
        "incomeBeforeTax": -55695000,
        "incomeBeforeTaxRatio": -0.0826773232,
        "incomeTaxExpense": -528000,
        "netIncome": -55152000,
        "netIncomeRatio": -0.0818712582,
        "eps": -3.16,
        "epsdiluted": -3.16,
        "weightedAverageShsOut": 17427183,
        "weightedAverageShsOutDil": 17427183,
        "link": "https://www.sec.gov/Archives/edgar/data/1320461/000132046124000034/0001320461-24-000034-index.htm",
        "finalLink": "https://www.sec.gov/Archives/edgar/data/1320461/000132046124000034/cps-20231231.htm"
    },
    {
        "date": "2023-09-30",
        "symbol": "CPS",
        "reportedCurrency": "USD",
        "cik": "0001320461",
        "fillingDate": "2023-11-03",
        "acceptedDate": "2023-11-03 16:06:34",
        "calendarYear": "2023",
        "period": "Q3",
        "revenue": 736038000,
        "costOfRevenue": 629504000,
        "grossProfit": 106534000,
        "grossProfitRatio": 0.1447398096,
        "researchAndDevelopmentExpenses": 0,
        "generalAndAdministrativeExpenses": 0,
        "sellingAndMarketingExpenses": 0,
        "sellingGeneralAndAdministrativeExpenses": 49834000,
        "otherExpenses": 4042000,
        "operatingExpenses": 53876000,
        "costAndExpenses": 683380000,
        "interestIncome": 0,
        "interestExpense": 33803000,
        "depreciationAndAmortization": 27219000,
        "ebitda": 76743000,
        "ebitdaratio": 0.1042649972,
        "operatingIncome": 52658000,
        "operatingIncomeRatio": 0.0715425019,
        "totalOtherIncomeExpensesNet": -36937000,
        "incomeBeforeTax": 15721000,
        "incomeBeforeTaxRatio": 0.0213589516,
        "incomeTaxExpense": 4338000,
        "netIncome": 11363000,
        "netIncomeRatio": 0.0154380616,
        "eps": 0.65,
        "epsdiluted": 0.65,
        "weightedAverageShsOut": 17427082,
        "weightedAverageShsOutDil": 17560221,
        "link": "https://www.sec.gov/Archives/edgar/data/1320461/000132046123000142/0001320461-23-000142-index.htm",
        "finalLink": "https://www.sec.gov/Archives/edgar/data/1320461/000132046123000142/cps-20230930.htm"
    },
    {
        "date": "2023-06-30",
        "symbol": "CPS",
        "reportedCurrency": "USD",
        "cik": "0001320461",
        "fillingDate": "2023-08-04",
        "acceptedDate": "2023-08-04 16:07:32",
        "calendarYear": "2023",
        "period": "Q2",
        "revenue": 723740000,
        "costOfRevenue": 646026000,
        "grossProfit": 77714000,
        "grossProfitRatio": 0.1073783403,
        "researchAndDevelopmentExpenses": 0,
        "generalAndAdministrativeExpenses": 54605000,
        "sellingAndMarketingExpenses": 0,
        "sellingGeneralAndAdministrativeExpenses": 54605000,
        "otherExpenses": 10825000,
        "operatingExpenses": 65430000,
        "costAndExpenses": 711456000,
        "interestIncome": 0,
        "interestExpense": 34034000,
        "depreciationAndAmortization": 27816000,
        "ebitda": 38195000,
        "ebitdaratio": 0.052774477,
        "operatingIncome": 12284000,
        "operatingIncomeRatio": 0.0169729461,
        "totalOtherIncomeExpensesNet": -35939000,
        "incomeBeforeTax": -23655000,
        "incomeBeforeTaxRatio": -0.0326843894,
        "incomeTaxExpense": 4765000,
        "netIncome": -27829000,
        "netIncomeRatio": -0.0384516539,
        "eps": -1.61,
        "epsdiluted": -1.61,
        "weightedAverageShsOut": 17334918,
        "weightedAverageShsOutDil": 17334918,
        "link": "https://www.sec.gov/Archives/edgar/data/1320461/000132046123000118/0001320461-23-000118-index.htm",
        "finalLink": "https://www.sec.gov/Archives/edgar/data/1320461/000132046123000118/cps-20230630.htm"
    },
    {
        "date": "2023-03-31",
        "symbol": "CPS",
        "reportedCurrency": "USD",
        "cik": "0001320461",
        "fillingDate": "2023-05-04",
        "acceptedDate": "2023-05-04 16:07:31",
        "calendarYear": "2023",
        "period": "Q1",
        "revenue": 682458000,
        "costOfRevenue": 640630000,
        "grossProfit": 41828000,
        "grossProfitRatio": 0.0612902186,
        "researchAndDevelopmentExpenses": 0,
        "generalAndAdministrativeExpenses": 0,
        "sellingAndMarketingExpenses": 0,
        "sellingGeneralAndAdministrativeExpenses": 52089000,
        "otherExpenses": 4186000,
        "operatingExpenses": 56275000,
        "costAndExpenses": 696905000,
        "interestIncome": 0,
        "interestExpense": 30220000,
        "depreciationAndAmortization": 27982000,
        "ebitda": -72552000,
        "ebitdaratio": -0.1063098388,
        "operatingIncome": -14447000,
        "operatingIncomeRatio": -0.0211690683,
        "totalOtherIncomeExpensesNet": -116307000,
        "incomeBeforeTax": -130754000,
        "incomeBeforeTaxRatio": -0.1915927427,
        "incomeTaxExpense": 358000,
        "netIncome": -130367000,
        "netIncomeRatio": -0.1910256748,
        "eps": -7.57,
        "epsdiluted": -7.57,
        "weightedAverageShsOut": 17229423,
        "weightedAverageShsOutDil": 17229423,
        "link": "https://www.sec.gov/Archives/edgar/data/1320461/000132046123000079/0001320461-23-000079-index.htm",
        "finalLink": "https://www.sec.gov/Archives/edgar/data/1320461/000132046123000079/cps-20230331.htm"
    },
    {
        "date": "2022-12-31",
        "symbol": "CPS",
        "reportedCurrency": "USD",
        "cik": "0001320461",
        "fillingDate": "2023-02-17",
        "acceptedDate": "2023-02-17 16:03:39",
        "calendarYear": "2022",
        "period": "Q4",
        "revenue": 649337000,
        "costOfRevenue": 595023000,
        "grossProfit": 54314000,
        "grossProfitRatio": 0.0836453182,
        "researchAndDevelopmentExpenses": 0,
        "generalAndAdministrativeExpenses": 0,
        "sellingAndMarketingExpenses": 0,
        "sellingGeneralAndAdministrativeExpenses": 53104000,
        "otherExpenses": 1539000,
        "operatingExpenses": 54643000,
        "costAndExpenses": 649666000,
        "interestIncome": 0,
        "interestExpense": 21136000,
        "depreciationAndAmortization": 28303000,
        "ebitda": -23724000,
        "ebitdaratio": -0.036535728,
        "operatingIncome": -45810000,
        "operatingIncomeRatio": -0.0705488829,
        "totalOtherIncomeExpensesNet": -27353000,
        "incomeBeforeTax": -73163000,
        "incomeBeforeTaxRatio": -0.1126733884,
        "incomeTaxExpense": 15467000,
        "netIncome": -88091000,
        "netIncomeRatio": -0.1356629916,
        "eps": -5.12,
        "epsdiluted": -5.12,
        "weightedAverageShsOut": 17218921,
        "weightedAverageShsOutDil": 17218921,
        "link": "https://www.sec.gov/Archives/edgar/data/1320461/000132046123000047/0001320461-23-000047-index.htm",
        "finalLink": "https://www.sec.gov/Archives/edgar/data/1320461/000132046123000047/cps-20221231.htm"
    },
    {
        "date": "2022-09-30",
        "symbol": "CPS",
        "reportedCurrency": "USD",
        "cik": "0001320461",
        "fillingDate": "2022-11-02",
        "acceptedDate": "2022-11-02 16:08:26",
        "calendarYear": "2022",
        "period": "Q3",
        "revenue": 657153000,
        "costOfRevenue": 618594000,
        "grossProfit": 38559000,
        "grossProfitRatio": 0.0586758335,
        "researchAndDevelopmentExpenses": 0,
        "generalAndAdministrativeExpenses": 0,
        "sellingAndMarketingExpenses": 0,
        "sellingGeneralAndAdministrativeExpenses": 44847000,
        "otherExpenses": 1693000,
        "operatingExpenses": 46540000,
        "costAndExpenses": 665134000,
        "interestIncome": 0,
        "interestExpense": 20747000,
        "depreciationAndAmortization": 30628000,
        "ebitda": 17322000,
        "ebitdaratio": 0.0263591584,
        "operatingIncome": -10061000,
        "operatingIncomeRatio": -0.0153099811,
        "totalOtherIncomeExpensesNet": -23992000,
        "incomeBeforeTax": -34053000,
        "incomeBeforeTaxRatio": -0.0518189828,
        "incomeTaxExpense": -833000,
        "netIncome": -32686000,
        "netIncomeRatio": -0.0497387975,
        "eps": -1.9,
        "epsdiluted": -1.9,
        "weightedAverageShsOut": 17203157,
        "weightedAverageShsOutDil": 17218165,
        "link": "https://www.sec.gov/Archives/edgar/data/1320461/000132046122000117/0001320461-22-000117-index.htm",
        "finalLink": "https://www.sec.gov/Archives/edgar/data/1320461/000132046122000117/cps-20220930.htm"
    },
    {
        "date": "2022-06-30",
        "symbol": "CPS",
        "reportedCurrency": "USD",
        "cik": "0001320461",
        "fillingDate": "2022-08-05",
        "acceptedDate": "2022-08-05 16:07:39",
        "calendarYear": "2022",
        "period": "Q2",
        "revenue": 605917000,
        "costOfRevenue": 590541000,
        "grossProfit": 15376000,
        "grossProfitRatio": 0.0253764129,
        "researchAndDevelopmentExpenses": 0,
        "generalAndAdministrativeExpenses": 0,
        "sellingAndMarketingExpenses": 0,
        "sellingGeneralAndAdministrativeExpenses": 52282000,
        "otherExpenses": 1737000,
        "operatingExpenses": 54019000,
        "costAndExpenses": 644560000,
        "interestIncome": 0,
        "interestExpense": 18454000,
        "depreciationAndAmortization": 31412000,
        "ebitda": 17720000,
        "ebitdaratio": 0.0292449296,
        "operatingIncome": -8737000,
        "operatingIncomeRatio": -0.0144194667,
        "totalOtherIncomeExpensesNet": -23409000,
        "incomeBeforeTax": -32146000,
        "incomeBeforeTaxRatio": -0.053053471,
        "incomeTaxExpense": 2005000,
        "netIncome": -33247000,
        "netIncomeRatio": -0.0548705516,
        "eps": -1.93,
        "epsdiluted": -1.93,
        "weightedAverageShsOut": 17189128,
        "weightedAverageShsOutDil": 17189128,
        "link": "https://www.sec.gov/Archives/edgar/data/1320461/000132046122000109/0001320461-22-000109-index.htm",
        "finalLink": "https://www.sec.gov/Archives/edgar/data/1320461/000132046122000109/cps-20220630.htm"
    },
    {
        "date": "2022-03-31",
        "symbol": "CPS",
        "reportedCurrency": "USD",
        "cik": "0001320461",
        "fillingDate": "2022-05-06",
        "acceptedDate": "2022-05-06 16:10:07",
        "calendarYear": "2022",
        "period": "Q1",
        "revenue": 612984000,
        "costOfRevenue": 591442000,
        "grossProfit": 21542000,
        "grossProfitRatio": 0.0351428422,
        "researchAndDevelopmentExpenses": 0,
        "generalAndAdministrativeExpenses": 0,
        "sellingAndMarketingExpenses": 0,
        "sellingGeneralAndAdministrativeExpenses": 51904000,
        "otherExpenses": 1746000,
        "operatingExpenses": 53650000,
        "costAndExpenses": 645092000,
        "interestIncome": 0,
        "interestExpense": 18177000,
        "depreciationAndAmortization": 32133000,
        "ebitda": -10828000,
        "ebitdaratio": -0.0176644089,
        "operatingIncome": -40394000,
        "operatingIncomeRatio": -0.0658973154,
        "totalOtherIncomeExpensesNet": -20744000,
        "incomeBeforeTax": -61138000,
        "incomeBeforeTaxRatio": -0.0997383292,
        "incomeTaxExpense": 652000,
        "netIncome": -61360000,
        "netIncomeRatio": -0.100100492,
        "eps": -3.58,
        "epsdiluted": -3.58,
        "weightedAverageShsOut": 17136411,
        "weightedAverageShsOutDil": 17136411,
        "link": "https://www.sec.gov/Archives/edgar/data/1320461/000132046122000060/0001320461-22-000060-index.htm",
        "finalLink": "https://www.sec.gov/Archives/edgar/data/1320461/000132046122000060/cps-20220331.htm"
    },
    {
        "date": "2021-12-31",
        "symbol": "CPS",
        "reportedCurrency": "USD",
        "cik": "0001320461",
        "fillingDate": "2022-02-18",
        "acceptedDate": "2022-02-18 16:04:15",
        "calendarYear": "2021",
        "period": "Q4",
        "revenue": 601349000,
        "costOfRevenue": 573353000,
        "grossProfit": 27996000,
        "grossProfitRatio": 0.0465553281,
        "researchAndDevelopmentExpenses": 0,
        "generalAndAdministrativeExpenses": 0,
        "sellingAndMarketingExpenses": 0,
        "sellingGeneralAndAdministrativeExpenses": 59883000,
        "otherExpenses": 1823000,
        "operatingExpenses": 61706000,
        "costAndExpenses": 635059000,
        "interestIncome": 0,
        "interestExpense": 18359000,
        "depreciationAndAmortization": 33987000,
        "ebitda": -28598000,
        "ebitdaratio": -0.0475564107,
        "operatingIncome": -58892000,
        "operatingIncomeRatio": -0.097933147,
        "totalOtherIncomeExpensesNet": -22052000,
        "incomeBeforeTax": -80944000,
        "incomeBeforeTaxRatio": -0.1346040319,
        "incomeTaxExpense": 23794000,
        "netIncome": -102187000,
        "netIncomeRatio": -0.1699296083,
        "eps": -5.98,
        "epsdiluted": -5.98,
        "weightedAverageShsOut": 17099143,
        "weightedAverageShsOutDil": 17099143,
        "link": "https://www.sec.gov/Archives/edgar/data/1320461/000132046122000038/0001320461-22-000038-index.htm",
        "finalLink": "https://www.sec.gov/Archives/edgar/data/1320461/000132046122000038/cps-20211231.htm"
    },
    {
        "date": "2021-09-30",
        "symbol": "CPS",
        "reportedCurrency": "USD",
        "cik": "0001320461",
        "fillingDate": "2021-11-04",
        "acceptedDate": "2021-11-04 16:08:28",
        "calendarYear": "2021",
        "period": "Q3",
        "revenue": 526690000,
        "costOfRevenue": 534817000,
        "grossProfit": -8127000,
        "grossProfitRatio": -0.015430329,
        "researchAndDevelopmentExpenses": 0,
        "generalAndAdministrativeExpenses": 0,
        "sellingAndMarketingExpenses": 0,
        "sellingGeneralAndAdministrativeExpenses": 60367000,
        "otherExpenses": 1819000,
        "operatingExpenses": 62186000,
        "costAndExpenses": 597003000,
        "interestIncome": 0,
        "interestExpense": 18243000,
        "depreciationAndAmortization": 36049000,
        "ebitda": -38451000,
        "ebitdaratio": -0.0730049934,
        "operatingIncome": -72892000,
        "operatingIncomeRatio": -0.1383964002,
        "totalOtherIncomeExpensesNet": -19851000,
        "incomeBeforeTax": -92743000,
        "incomeBeforeTaxRatio": -0.1760865025,
        "incomeTaxExpense": 32121000,
        "netIncome": -123173000,
        "netIncomeRatio": -0.2338624238,
        "eps": -7.2,
        "epsdiluted": -7.2,
        "weightedAverageShsOut": 17097766,
        "weightedAverageShsOutDil": 17097766,
        "link": "https://www.sec.gov/Archives/edgar/data/1320461/000132046121000128/0001320461-21-000128-index.htm",
        "finalLink": "https://www.sec.gov/Archives/edgar/data/1320461/000132046121000128/cps-20210930.htm"
    },
    {
        "date": "2021-06-30",
        "symbol": "CPS",
        "reportedCurrency": "USD",
        "cik": "0001320461",
        "fillingDate": "2021-08-05",
        "acceptedDate": "2021-08-05 16:05:45",
        "calendarYear": "2021",
        "period": "Q2",
        "revenue": 533185000,
        "costOfRevenue": 534118000,
        "grossProfit": -933000,
        "grossProfitRatio": -0.0017498617,
        "researchAndDevelopmentExpenses": 0,
        "generalAndAdministrativeExpenses": 0,
        "sellingAndMarketingExpenses": 0,
        "sellingGeneralAndAdministrativeExpenses": 50085000,
        "otherExpenses": 1933000,
        "operatingExpenses": 52018000,
        "costAndExpenses": 586136000,
        "interestIncome": 0,
        "interestExpense": 18125000,
        "depreciationAndAmortization": 35444000,
        "ebitda": -28419000,
        "ebitdaratio": -0.0533004492,
        "operatingIncome": -65618000,
        "operatingIncomeRatio": -0.1230679783,
        "totalOtherIncomeExpensesNet": -16370000,
        "incomeBeforeTax": -81988000,
        "incomeBeforeTaxRatio": -0.1537702674,
        "incomeTaxExpense": -17459000,
        "netIncome": -63611000,
        "netIncomeRatio": -0.1193038064,
        "eps": -3.73,
        "epsdiluted": -3.73,
        "weightedAverageShsOut": 17031113,
        "weightedAverageShsOutDil": 17031113,
        "link": "https://www.sec.gov/Archives/edgar/data/1320461/000132046121000107/0001320461-21-000107-index.htm",
        "finalLink": "https://www.sec.gov/Archives/edgar/data/1320461/000132046121000107/cps-20210630.htm"
    },
    {
        "date": "2021-03-31",
        "symbol": "CPS",
        "reportedCurrency": "USD",
        "cik": "0001320461",
        "fillingDate": "2021-05-07",
        "acceptedDate": "2021-05-07 16:03:42",
        "calendarYear": "2021",
        "period": "Q1",
        "revenue": 668967000,
        "costOfRevenue": 600675000,
        "grossProfit": 68292000,
        "grossProfitRatio": 0.1020857531,
        "researchAndDevelopmentExpenses": 0,
        "generalAndAdministrativeExpenses": 58054000,
        "sellingAndMarketingExpenses": 0,
        "sellingGeneralAndAdministrativeExpenses": 58054000,
        "otherExpenses": 1772000,
        "operatingExpenses": 59826000,
        "costAndExpenses": 660501000,
        "interestIncome": 0,
        "interestExpense": 17784000,
        "depreciationAndAmortization": 33528000,
        "ebitda": 17535000,
        "ebitdaratio": 0.0262120553,
        "operatingIncome": -11690000,
        "operatingIncomeRatio": -0.0174747035,
        "totalOtherIncomeExpensesNet": -22087000,
        "incomeBeforeTax": -33777000,
        "incomeBeforeTaxRatio": -0.0504912798,
        "incomeTaxExpense": 936000,
        "netIncome": -33864000,
        "netIncomeRatio": -0.0506213311,
        "eps": -2,
        "epsdiluted": -2,
        "weightedAverageShsOut": 16932000,
        "weightedAverageShsOutDil": 16951190,
        "link": "https://www.sec.gov/Archives/edgar/data/1320461/000132046121000066/0001320461-21-000066-index.htm",
        "finalLink": "https://www.sec.gov/Archives/edgar/data/1320461/000132046121000066/cps-20210331.htm"
    },
    {
        "date": "2020-12-31",
        "symbol": "CPS",
        "reportedCurrency": "USD",
        "cik": "0001320461",
        "fillingDate": "2021-02-22",
        "acceptedDate": "2021-02-22 17:24:45",
        "calendarYear": "2020",
        "period": "Q4",
        "revenue": 696882000,
        "costOfRevenue": 616593000,
        "grossProfit": 80289000,
        "grossProfitRatio": 0.1152117575,
        "researchAndDevelopmentExpenses": 0,
        "generalAndAdministrativeExpenses": 64794000,
        "sellingAndMarketingExpenses": 0,
        "sellingGeneralAndAdministrativeExpenses": 64794000,
        "otherExpenses": 1979000,
        "operatingExpenses": 66773000,
        "costAndExpenses": 683366000,
        "interestIncome": 0,
        "interestExpense": 18174000,
        "depreciationAndAmortization": 37502000,
        "ebitda": 22654000,
        "ebitdaratio": 0.0325076555,
        "operatingIncome": -18679000,
        "operatingIncomeRatio": -0.0268036769,
        "totalOtherIncomeExpensesNet": -14343000,
        "incomeBeforeTax": -33022000,
        "incomeBeforeTaxRatio": -0.0473853536,
        "incomeTaxExpense": -5362000,
        "netIncome": -27179000,
        "netIncomeRatio": -0.0390008638,
        "eps": -1.61,
        "epsdiluted": -1.61,
        "weightedAverageShsOut": 16928472,
        "weightedAverageShsOutDil": 16928472,
        "link": "https://www.sec.gov/Archives/edgar/data/1320461/000132046121000045/0001320461-21-000045-index.htm",
        "finalLink": "https://www.sec.gov/Archives/edgar/data/1320461/000132046121000045/cps-20201231.htm"
    },
    {
        "date": "2020-09-30",
        "symbol": "CPS",
        "reportedCurrency": "USD",
        "cik": "0001320461",
        "fillingDate": "2020-11-06",
        "acceptedDate": "2020-11-06 17:10:45",
        "calendarYear": "2020",
        "period": "Q3",
        "revenue": 683200000,
        "costOfRevenue": 598714000,
        "grossProfit": 84486000,
        "grossProfitRatio": 0.123662178,
        "researchAndDevelopmentExpenses": 0,
        "generalAndAdministrativeExpenses": 60059000,
        "sellingAndMarketingExpenses": 0,
        "sellingGeneralAndAdministrativeExpenses": 60059000,
        "otherExpenses": 1669000,
        "operatingExpenses": 61728000,
        "costAndExpenses": 660442000,
        "interestIncome": 0,
        "interestExpense": 17985000,
        "depreciationAndAmortization": 36504000,
        "ebitda": 58812000,
        "ebitdaratio": 0.0860831382,
        "operatingIncome": 18786000,
        "operatingIncomeRatio": 0.0274970726,
        "totalOtherIncomeExpensesNet": -14463000,
        "incomeBeforeTax": 4323000,
        "incomeBeforeTaxRatio": 0.0063275761,
        "incomeTaxExpense": -2386000,
        "netIncome": 4381000,
        "netIncomeRatio": 0.0064124707,
        "eps": 0.26,
        "epsdiluted": 0.26,
        "weightedAverageShsOut": 16927924,
        "weightedAverageShsOutDil": 17014955,
        "link": "https://www.sec.gov/Archives/edgar/data/1320461/000132046120000068/0001320461-20-000068-index.htm",
        "finalLink": "https://www.sec.gov/Archives/edgar/data/1320461/000132046120000068/cps-20200930.htm"
    },
    {
        "date": "2020-06-30",
        "symbol": "CPS",
        "reportedCurrency": "USD",
        "cik": "0001320461",
        "fillingDate": "2020-08-05",
        "acceptedDate": "2020-08-05 16:10:37",
        "calendarYear": "2020",
        "period": "Q2",
        "revenue": 340467000,
        "costOfRevenue": 400838000,
        "grossProfit": -60371000,
        "grossProfitRatio": -0.1773182129,
        "researchAndDevelopmentExpenses": 0,
        "generalAndAdministrativeExpenses": 68271000,
        "sellingAndMarketingExpenses": 0,
        "sellingGeneralAndAdministrativeExpenses": 68271000,
        "otherExpenses": 3513000,
        "operatingExpenses": 71784000,
        "costAndExpenses": 472622000,
        "interestIncome": 0,
        "interestExpense": 12771000,
        "depreciationAndAmortization": 42460000,
        "ebitda": -119735000,
        "ebitdaratio": -0.3516787236,
        "operatingIncome": -154483000,
        "operatingIncomeRatio": -0.4537385415,
        "totalOtherIncomeExpensesNet": -20483000,
        "incomeBeforeTax": -174966000,
        "incomeBeforeTaxRatio": -0.5139000256,
        "incomeTaxExpense": -38982000,
        "netIncome": -134219000,
        "netIncomeRatio": -0.3942202915,
        "eps": -7.93,
        "epsdiluted": -7.93,
        "weightedAverageShsOut": 16914971,
        "weightedAverageShsOutDil": 16914971,
        "link": "https://www.sec.gov/Archives/edgar/data/1320461/000132046120000060/0001320461-20-000060-index.htm",
        "finalLink": "https://www.sec.gov/Archives/edgar/data/1320461/000132046120000060/cps-20200630.htm"
    },
    {
        "date": "2020-03-31",
        "symbol": "CPS",
        "reportedCurrency": "USD",
        "cik": "0001320461",
        "fillingDate": "2020-05-11",
        "acceptedDate": "2020-05-11 17:04:29",
        "calendarYear": "2020",
        "period": "Q1",
        "revenue": 654890000,
        "costOfRevenue": 611747000,
        "grossProfit": 43143000,
        "grossProfitRatio": 0.0658782391,
        "researchAndDevelopmentExpenses": 0,
        "generalAndAdministrativeExpenses": 70671000,
        "sellingAndMarketingExpenses": 0,
        "sellingGeneralAndAdministrativeExpenses": 70671000,
        "otherExpenses": 4450000,
        "operatingExpenses": 75121000,
        "costAndExpenses": 686868000,
        "interestIncome": 0,
        "interestExpense": 10237000,
        "depreciationAndAmortization": 37763000,
        "ebitda": -78556000,
        "ebitdaratio": -0.1199529692,
        "operatingIncome": -114310000,
        "operatingIncomeRatio": -0.1745483974,
        "totalOtherIncomeExpensesNet": -12246000,
        "incomeBeforeTax": -126556000,
        "incomeBeforeTaxRatio": -0.193247721,
        "incomeTaxExpense": -14117000,
        "netIncome": -110588000,
        "netIncomeRatio": -0.1688650002,
        "eps": -6.55,
        "epsdiluted": -6.55,
        "weightedAverageShsOut": 16883666,
        "weightedAverageShsOutDil": 16883717,
        "link": "https://www.sec.gov/Archives/edgar/data/1320461/000132046120000025/0001320461-20-000025-index.htm",
        "finalLink": "https://www.sec.gov/Archives/edgar/data/1320461/000132046120000025/cps-q12020x10q.htm"
    },
    {
        "date": "2019-12-31",
        "symbol": "CPS",
        "reportedCurrency": "USD",
        "cik": "0001320461",
        "fillingDate": "2020-02-26",
        "acceptedDate": "2020-02-26 17:16:29",
        "calendarYear": "2019",
        "period": "Q4",
        "revenue": 734535000,
        "costOfRevenue": 660647000,
        "grossProfit": 73888000,
        "grossProfitRatio": 0.1005915307,
        "researchAndDevelopmentExpenses": 0,
        "generalAndAdministrativeExpenses": 94151000,
        "sellingAndMarketingExpenses": 0,
        "sellingGeneralAndAdministrativeExpenses": 94151000,
        "otherExpenses": 4793000,
        "operatingExpenses": 98944000,
        "costAndExpenses": 759591000,
        "interestIncome": 0,
        "interestExpense": 10255000,
        "depreciationAndAmortization": 39985000,
        "ebitda": -22990000,
        "ebitdaratio": -0.0312987128,
        "operatingIncome": -46727000,
        "operatingIncomeRatio": -0.0636143955,
        "totalOtherIncomeExpensesNet": -26503000,
        "incomeBeforeTax": -73230000,
        "incomeBeforeTaxRatio": -0.0996957259,
        "incomeTaxExpense": -9907000,
        "netIncome": -60454000,
        "netIncomeRatio": -0.082302409,
        "eps": -4,
        "epsdiluted": -4,
        "weightedAverageShsOut": 16826233,
        "weightedAverageShsOutDil": 16859946,
        "link": "https://www.sec.gov/Archives/edgar/data/1320461/000132046120000009/0001320461-20-000009-index.htm",
        "finalLink": "https://www.sec.gov/Archives/edgar/data/1320461/000132046120000009/a201910-k.htm"
    },
    {
        "date": "2019-09-30",
        "symbol": "CPS",
        "reportedCurrency": "USD",
        "cik": "0001320461",
        "fillingDate": "2019-11-07",
        "acceptedDate": "2019-11-07 16:40:31",
        "calendarYear": "2019",
        "period": "Q3",
        "revenue": 739518000,
        "costOfRevenue": 659313000,
        "grossProfit": 80205000,
        "grossProfitRatio": 0.108455778,
        "researchAndDevelopmentExpenses": 0,
        "generalAndAdministrativeExpenses": 63020000,
        "sellingAndMarketingExpenses": 0,
        "sellingGeneralAndAdministrativeExpenses": 63020000,
        "otherExpenses": 4250000,
        "operatingExpenses": 67270000,
        "costAndExpenses": 726583000,
        "interestIncome": 0,
        "interestExpense": 10351000,
        "depreciationAndAmortization": 37495000,
        "ebitda": 42171000,
        "ebitdaratio": 0.0570249811,
        "operatingIncome": 3675000,
        "operatingIncomeRatio": 0.0049694531,
        "totalOtherIncomeExpensesNet": -9350000,
        "incomeBeforeTax": -5675000,
        "incomeBeforeTaxRatio": -0.0076739173,
        "incomeTaxExpense": 745000,
        "netIncome": -4877000,
        "netIncomeRatio": -0.0065948361,
        "eps": -0.82,
        "epsdiluted": -0.82,
        "weightedAverageShsOut": 16817299,
        "weightedAverageShsOutDil": 16880736,
        "link": "https://www.sec.gov/Archives/edgar/data/1320461/000132046119000053/0001320461-19-000053-index.htm",
        "finalLink": "https://www.sec.gov/Archives/edgar/data/1320461/000132046119000053/cps-q32019x10q.htm"
    },
    {
        "date": "2019-06-30",
        "symbol": "CPS",
        "reportedCurrency": "USD",
        "cik": "0001320461",
        "fillingDate": "2019-08-02",
        "acceptedDate": "2019-08-02 16:05:19",
        "calendarYear": "2019",
        "period": "Q2",
        "revenue": 764698000,
        "costOfRevenue": 666828000,
        "grossProfit": 97870000,
        "grossProfitRatio": 0.1279851654,
        "researchAndDevelopmentExpenses": 0,
        "generalAndAdministrativeExpenses": 74170000,
        "sellingAndMarketingExpenses": 0,
        "sellingGeneralAndAdministrativeExpenses": 74170000,
        "otherExpenses": 5148000,
        "operatingExpenses": 79318000,
        "costAndExpenses": 746146000,
        "interestIncome": 0,
        "interestExpense": 11575000,
        "depreciationAndAmortization": 37868000,
        "ebitda": 238325000,
        "ebitdaratio": 0.3116589817,
        "operatingIncome": 200347000,
        "operatingIncomeRatio": 0.2619949313,
        "totalOtherIncomeExpensesNet": -11465000,
        "incomeBeforeTax": 188882000,
        "incomeBeforeTaxRatio": 0.2470020845,
        "incomeTaxExpense": 44222000,
        "netIncome": 145205000,
        "netIncomeRatio": 0.1898854188,
        "eps": 8.39,
        "epsdiluted": 8.36,
        "weightedAverageShsOut": 17312359,
        "weightedAverageShsOutDil": 17376458,
        "link": "https://www.sec.gov/Archives/edgar/data/1320461/000132046119000041/0001320461-19-000041-index.htm",
        "finalLink": "https://www.sec.gov/Archives/edgar/data/1320461/000132046119000041/cps-q22019x10q.htm"
    },
    {
        "date": "2019-03-31",
        "symbol": "CPS",
        "reportedCurrency": "USD",
        "cik": "0001320461",
        "fillingDate": "2019-05-02",
        "acceptedDate": "2019-05-02 17:09:24",
        "calendarYear": "2019",
        "period": "Q1",
        "revenue": 877995000,
        "costOfRevenue": 762490000,
        "grossProfit": 115505000,
        "grossProfitRatio": 0.1315554189,
        "researchAndDevelopmentExpenses": 0,
        "generalAndAdministrativeExpenses": 86974000,
        "sellingAndMarketingExpenses": 0,
        "sellingGeneralAndAdministrativeExpenses": 86974000,
        "otherExpenses": 3775000,
        "operatingExpenses": 90749000,
        "costAndExpenses": 853239000,
        "interestIncome": 0,
        "interestExpense": 11932000,
        "depreciationAndAmortization": 36605000,
        "ebitda": 45208000,
        "ebitdaratio": 0.0514900427,
        "operatingIncome": 7041000,
        "operatingIncomeRatio": 0.0080194079,
        "totalOtherIncomeExpensesNet": -10370000,
        "incomeBeforeTax": -3329000,
        "incomeBeforeTaxRatio": -0.0037915933,
        "incomeTaxExpense": 2034000,
        "netIncome": -5415000,
        "netIncomeRatio": -0.0061674611,
        "eps": -0.2,
        "epsdiluted": -0.2,
        "weightedAverageShsOut": 17467798,
        "weightedAverageShsOutDil": 17535195,
        "link": "https://www.sec.gov/Archives/edgar/data/1320461/000132046119000027/0001320461-19-000027-index.htm",
        "finalLink": "https://www.sec.gov/Archives/edgar/data/1320461/000132046119000027/cps-q12019x10q.htm"
    },
    {
        "date": "2018-12-31",
        "symbol": "CPS",
        "reportedCurrency": "USD",
        "cik": "0001320461",
        "fillingDate": "2019-02-25",
        "acceptedDate": "2019-02-25 17:02:25",
        "calendarYear": "2018",
        "period": "Q4",
        "revenue": 871987000,
        "costOfRevenue": 760331000,
        "grossProfit": 111656000,
        "grossProfitRatio": 0.1280477805,
        "researchAndDevelopmentExpenses": 0,
        "generalAndAdministrativeExpenses": 75892000,
        "sellingAndMarketingExpenses": 0,
        "sellingGeneralAndAdministrativeExpenses": 75892000,
        "otherExpenses": 4248000,
        "operatingExpenses": 80140000,
        "costAndExpenses": 840471000,
        "interestIncome": 0,
        "interestExpense": 11248000,
        "depreciationAndAmortization": 37427000,
        "ebitda": -29532000,
        "ebitdaratio": -0.0338674774,
        "operatingIncome": -67689000,
        "operatingIncomeRatio": -0.0776261573,
        "totalOtherIncomeExpensesNet": -10518000,
        "incomeBeforeTax": -78207000,
        "incomeBeforeTaxRatio": -0.0896882637,
        "incomeTaxExpense": -49514000,
        "netIncome": -23059000,
        "netIncomeRatio": -0.0264442016,
        "eps": -1.3,
        "epsdiluted": -1.3,
        "weightedAverageShsOut": 17710260,
        "weightedAverageShsOutDil": 17761701,
        "link": "https://www.sec.gov/Archives/edgar/data/1320461/000132046119000009/0001320461-19-000009-index.htm",
        "finalLink": "https://www.sec.gov/Archives/edgar/data/1320461/000132046119000009/a201810-k.htm"
    },
    {
        "date": "2018-09-30",
        "symbol": "CPS",
        "reportedCurrency": "USD",
        "cik": "0001320461",
        "fillingDate": "2018-11-02",
        "acceptedDate": "2018-11-02 16:10:41",
        "calendarYear": "2018",
        "period": "Q3",
        "revenue": 861653000,
        "costOfRevenue": 741998000,
        "grossProfit": 119655000,
        "grossProfitRatio": 0.138866806,
        "researchAndDevelopmentExpenses": 0,
        "generalAndAdministrativeExpenses": 82134000,
        "sellingAndMarketingExpenses": 0,
        "sellingGeneralAndAdministrativeExpenses": 82134000,
        "otherExpenses": 3791000,
        "operatingExpenses": 85925000,
        "costAndExpenses": 827923000,
        "interestIncome": 0,
        "interestExpense": 9983000,
        "depreciationAndAmortization": 36099000,
        "ebitda": 77556000,
        "ebitdaratio": 0.0900083908,
        "operatingIncome": 41741000,
        "operatingIncomeRatio": 0.0484429347,
        "totalOtherIncomeExpensesNet": -10267000,
        "incomeBeforeTax": 31474000,
        "incomeBeforeTaxRatio": 0.0365274652,
        "incomeTaxExpense": -1190000,
        "netIncome": 32156000,
        "netIncomeRatio": 0.0373189671,
        "eps": 1.8,
        "epsdiluted": 1.77,
        "weightedAverageShsOut": 17828358,
        "weightedAverageShsOutDil": 18209168,
        "link": "https://www.sec.gov/Archives/edgar/data/1320461/000132046118000038/0001320461-18-000038-index.htm",
        "finalLink": "https://www.sec.gov/Archives/edgar/data/1320461/000132046118000038/cps-q32018x10q.htm"
    },
    {
        "date": "2018-06-30",
        "symbol": "CPS",
        "reportedCurrency": "USD",
        "cik": "0001320461",
        "fillingDate": "2018-08-01",
        "acceptedDate": "2018-08-01 16:24:43",
        "calendarYear": "2018",
        "period": "Q2",
        "revenue": 928262000,
        "costOfRevenue": 776897000,
        "grossProfit": 151365000,
        "grossProfitRatio": 0.1630627991,
        "researchAndDevelopmentExpenses": 0,
        "generalAndAdministrativeExpenses": 76339000,
        "sellingAndMarketingExpenses": 0,
        "sellingGeneralAndAdministrativeExpenses": 76339000,
        "otherExpenses": 3399000,
        "operatingExpenses": 79738000,
        "costAndExpenses": 856635000,
        "interestIncome": 0,
        "interestExpense": 9973000,
        "depreciationAndAmortization": 36913000,
        "ebitda": 99218000,
        "ebitdaratio": 0.1068857715,
        "operatingIncome": 61614000,
        "operatingIncomeRatio": 0.0663756569,
        "totalOtherIncomeExpensesNet": -9282000,
        "incomeBeforeTax": 52332000,
        "incomeBeforeTaxRatio": 0.0563763248,
        "incomeTaxExpense": 9130000,
        "netIncome": 41877000,
        "netIncomeRatio": 0.0451133408,
        "eps": 2.33,
        "epsdiluted": 2.28,
        "weightedAverageShsOut": 18000579,
        "weightedAverageShsOutDil": 18371775,
        "link": "https://www.sec.gov/Archives/edgar/data/1320461/000132046118000032/0001320461-18-000032-index.htm",
        "finalLink": "https://www.sec.gov/Archives/edgar/data/1320461/000132046118000032/cps-q22018x10q.htm"
    },
    {
        "date": "2018-03-31",
        "symbol": "CPS",
        "reportedCurrency": "USD",
        "cik": "0001320461",
        "fillingDate": "2018-05-02",
        "acceptedDate": "2018-05-02 16:14:09",
        "calendarYear": "2018",
        "period": "Q1",
        "revenue": 967391000,
        "costOfRevenue": 796511000,
        "grossProfit": 170880000,
        "grossProfitRatio": 0.1766400556,
        "researchAndDevelopmentExpenses": 0,
        "generalAndAdministrativeExpenses": 80440000,
        "sellingAndMarketingExpenses": 0,
        "sellingGeneralAndAdministrativeExpenses": 80440000,
        "otherExpenses": 3406000,
        "operatingExpenses": 83846000,
        "costAndExpenses": 880357000,
        "interestIncome": 0,
        "interestExpense": 9800000,
        "depreciationAndAmortization": 36259000,
        "ebitda": 115366000,
        "ebitdaratio": 0.1192547791,
        "operatingIncome": 79909000,
        "operatingIncomeRatio": 0.0826025878,
        "totalOtherIncomeExpensesNet": -10602000,
        "incomeBeforeTax": 69307000,
        "incomeBeforeTaxRatio": 0.0716432136,
        "incomeTaxExpense": 11891000,
        "netIncome": 56792000,
        "netIncomeRatio": 0.0587063555,
        "eps": 3.16,
        "epsdiluted": 3.07,
        "weightedAverageShsOut": 17991488,
        "weightedAverageShsOutDil": 18511113,
        "link": "https://www.sec.gov/Archives/edgar/data/1320461/000132046118000019/0001320461-18-000019-index.htm",
        "finalLink": "https://www.sec.gov/Archives/edgar/data/1320461/000132046118000019/cps-q12018x10q.htm"
    },
    {
        "date": "2017-12-31",
        "symbol": "CPS",
        "reportedCurrency": "USD",
        "cik": "0001320461",
        "fillingDate": "2018-02-21",
        "acceptedDate": "2018-02-21 09:39:57",
        "calendarYear": "2017",
        "period": "Q4",
        "revenue": 937914000,
        "costOfRevenue": 759770000,
        "grossProfit": 178144000,
        "grossProfitRatio": 0.1899363908,
        "researchAndDevelopmentExpenses": 0,
        "generalAndAdministrativeExpenses": 81613000,
        "sellingAndMarketingExpenses": 0,
        "sellingGeneralAndAdministrativeExpenses": 81613000,
        "otherExpenses": 3493000,
        "operatingExpenses": 85106000,
        "costAndExpenses": 844876000,
        "interestIncome": 0,
        "interestExpense": 10324000,
        "depreciationAndAmortization": 38675000,
        "ebitda": 112229000,
        "ebitdaratio": 0.1196580923,
        "operatingIncome": 75628000,
        "operatingIncomeRatio": 0.0806342586,
        "totalOtherIncomeExpensesNet": -12398000,
        "incomeBeforeTax": 63230000,
        "incomeBeforeTaxRatio": 0.0674155626,
        "incomeTaxExpense": 34269000,
        "netIncome": 28501000,
        "netIncomeRatio": 0.0303876475,
        "eps": 1.6,
        "epsdiluted": 1.53,
        "weightedAverageShsOut": 17815292,
        "weightedAverageShsOutDil": 18591378,
        "link": "https://www.sec.gov/Archives/edgar/data/1320461/000132046118000006/0001320461-18-000006-index.htm",
        "finalLink": "https://www.sec.gov/Archives/edgar/data/1320461/000132046118000006/a201710-ka.htm"
    },
    {
        "date": "2017-09-30",
        "symbol": "CPS",
        "reportedCurrency": "USD",
        "cik": "0001320461",
        "fillingDate": "2017-11-01",
        "acceptedDate": "2017-11-01 16:13:43",
        "calendarYear": "2017",
        "period": "Q3",
        "revenue": 869016000,
        "costOfRevenue": 718207000,
        "grossProfit": 150809000,
        "grossProfitRatio": 0.1735399578,
        "researchAndDevelopmentExpenses": 0,
        "generalAndAdministrativeExpenses": 87791000,
        "sellingAndMarketingExpenses": 0,
        "sellingGeneralAndAdministrativeExpenses": 87791000,
        "otherExpenses": 3432000,
        "operatingExpenses": 91223000,
        "costAndExpenses": 809430000,
        "interestIncome": 0,
        "interestExpense": 10256000,
        "depreciationAndAmortization": 34368000,
        "ebitda": 77920000,
        "ebitdaratio": 0.0896646322,
        "operatingIncome": 49677000,
        "operatingIncomeRatio": 0.0571646552,
        "totalOtherIncomeExpensesNet": -16381000,
        "incomeBeforeTax": 33296000,
        "incomeBeforeTaxRatio": 0.0383145995,
        "incomeTaxExpense": 7838000,
        "netIncome": 24640000,
        "netIncomeRatio": 0.0283539083,
        "eps": 1.39,
        "epsdiluted": 1.32,
        "weightedAverageShsOut": 17703660,
        "weightedAverageShsOutDil": 18680518,
        "link": "https://www.sec.gov/Archives/edgar/data/1320461/000132046117000048/0001320461-17-000048-index.htm",
        "finalLink": "https://www.sec.gov/Archives/edgar/data/1320461/000132046117000048/cps-q32017x10q.htm"
    },
    {
        "date": "2017-06-30",
        "symbol": "CPS",
        "reportedCurrency": "USD",
        "cik": "0001320461",
        "fillingDate": "2017-08-04",
        "acceptedDate": "2017-08-04 15:41:36",
        "calendarYear": "2017",
        "period": "Q2",
        "revenue": 909145000,
        "costOfRevenue": 736957000,
        "grossProfit": 172188000,
        "grossProfitRatio": 0.189395531,
        "researchAndDevelopmentExpenses": 0,
        "generalAndAdministrativeExpenses": 85515000,
        "sellingAndMarketingExpenses": 0,
        "sellingGeneralAndAdministrativeExpenses": 85515000,
        "otherExpenses": 3536000,
        "operatingExpenses": 89051000,
        "costAndExpenses": 826008000,
        "interestIncome": 0,
        "interestExpense": 10293000,
        "depreciationAndAmortization": 33188000,
        "ebitda": 105661000,
        "ebitdaratio": 0.1162201849,
        "operatingIncome": 74814000,
        "operatingIncomeRatio": 0.0822905037,
        "totalOtherIncomeExpensesNet": -12634000,
        "incomeBeforeTax": 62180000,
        "incomeBeforeTaxRatio": 0.0683939306,
        "incomeTaxExpense": 20530000,
        "netIncome": 40456000,
        "netIncomeRatio": 0.0444989523,
        "eps": 2.26,
        "epsdiluted": 2.14,
        "weightedAverageShsOut": 17863203,
        "weightedAverageShsOutDil": 18865967,
        "link": "https://www.sec.gov/Archives/edgar/data/1320461/000132046117000044/0001320461-17-000044-index.htm",
        "finalLink": "https://www.sec.gov/Archives/edgar/data/1320461/000132046117000044/cps-q22017x10q.htm"
    },
    {
        "date": "2017-03-31",
        "symbol": "CPS",
        "reportedCurrency": "USD",
        "cik": "0001320461",
        "fillingDate": "2017-05-03",
        "acceptedDate": "2017-05-03 14:23:05",
        "calendarYear": "2017",
        "period": "Q1",
        "revenue": 902051000,
        "costOfRevenue": 732049000,
        "grossProfit": 170002000,
        "grossProfitRatio": 0.188461628,
        "researchAndDevelopmentExpenses": 0,
        "generalAndAdministrativeExpenses": 87054000,
        "sellingAndMarketingExpenses": 0,
        "sellingGeneralAndAdministrativeExpenses": 87054000,
        "otherExpenses": 3595000,
        "operatingExpenses": 90649000,
        "costAndExpenses": 822698000,
        "interestIncome": 0,
        "interestExpense": 11239000,
        "depreciationAndAmortization": 31857000,
        "ebitda": 97490000,
        "ebitdaratio": 0.1080759292,
        "operatingIncome": 65095000,
        "operatingIncomeRatio": 0.0721633256,
        "totalOtherIncomeExpensesNet": -10701000,
        "incomeBeforeTax": 54394000,
        "incomeBeforeTaxRatio": 0.06030036,
        "incomeTaxExpense": 11890000,
        "netIncome": 41706000,
        "netIncomeRatio": 0.0462346364,
        "eps": 2.35,
        "epsdiluted": 2.2,
        "weightedAverageShsOut": 17742994,
        "weightedAverageShsOutDil": 18972550,
        "link": "https://www.sec.gov/Archives/edgar/data/1320461/000132046117000027/0001320461-17-000027-index.htm",
        "finalLink": "https://www.sec.gov/Archives/edgar/data/1320461/000132046117000027/cps-q12017x10q.htm"
    },
    {
        "date": "2016-12-31",
        "symbol": "CPS",
        "reportedCurrency": "USD",
        "cik": "0001320461",
        "fillingDate": "2017-02-17",
        "acceptedDate": "2017-02-17 15:31:02",
        "calendarYear": "2016",
        "period": "Q4",
        "revenue": 875434000,
        "costOfRevenue": 707049000,
        "grossProfit": 168385000,
        "grossProfitRatio": 0.1923445971,
        "researchAndDevelopmentExpenses": 0,
        "generalAndAdministrativeExpenses": 91284000,
        "sellingAndMarketingExpenses": 0,
        "sellingGeneralAndAdministrativeExpenses": 91284000,
        "otherExpenses": 3592000,
        "operatingExpenses": 94876000,
        "costAndExpenses": 801925000,
        "interestIncome": 0,
        "interestExpense": 11528000,
        "depreciationAndAmortization": 30961000,
        "ebitda": 85514000,
        "ebitdaratio": 0.0976818355,
        "operatingIncome": 59673000,
        "operatingIncomeRatio": 0.068163905,
        "totalOtherIncomeExpensesNet": -16648000,
        "incomeBeforeTax": 43025000,
        "incomeBeforeTaxRatio": 0.0491470516,
        "incomeTaxExpense": 11009000,
        "netIncome": 31114000,
        "netIncomeRatio": 0.0355412287,
        "eps": 1.76,
        "epsdiluted": 1.65,
        "weightedAverageShsOut": 17671669,
        "weightedAverageShsOutDil": 18809223,
        "link": "https://www.sec.gov/Archives/edgar/data/1320461/000132046117000014/0001320461-17-000014-index.htm",
        "finalLink": "https://www.sec.gov/Archives/edgar/data/1320461/000132046117000014/a1231201610-k.htm"
    },
    {
        "date": "2016-09-30",
        "symbol": "CPS",
        "reportedCurrency": "USD",
        "cik": "0001320461",
        "fillingDate": "2016-11-02",
        "acceptedDate": "2016-11-02 15:42:28",
        "calendarYear": "2016",
        "period": "Q3",
        "revenue": 855656000,
        "costOfRevenue": 690984000,
        "grossProfit": 164672000,
        "grossProfitRatio": 0.192451172,
        "researchAndDevelopmentExpenses": 0,
        "generalAndAdministrativeExpenses": 92368000,
        "sellingAndMarketingExpenses": 0,
        "sellingGeneralAndAdministrativeExpenses": 92368000,
        "otherExpenses": 3457000,
        "operatingExpenses": 95825000,
        "costAndExpenses": 786809000,
        "interestIncome": 0,
        "interestExpense": 10114000,
        "depreciationAndAmortization": 31326000,
        "ebitda": 90611000,
        "ebitdaratio": 0.1058965285,
        "operatingIncome": 58417000,
        "operatingIncomeRatio": 0.0682715951,
        "totalOtherIncomeExpensesNet": -9246000,
        "incomeBeforeTax": 49171000,
        "incomeBeforeTaxRatio": 0.0574658508,
        "incomeTaxExpense": 12525000,
        "netIncome": 36362000,
        "netIncomeRatio": 0.0424960498,
        "eps": 2.08,
        "epsdiluted": 1.94,
        "weightedAverageShsOut": 17469156,
        "weightedAverageShsOutDil": 18760663,
        "link": "https://www.sec.gov/Archives/edgar/data/1320461/000132046116000124/0001320461-16-000124-index.htm",
        "finalLink": "https://www.sec.gov/Archives/edgar/data/1320461/000132046116000124/cps-2016930x10q.htm"
    },
    {
        "date": "2016-06-30",
        "symbol": "CPS",
        "reportedCurrency": "USD",
        "cik": "0001320461",
        "fillingDate": "2016-07-29",
        "acceptedDate": "2016-07-29 10:37:14",
        "calendarYear": "2016",
        "period": "Q2",
        "revenue": 879304000,
        "costOfRevenue": 707343000,
        "grossProfit": 171961000,
        "grossProfitRatio": 0.1955649013,
        "researchAndDevelopmentExpenses": 0,
        "generalAndAdministrativeExpenses": 92672000,
        "sellingAndMarketingExpenses": 0,
        "sellingGeneralAndAdministrativeExpenses": 92672000,
        "otherExpenses": 3239000,
        "operatingExpenses": 95911000,
        "costAndExpenses": 803254000,
        "interestIncome": 0,
        "interestExpense": 9995000,
        "depreciationAndAmortization": 30168000,
        "ebitda": 96424000,
        "ebitdaratio": 0.1096594579,
        "operatingIncome": 63844000,
        "operatingIncomeRatio": 0.0726074259,
        "totalOtherIncomeExpensesNet": -7583000,
        "incomeBeforeTax": 56261000,
        "incomeBeforeTaxRatio": 0.0639835597,
        "incomeTaxExpense": 16021000,
        "netIncome": 40189000,
        "netIncomeRatio": 0.0457054671,
        "eps": 2.37,
        "epsdiluted": 2.2,
        "weightedAverageShsOut": 17242277,
        "weightedAverageShsOutDil": 18591647,
        "link": "https://www.sec.gov/Archives/edgar/data/1320461/000132046116000119/0001320461-16-000119-index.htm",
        "finalLink": "https://www.sec.gov/Archives/edgar/data/1320461/000132046116000119/cps-2016630x10q.htm"
    },
    {
        "date": "2016-03-31",
        "symbol": "CPS",
        "reportedCurrency": "USD",
        "cik": "0001320461",
        "fillingDate": "2016-05-04",
        "acceptedDate": "2016-05-04 10:14:27",
        "calendarYear": "2016",
        "period": "Q1",
        "revenue": 862497000,
        "costOfRevenue": 702673000,
        "grossProfit": 159824000,
        "grossProfitRatio": 0.1853038329,
        "researchAndDevelopmentExpenses": 0,
        "generalAndAdministrativeExpenses": 83458000,
        "sellingAndMarketingExpenses": 0,
        "sellingGeneralAndAdministrativeExpenses": 83458000,
        "otherExpenses": 3433000,
        "operatingExpenses": 86891000,
        "costAndExpenses": 789564000,
        "interestIncome": 0,
        "interestExpense": 9752000,
        "depreciationAndAmortization": 30205000,
        "ebitda": 86260000,
        "ebitdaratio": 0.1000119421,
        "operatingIncome": 62101000,
        "operatingIncomeRatio": 0.0720014099,
        "totalOtherIncomeExpensesNet": -15798000,
        "incomeBeforeTax": 46303000,
        "incomeBeforeTaxRatio": 0.0536848244,
        "incomeTaxExpense": 14766000,
        "netIncome": 31323000,
        "netIncomeRatio": 0.0363166481,
        "eps": 1.75,
        "epsdiluted": 1.64,
        "weightedAverageShsOut": 17442364,
        "weightedAverageShsOutDil": 18677448,
        "link": "https://www.sec.gov/Archives/edgar/data/1320461/000132046116000105/0001320461-16-000105-index.htm",
        "finalLink": "https://www.sec.gov/Archives/edgar/data/1320461/000132046116000105/cps-2016331x10q.htm"
    },
    {
        "date": "2015-12-31",
        "symbol": "CPS",
        "reportedCurrency": "USD",
        "cik": "0001320461",
        "fillingDate": "2016-02-23",
        "acceptedDate": "2016-02-23 10:42:07",
        "calendarYear": "2015",
        "period": "Q4",
        "revenue": 854402000,
        "costOfRevenue": 700567000,
        "grossProfit": 153835000,
        "grossProfitRatio": 0.1800499063,
        "researchAndDevelopmentExpenses": 0,
        "generalAndAdministrativeExpenses": 90467000,
        "sellingAndMarketingExpenses": 0,
        "sellingGeneralAndAdministrativeExpenses": 90467000,
        "otherExpenses": -4960000,
        "operatingExpenses": 85507000,
        "costAndExpenses": 786074000,
        "interestIncome": 0,
        "interestExpense": 10419000,
        "depreciationAndAmortization": 29149000,
        "ebitda": 58324000,
        "ebitdaratio": 0.0682629488,
        "operatingIncome": 27682000,
        "operatingIncomeRatio": 0.0323992687,
        "totalOtherIncomeExpensesNet": -8926000,
        "incomeBeforeTax": 18756000,
        "incomeBeforeTaxRatio": 0.0219521958,
        "incomeTaxExpense": -2834000,
        "netIncome": 21665000,
        "netIncomeRatio": 0.0253569163,
        "eps": 1.24,
        "epsdiluted": 1.16,
        "weightedAverageShsOut": 17435978,
        "weightedAverageShsOutDil": 18673788,
        "link": "https://www.sec.gov/Archives/edgar/data/1320461/000132046116000094/0001320461-16-000094-index.htm",
        "finalLink": "https://www.sec.gov/Archives/edgar/data/1320461/000132046116000094/a1231201510-k.htm"
    },
    {
        "date": "2015-09-30",
        "symbol": "CPS",
        "reportedCurrency": "USD",
        "cik": "0001320461",
        "fillingDate": "2015-11-04",
        "acceptedDate": "2015-11-04 09:07:28",
        "calendarYear": "2015",
        "period": "Q3",
        "revenue": 827531000,
        "costOfRevenue": 679083000,
        "grossProfit": 148448000,
        "grossProfitRatio": 0.1793866332,
        "researchAndDevelopmentExpenses": 0,
        "generalAndAdministrativeExpenses": 79065000,
        "sellingAndMarketingExpenses": 0,
        "sellingGeneralAndAdministrativeExpenses": 79065000,
        "otherExpenses": 3599000,
        "operatingExpenses": 82664000,
        "costAndExpenses": 761747000,
        "interestIncome": 0,
        "interestExpense": 9487000,
        "depreciationAndAmortization": 29304000,
        "ebitda": 84178000,
        "ebitdaratio": 0.101721869,
        "operatingIncome": 57244000,
        "operatingIncomeRatio": 0.0691744478,
        "totalOtherIncomeExpensesNet": -11857000,
        "incomeBeforeTax": 45387000,
        "incomeBeforeTaxRatio": 0.0548462837,
        "incomeTaxExpense": 12869000,
        "netIncome": 32732000,
        "netIncomeRatio": 0.0395538052,
        "eps": 1.89,
        "epsdiluted": 1.78,
        "weightedAverageShsOut": 17318519,
        "weightedAverageShsOutDil": 18388764,
        "link": "https://www.sec.gov/Archives/edgar/data/1320461/000132046115000089/0001320461-15-000089-index.htm",
        "finalLink": "https://www.sec.gov/Archives/edgar/data/1320461/000132046115000089/cps-2015930x10q.htm"
    },
    {
        "date": "2015-06-30",
        "symbol": "CPS",
        "reportedCurrency": "USD",
        "cik": "0001320461",
        "fillingDate": "2015-07-31",
        "acceptedDate": "2015-07-31 08:32:12",
        "calendarYear": "2015",
        "period": "Q2",
        "revenue": 860821000,
        "costOfRevenue": 706863000,
        "grossProfit": 153958000,
        "grossProfitRatio": 0.1788501907,
        "researchAndDevelopmentExpenses": 0,
        "generalAndAdministrativeExpenses": 84079000,
        "sellingAndMarketingExpenses": 0,
        "sellingGeneralAndAdministrativeExpenses": 84079000,
        "otherExpenses": 3672000,
        "operatingExpenses": 87751000,
        "costAndExpenses": 794614000,
        "interestIncome": 0,
        "interestExpense": 9268000,
        "depreciationAndAmortization": 29375000,
        "ebitda": 91619000,
        "ebitdaratio": 0.1064321154,
        "operatingIncome": 58778000,
        "operatingIncomeRatio": 0.0682813268,
        "totalOtherIncomeExpensesNet": -5802000,
        "incomeBeforeTax": 52976000,
        "incomeBeforeTaxRatio": 0.0615412496,
        "incomeTaxExpense": 16442000,
        "netIncome": 36496000,
        "netIncomeRatio": 0.0423967352,
        "eps": 2.14,
        "epsdiluted": 1.98,
        "weightedAverageShsOut": 17077732,
        "weightedAverageShsOutDil": 18410467,
        "link": "https://www.sec.gov/Archives/edgar/data/1320461/000132046115000076/0001320461-15-000076-index.htm",
        "finalLink": "https://www.sec.gov/Archives/edgar/data/1320461/000132046115000076/cps-2015630x10q.htm"
    },
    {
        "date": "2015-03-31",
        "symbol": "CPS",
        "reportedCurrency": "USD",
        "cik": "0001320461",
        "fillingDate": "2015-05-08",
        "acceptedDate": "2015-05-08 08:39:01",
        "calendarYear": "2015",
        "period": "Q1",
        "revenue": 800050000,
        "costOfRevenue": 669178000,
        "grossProfit": 130872000,
        "grossProfitRatio": 0.1635797763,
        "researchAndDevelopmentExpenses": 0,
        "generalAndAdministrativeExpenses": 76311000,
        "sellingAndMarketingExpenses": 0,
        "sellingGeneralAndAdministrativeExpenses": 76311000,
        "otherExpenses": 3548000,
        "operatingExpenses": 79859000,
        "costAndExpenses": 749037000,
        "interestIncome": 0,
        "interestExpense": 9157000,
        "depreciationAndAmortization": 26599000,
        "ebitda": 71625000,
        "ebitdaratio": 0.0895256546,
        "operatingIncome": 32173000,
        "operatingIncomeRatio": 0.0402137366,
        "totalOtherIncomeExpensesNet": 3696000,
        "incomeBeforeTax": 35869000,
        "incomeBeforeTaxRatio": 0.0448334479,
        "incomeTaxExpense": 14741000,
        "netIncome": 20987000,
        "netIncomeRatio": 0.0262321105,
        "eps": 1.23,
        "epsdiluted": 1.15,
        "weightedAverageShsOut": 17062602,
        "weightedAverageShsOutDil": 18249565,
        "link": "https://www.sec.gov/Archives/edgar/data/1320461/000132046115000060/0001320461-15-000060-index.htm",
        "finalLink": "https://www.sec.gov/Archives/edgar/data/1320461/000132046115000060/cps-2015331x10q.htm"
    },
    {
        "date": "2014-12-31",
        "symbol": "CPS",
        "reportedCurrency": "USD",
        "cik": "0001320461",
        "fillingDate": "2015-02-24",
        "acceptedDate": "2015-02-24 08:40:29",
        "calendarYear": "2014",
        "period": "Q4",
        "revenue": 767874000,
        "costOfRevenue": 650066000,
        "grossProfit": 117808000,
        "grossProfitRatio": 0.153421004,
        "researchAndDevelopmentExpenses": 0,
        "generalAndAdministrativeExpenses": 73115000,
        "sellingAndMarketingExpenses": 0,
        "sellingGeneralAndAdministrativeExpenses": 73115000,
        "otherExpenses": 5570000,
        "operatingExpenses": 78685000,
        "costAndExpenses": 728751000,
        "interestIncome": 0,
        "interestExpense": 10272000,
        "depreciationAndAmortization": 27839000,
        "ebitda": 33201000,
        "ebitdaratio": 0.0432375624,
        "operatingIncome": 7126000,
        "operatingIncomeRatio": 0.0092801684,
        "totalOtherIncomeExpensesNet": -12036000,
        "incomeBeforeTax": -4910000,
        "incomeBeforeTaxRatio": -0.0063942782,
        "incomeTaxExpense": 7456000,
        "netIncome": -12816000,
        "netIncomeRatio": -0.0166902382,
        "eps": -0.75,
        "epsdiluted": -0.75,
        "weightedAverageShsOut": 17062602,
        "weightedAverageShsOutDil": 17062602,
        "link": "https://www.sec.gov/Archives/edgar/data/1320461/000132046115000038/0001320461-15-000038-index.htm",
        "finalLink": "https://www.sec.gov/Archives/edgar/data/1320461/000132046115000038/a1231201410-k.htm"
    },
    {
        "date": "2014-09-30",
        "symbol": "CPS",
        "reportedCurrency": "USD",
        "cik": "0001320461",
        "fillingDate": "2014-10-31",
        "acceptedDate": "2014-10-31 08:31:07",
        "calendarYear": "2014",
        "period": "Q3",
        "revenue": 780954000,
        "costOfRevenue": 669701000,
        "grossProfit": 111253000,
        "grossProfitRatio": 0.1424578144,
        "researchAndDevelopmentExpenses": 0,
        "generalAndAdministrativeExpenses": 67365000,
        "sellingAndMarketingExpenses": 0,
        "sellingGeneralAndAdministrativeExpenses": 67365000,
        "otherExpenses": -14493000,
        "operatingExpenses": 52872000,
        "costAndExpenses": 722573000,
        "interestIncome": 0,
        "interestExpense": 9405000,
        "depreciationAndAmortization": 28015000,
        "ebitda": 78516000,
        "ebitdaratio": 0.1005385721,
        "operatingIncome": 53536000,
        "operatingIncomeRatio": 0.068552053,
        "totalOtherIncomeExpensesNet": -12440000,
        "incomeBeforeTax": 41096000,
        "incomeBeforeTaxRatio": 0.0526228177,
        "incomeTaxExpense": 18866000,
        "netIncome": 22666000,
        "netIncomeRatio": 0.0290234764,
        "eps": 1.33,
        "epsdiluted": 1.23,
        "weightedAverageShsOut": 17066067,
        "weightedAverageShsOutDil": 18415684,
        "link": "https://www.sec.gov/Archives/edgar/data/1320461/000132046114000103/0001320461-14-000103-index.htm",
        "finalLink": "https://www.sec.gov/Archives/edgar/data/1320461/000132046114000103/cps-2014930x10q.htm"
    },
    {
        "date": "2014-06-30",
        "symbol": "CPS",
        "reportedCurrency": "USD",
        "cik": "0001320461",
        "fillingDate": "2014-08-01",
        "acceptedDate": "2014-08-01 08:35:41",
        "calendarYear": "2014",
        "period": "Q2",
        "revenue": 857553000,
        "costOfRevenue": 711444000,
        "grossProfit": 146109000,
        "grossProfitRatio": 0.1703789737,
        "researchAndDevelopmentExpenses": 0,
        "generalAndAdministrativeExpenses": 81873000,
        "sellingAndMarketingExpenses": 0,
        "sellingGeneralAndAdministrativeExpenses": 81873000,
        "otherExpenses": 3997000,
        "operatingExpenses": 85870000,
        "costAndExpenses": 797314000,
        "interestIncome": 0,
        "interestExpense": 10919000,
        "depreciationAndAmortization": 28474000,
        "ebitda": 58069000,
        "ebitdaratio": 0.0677147652,
        "operatingIncome": 56483000,
        "operatingIncomeRatio": 0.0658653168,
        "totalOtherIncomeExpensesNet": -37807000,
        "incomeBeforeTax": 18676000,
        "incomeBeforeTaxRatio": 0.0217782458,
        "incomeTaxExpense": 4424000,
        "netIncome": 13194000,
        "netIncomeRatio": 0.015385638,
        "eps": 0.78,
        "epsdiluted": 0.72,
        "weightedAverageShsOut": 16919521,
        "weightedAverageShsOutDil": 18430226,
        "link": "https://www.sec.gov/Archives/edgar/data/1320461/000132046114000072/0001320461-14-000072-index.htm",
        "finalLink": "https://www.sec.gov/Archives/edgar/data/1320461/000132046114000072/cps-2014630x10q.htm"
    },
    {
        "date": "2014-03-31",
        "symbol": "CPS",
        "reportedCurrency": "USD",
        "cik": "0001320461",
        "fillingDate": "2014-05-06",
        "acceptedDate": "2014-05-06 09:23:07",
        "calendarYear": "2014",
        "period": "Q1",
        "revenue": 837606000,
        "costOfRevenue": 703347000,
        "grossProfit": 134259000,
        "grossProfitRatio": 0.1602889664,
        "researchAndDevelopmentExpenses": 0,
        "generalAndAdministrativeExpenses": 79571000,
        "sellingAndMarketingExpenses": 0,
        "sellingGeneralAndAdministrativeExpenses": 79571000,
        "otherExpenses": 4436000,
        "operatingExpenses": 84007000,
        "costAndExpenses": 787354000,
        "interestIncome": 0,
        "interestExpense": 15008000,
        "depreciationAndAmortization": 28252000,
        "ebitda": 76681000,
        "ebitdaratio": 0.091547816,
        "operatingIncome": 47163000,
        "operatingIncomeRatio": 0.0563069032,
        "totalOtherIncomeExpensesNet": -13742000,
        "incomeBeforeTax": 33421000,
        "incomeBeforeTaxRatio": 0.0399006215,
        "incomeTaxExpense": 12064000,
        "netIncome": 19735000,
        "netIncomeRatio": 0.023561197,
        "eps": 1.18,
        "epsdiluted": 1.1,
        "weightedAverageShsOut": 16656600,
        "weightedAverageShsOutDil": 17920271,
        "link": "https://www.sec.gov/Archives/edgar/data/1320461/000132046114000031/0001320461-14-000031-index.htm",
        "finalLink": "https://www.sec.gov/Archives/edgar/data/1320461/000132046114000031/cps-2014330x10q.htm"
    },
    {
        "date": "2013-12-31",
        "symbol": "CPS",
        "reportedCurrency": "USD",
        "cik": "0001320461",
        "fillingDate": "2014-02-28",
        "acceptedDate": "2014-02-28 11:02:08",
        "calendarYear": "2013",
        "period": "Q4",
        "revenue": 794201000,
        "costOfRevenue": 689069000,
        "grossProfit": 105132000,
        "grossProfitRatio": 0.13237455,
        "researchAndDevelopmentExpenses": 0,
        "generalAndAdministrativeExpenses": 72639000,
        "sellingAndMarketingExpenses": 0,
        "sellingGeneralAndAdministrativeExpenses": 72639000,
        "otherExpenses": 3897000,
        "operatingExpenses": 76536000,
        "costAndExpenses": 765605000,
        "interestIncome": 0,
        "interestExpense": 14968000,
        "depreciationAndAmortization": 27753000,
        "ebitda": 42709000,
        "ebitdaratio": 0.0537760592,
        "operatingIncome": 14631000,
        "operatingIncomeRatio": 0.0184222886,
        "totalOtherIncomeExpensesNet": -14643000,
        "incomeBeforeTax": -12000,
        "incomeBeforeTaxRatio": -1.51095e-05,
        "incomeTaxExpense": 21039000,
        "netIncome": -20788000,
        "netIncomeRatio": -0.0261747341,
        "eps": -1.25,
        "epsdiluted": -1.25,
        "weightedAverageShsOut": 16656600,
        "weightedAverageShsOutDil": 16656600,
        "link": "https://www.sec.gov/Archives/edgar/data/1320461/000119312514075430/0001193125-14-075430-index.htm",
        "finalLink": "https://www.sec.gov/Archives/edgar/data/1320461/000119312514075430/d640810d10k.htm"
    },
    {
        "date": "2013-09-30",
        "symbol": "CPS",
        "reportedCurrency": "USD",
        "cik": "0001320461",
        "fillingDate": "2013-11-06",
        "acceptedDate": "2013-11-06 09:27:46",
        "calendarYear": "2013",
        "period": "Q3",
        "revenue": 764057000,
        "costOfRevenue": 649028000,
        "grossProfit": 115029000,
        "grossProfitRatio": 0.1505502862,
        "researchAndDevelopmentExpenses": 0,
        "generalAndAdministrativeExpenses": 72968000,
        "sellingAndMarketingExpenses": 0,
        "sellingGeneralAndAdministrativeExpenses": 72968000,
        "otherExpenses": 3785000,
        "operatingExpenses": 76753000,
        "costAndExpenses": 725781000,
        "interestIncome": 0,
        "interestExpense": 15171000,
        "depreciationAndAmortization": 25289000,
        "ebitda": 65213000,
        "ebitdaratio": 0.085350962,
        "operatingIncome": 36369000,
        "operatingIncomeRatio": 0.0475998518,
        "totalOtherIncomeExpensesNet": -11616000,
        "incomeBeforeTax": 24753000,
        "incomeBeforeTaxRatio": 0.0323967976,
        "incomeTaxExpense": 4467000,
        "netIncome": 20596000,
        "netIncomeRatio": 0.0269561041,
        "eps": 1.16,
        "epsdiluted": 1.08,
        "weightedAverageShsOut": 13045575,
        "weightedAverageShsOutDil": 14251959,
        "link": "https://www.sec.gov/Archives/edgar/data/1320461/000119312513429206/0001193125-13-429206-index.htm",
        "finalLink": "https://www.sec.gov/Archives/edgar/data/1320461/000119312513429206/d595511d10q.htm"
    },
    {
        "date": "2013-06-30",
        "symbol": "CPS",
        "reportedCurrency": "USD",
        "cik": "0001320461",
        "fillingDate": "2013-08-07",
        "acceptedDate": "2013-08-07 16:25:53",
        "calendarYear": "2013",
        "period": "Q2",
        "revenue": 784707000,
        "costOfRevenue": 652443000,
        "grossProfit": 132264000,
        "grossProfitRatio": 0.1685520838,
        "researchAndDevelopmentExpenses": 0,
        "generalAndAdministrativeExpenses": 72745000,
        "sellingAndMarketingExpenses": 0,
        "sellingGeneralAndAdministrativeExpenses": 72745000,
        "otherExpenses": 3858000,
        "operatingExpenses": 76603000,
        "costAndExpenses": 729046000,
        "interestIncome": 0,
        "interestExpense": 13575000,
        "depreciationAndAmortization": 28139000,
        "ebitda": 80062000,
        "ebitdaratio": 0.1020278907,
        "operatingIncome": 54573000,
        "operatingIncomeRatio": 0.069545703,
        "totalOtherIncomeExpensesNet": -16225000,
        "incomeBeforeTax": 38348000,
        "incomeBeforeTaxRatio": 0.0488691958,
        "incomeTaxExpense": 12202000,
        "netIncome": 27432000,
        "netIncomeRatio": 0.034958271,
        "eps": 1.45,
        "epsdiluted": 1.34,
        "weightedAverageShsOut": 14214589,
        "weightedAverageShsOutDil": 15411206,
        "link": "https://www.sec.gov/Archives/edgar/data/1320461/000119312513324272/0001193125-13-324272-index.htm",
        "finalLink": "https://www.sec.gov/Archives/edgar/data/1320461/000119312513324272/d553911d10q.htm"
    },
    {
        "date": "2013-03-31",
        "symbol": "CPS",
        "reportedCurrency": "USD",
        "cik": "0001320461",
        "fillingDate": "2013-05-08",
        "acceptedDate": "2013-05-08 17:12:37",
        "calendarYear": "2013",
        "period": "Q1",
        "revenue": 747577000,
        "costOfRevenue": 627264000,
        "grossProfit": 120313000,
        "grossProfitRatio": 0.160937268,
        "researchAndDevelopmentExpenses": 0,
        "generalAndAdministrativeExpenses": 75094000,
        "sellingAndMarketingExpenses": 0,
        "sellingGeneralAndAdministrativeExpenses": 75094000,
        "otherExpenses": 3891000,
        "operatingExpenses": 78985000,
        "costAndExpenses": 706249000,
        "interestIncome": 0,
        "interestExpense": 11207000,
        "depreciationAndAmortization": 29847000,
        "ebitda": 68818000,
        "ebitdaratio": 0.0920547315,
        "operatingIncome": 36568000,
        "operatingIncomeRatio": 0.0489153626,
        "totalOtherIncomeExpensesNet": -8804000,
        "incomeBeforeTax": 27764000,
        "incomeBeforeTaxRatio": 0.0371386493,
        "incomeTaxExpense": 7891000,
        "netIncome": 20701000,
        "netIncomeRatio": 0.0276907931,
        "eps": 0.92,
        "epsdiluted": 0.86,
        "weightedAverageShsOut": 16621120,
        "weightedAverageShsOutDil": 17711378,
        "link": "https://www.sec.gov/Archives/edgar/data/1320461/000119312513207805/0001193125-13-207805-index.htm",
        "finalLink": "https://www.sec.gov/Archives/edgar/data/1320461/000119312513207805/d504452d10q.htm"
    },
    {
        "date": "2012-12-31",
        "symbol": "CPS",
        "reportedCurrency": "USD",
        "cik": "0001320461",
        "fillingDate": "2013-02-28",
        "acceptedDate": "2013-02-28 15:34:26",
        "calendarYear": "2012",
        "period": "Q4",
        "revenue": 697108000,
        "costOfRevenue": 597398000,
        "grossProfit": 99710000,
        "grossProfitRatio": 0.143033791,
        "researchAndDevelopmentExpenses": 0,
        "generalAndAdministrativeExpenses": 0,
        "sellingAndMarketingExpenses": 0,
        "sellingGeneralAndAdministrativeExpenses": 74836000,
        "otherExpenses": 3866000,
        "operatingExpenses": 78702000,
        "costAndExpenses": 676100000,
        "interestIncome": 0,
        "interestExpense": 11436000,
        "depreciationAndAmortization": 31501000,
        "ebitda": 32708000,
        "ebitdaratio": 0.0469195591,
        "operatingIncome": -2066000,
        "operatingIncomeRatio": -0.0029636728,
        "totalOtherIncomeExpensesNet": -8163000,
        "incomeBeforeTax": -10229000,
        "incomeBeforeTaxRatio": -0.0146734796,
        "incomeTaxExpense": 1241000,
        "netIncome": -9923000,
        "netIncomeRatio": -0.0142345232,
        "eps": -0.6,
        "epsdiluted": -0.6,
        "weightedAverageShsOut": 16621120,
        "weightedAverageShsOutDil": 16621120,
        "link": "https://www.sec.gov/Archives/edgar/data/1320461/000119312513083884/0001193125-13-083884-index.htm",
        "finalLink": "https://www.sec.gov/Archives/edgar/data/1320461/000119312513083884/d449808d10k.htm"
    },
    {
        "date": "2012-09-30",
        "symbol": "CPS",
        "reportedCurrency": "USD",
        "cik": "0001320461",
        "fillingDate": "2012-11-08",
        "acceptedDate": "2012-11-08 09:01:19",
        "calendarYear": "2012",
        "period": "Q3",
        "revenue": 684029000,
        "costOfRevenue": 580956000,
        "grossProfit": 103073000,
        "grossProfitRatio": 0.1506851318,
        "researchAndDevelopmentExpenses": 0,
        "generalAndAdministrativeExpenses": 65421000,
        "sellingAndMarketingExpenses": 0,
        "sellingGeneralAndAdministrativeExpenses": 65421000,
        "otherExpenses": 3866000,
        "operatingExpenses": 69287000,
        "costAndExpenses": 650243000,
        "interestIncome": 0,
        "interestExpense": 11325000,
        "depreciationAndAmortization": 29113000,
        "ebitda": 56188000,
        "ebitdaratio": 0.0821427162,
        "operatingIncome": 23615000,
        "operatingIncomeRatio": 0.0345233901,
        "totalOtherIncomeExpensesNet": -7865000,
        "incomeBeforeTax": 15750000,
        "incomeBeforeTaxRatio": 0.0230253396,
        "incomeTaxExpense": 5392000,
        "netIncome": 11624000,
        "netIncomeRatio": 0.0169934316,
        "eps": 0.46,
        "epsdiluted": 0.44,
        "weightedAverageShsOut": 17454226,
        "weightedAverageShsOutDil": 18293767,
        "link": "https://www.sec.gov/Archives/edgar/data/1320461/000119312512459148/0001193125-12-459148-index.htm",
        "finalLink": "https://www.sec.gov/Archives/edgar/data/1320461/000119312512459148/d398757d10q.htm"
    },
    {
        "date": "2012-06-30",
        "symbol": "CPS",
        "reportedCurrency": "USD",
        "cik": "0001320461",
        "fillingDate": "2012-08-09",
        "acceptedDate": "2012-08-09 16:29:23",
        "calendarYear": "2012",
        "period": "Q2",
        "revenue": 734501000,
        "costOfRevenue": 620054000,
        "grossProfit": 114447000,
        "grossProfitRatio": 0.1558159894,
        "researchAndDevelopmentExpenses": 0,
        "generalAndAdministrativeExpenses": 68971000,
        "sellingAndMarketingExpenses": 0,
        "sellingGeneralAndAdministrativeExpenses": 68971000,
        "otherExpenses": 3891000,
        "operatingExpenses": 72862000,
        "costAndExpenses": 692916000,
        "interestIncome": 0,
        "interestExpense": 10814000,
        "depreciationAndAmortization": 30500000,
        "ebitda": 70870000,
        "ebitdaratio": 0.096487275,
        "operatingIncome": 42092000,
        "operatingIncomeRatio": 0.0573069336,
        "totalOtherIncomeExpensesNet": -12536000,
        "incomeBeforeTax": 29556000,
        "incomeBeforeTaxRatio": 0.040239564,
        "incomeTaxExpense": -46226000,
        "netIncome": 77316000,
        "netIncomeRatio": 0.1052633012,
        "eps": 3.49,
        "epsdiluted": 3.28,
        "weightedAverageShsOut": 17575596,
        "weightedAverageShsOutDil": 18712753,
        "link": "https://www.sec.gov/Archives/edgar/data/1320461/000119312512347648/0001193125-12-347648-index.htm",
        "finalLink": "https://www.sec.gov/Archives/edgar/data/1320461/000119312512347648/d343853d10q.htm"
    },
    {
        "date": "2012-03-31",
        "symbol": "CPS",
        "reportedCurrency": "USD",
        "cik": "0001320461",
        "fillingDate": "2012-05-09",
        "acceptedDate": "2012-05-09 17:15:34",
        "calendarYear": "2012",
        "period": "Q1",
        "revenue": 765264000,
        "costOfRevenue": 643606000,
        "grossProfit": 121658000,
        "grossProfitRatio": 0.1589752033,
        "researchAndDevelopmentExpenses": 0,
        "generalAndAdministrativeExpenses": 72040000,
        "sellingAndMarketingExpenses": 0,
        "sellingGeneralAndAdministrativeExpenses": 72040000,
        "otherExpenses": 3833000,
        "operatingExpenses": 75873000,
        "costAndExpenses": 719479000,
        "interestIncome": 0,
        "interestExpense": 11187000,
        "depreciationAndAmortization": 31617000,
        "ebitda": 75012000,
        "ebitdaratio": 0.0980210751,
        "operatingIncome": 39691000,
        "operatingIncomeRatio": 0.0518657614,
        "totalOtherIncomeExpensesNet": -7483000,
        "incomeBeforeTax": 32208000,
        "incomeBeforeTaxRatio": 0.0420874365,
        "incomeTaxExpense": 8062000,
        "netIncome": 23787000,
        "netIncomeRatio": 0.0310833908,
        "eps": 0.97,
        "epsdiluted": 0.9,
        "weightedAverageShsOut": 17705918,
        "weightedAverageShsOutDil": 19086800,
        "link": "https://www.sec.gov/Archives/edgar/data/1320461/000119312512222430/0001193125-12-222430-index.htm",
        "finalLink": "https://www.sec.gov/Archives/edgar/data/1320461/000119312512222430/d326859d10q.htm"
    },
    {
        "date": "2011-12-31",
        "symbol": "CPS",
        "reportedCurrency": "USD",
        "cik": "0001320461",
        "fillingDate": "2012-03-12",
        "acceptedDate": "2012-03-12 16:47:21",
        "calendarYear": "2011",
        "period": "Q4",
        "revenue": 695733000,
        "costOfRevenue": 598177000,
        "grossProfit": 97556000,
        "grossProfitRatio": 0.1402204581,
        "researchAndDevelopmentExpenses": 0,
        "generalAndAdministrativeExpenses": 0,
        "sellingAndMarketingExpenses": 0,
        "sellingGeneralAndAdministrativeExpenses": 66703000,
        "otherExpenses": 3856000,
        "operatingExpenses": 70559000,
        "costAndExpenses": 668736000,
        "interestIncome": 0,
        "interestExpense": 10401000,
        "depreciationAndAmortization": 32031000,
        "ebitda": 57874000,
        "ebitdaratio": 0.08318421,
        "operatingIncome": 22915000,
        "operatingIncomeRatio": 0.0329364857,
        "totalOtherIncomeExpensesNet": -7473000,
        "incomeBeforeTax": 15442000,
        "incomeBeforeTaxRatio": 0.0221952962,
        "incomeTaxExpense": -6017000,
        "netIncome": 23229000,
        "netIncomeRatio": 0.0333878083,
        "eps": 1.31,
        "epsdiluted": 1.31,
        "weightedAverageShsOut": 17701034,
        "weightedAverageShsOutDil": 17705918,
        "link": "https://www.sec.gov/Archives/edgar/data/1320461/000119312512109793/0001193125-12-109793-index.htm",
        "finalLink": "https://www.sec.gov/Archives/edgar/data/1320461/000119312512109793/d265803d10k.htm"
    },
    {
        "date": "2011-09-30",
        "symbol": "CPS",
        "reportedCurrency": "USD",
        "cik": "0001320461",
        "fillingDate": "2011-11-10",
        "acceptedDate": "2011-11-10 15:26:47",
        "calendarYear": "2011",
        "period": "Q3",
        "revenue": 708544000,
        "costOfRevenue": 599985000,
        "grossProfit": 108559000,
        "grossProfitRatio": 0.153214197,
        "researchAndDevelopmentExpenses": 0,
        "generalAndAdministrativeExpenses": 0,
        "sellingAndMarketingExpenses": 0,
        "sellingGeneralAndAdministrativeExpenses": 64403000,
        "otherExpenses": 3911000,
        "operatingExpenses": 68314000,
        "costAndExpenses": 668299000,
        "interestIncome": 0,
        "interestExpense": 9603000,
        "depreciationAndAmortization": 31719000,
        "ebitda": 57384000,
        "ebitdaratio": 0.0809886189,
        "operatingIncome": 33706000,
        "operatingIncomeRatio": 0.0475707931,
        "totalOtherIncomeExpensesNet": -17644000,
        "incomeBeforeTax": 16062000,
        "incomeBeforeTaxRatio": 0.0226690227,
        "incomeTaxExpense": 7963000,
        "netIncome": 15658000,
        "netIncomeRatio": 0.0220988393,
        "eps": 0.63,
        "epsdiluted": 0.58,
        "weightedAverageShsOut": 17693458,
        "weightedAverageShsOutDil": 19103448,
        "link": "https://www.sec.gov/Archives/edgar/data/1320461/000119312511306765/0001193125-11-306765-index.htm",
        "finalLink": "https://www.sec.gov/Archives/edgar/data/1320461/000119312511306765/d233538d10q.htm"
    },
    {
        "date": "2011-06-30",
        "symbol": "CPS",
        "reportedCurrency": "USD",
        "cik": "0001320461",
        "fillingDate": "2011-08-10",
        "acceptedDate": "2011-08-10 16:39:04",
        "calendarYear": "2011",
        "period": "Q2",
        "revenue": 760460000,
        "costOfRevenue": 636752000,
        "grossProfit": 123708000,
        "grossProfitRatio": 0.1626752229,
        "researchAndDevelopmentExpenses": 0,
        "generalAndAdministrativeExpenses": 0,
        "sellingAndMarketingExpenses": 0,
        "sellingGeneralAndAdministrativeExpenses": 65602000,
        "otherExpenses": 3936000,
        "operatingExpenses": 69538000,
        "costAndExpenses": 706290000,
        "interestIncome": 0,
        "interestExpense": 10649000,
        "depreciationAndAmortization": 31433000,
        "ebitda": 50276000,
        "ebitdaratio": 0.066112616,
        "operatingIncome": 17189000,
        "operatingIncomeRatio": 0.0226034242,
        "totalOtherIncomeExpensesNet": -8995000,
        "incomeBeforeTax": 8194000,
        "incomeBeforeTaxRatio": 0.0107750572,
        "incomeTaxExpense": 6541000,
        "netIncome": 19022000,
        "netIncomeRatio": 0.0250138074,
        "eps": 0.78,
        "epsdiluted": 0.71,
        "weightedAverageShsOut": 17558259,
        "weightedAverageShsOutDil": 18712753,
        "link": "https://www.sec.gov/Archives/edgar/data/1320461/000119312511218191/0001193125-11-218191-index.htm",
        "finalLink": "https://www.sec.gov/Archives/edgar/data/1320461/000119312511218191/d10q.htm"
    },
    {
        "date": "2011-03-31",
        "symbol": "CPS",
        "reportedCurrency": "USD",
        "cik": "0001320461",
        "fillingDate": "2011-05-10",
        "acceptedDate": "2011-05-10 16:06:52",
        "calendarYear": "2011",
        "period": "Q1",
        "revenue": 688772000,
        "costOfRevenue": 568006000,
        "grossProfit": 120766000,
        "grossProfitRatio": 0.1753352343,
        "researchAndDevelopmentExpenses": 0,
        "generalAndAdministrativeExpenses": 0,
        "sellingAndMarketingExpenses": 0,
        "sellingGeneralAndAdministrativeExpenses": 60851000,
        "otherExpenses": 3898000,
        "operatingExpenses": 64749000,
        "costAndExpenses": 632755000,
        "interestIncome": 0,
        "interestExpense": 9906000,
        "depreciationAndAmortization": 28891000,
        "ebitda": 96362000,
        "ebitdaratio": 0.1399040611,
        "operatingIncome": 51413000,
        "operatingIncomeRatio": 0.0746444397,
        "totalOtherIncomeExpensesNet": 6152000,
        "incomeBeforeTax": 57565000,
        "incomeBeforeTaxRatio": 0.0835762778,
        "incomeTaxExpense": 12278000,
        "netIncome": 44935000,
        "netIncomeRatio": 0.0652392954,
        "eps": 1.97,
        "epsdiluted": 1.78,
        "weightedAverageShsOut": 17489693,
        "weightedAverageShsOutDil": 19400562,
        "link": "https://www.sec.gov/Archives/edgar/data/1320461/000119312511134197/0001193125-11-134197-index.htm",
        "finalLink": "https://www.sec.gov/Archives/edgar/data/1320461/000119312511134197/d10q.htm"
    },
    {
        "date": "2010-12-31",
        "symbol": "CPS",
        "reportedCurrency": "USD",
        "cik": "0001320461",
        "fillingDate": "2011-03-21",
        "acceptedDate": "2011-03-21 11:16:39",
        "calendarYear": "2010",
        "period": "Q4",
        "revenue": 603700000,
        "costOfRevenue": 506900000,
        "grossProfit": 96800000,
        "grossProfitRatio": 0.160344542,
        "researchAndDevelopmentExpenses": 0,
        "generalAndAdministrativeExpenses": -24266000,
        "sellingAndMarketingExpenses": 92166000,
        "sellingGeneralAndAdministrativeExpenses": 67900000,
        "otherExpenses": 359800000,
        "operatingExpenses": 427700000,
        "costAndExpenses": 934600000,
        "interestIncome": 0,
        "interestExpense": 44505000,
        "depreciationAndAmortization": 29700000,
        "ebitda": -267895000,
        "ebitdaratio": -0.4437551764,
        "operatingIncome": -297595000,
        "operatingIncomeRatio": -0.4929517973,
        "totalOtherIncomeExpensesNet": -44105000,
        "incomeBeforeTax": -341700000,
        "incomeBeforeTaxRatio": -0.5660096074,
        "incomeTaxExpense": -300000,
        "netIncome": -341400000,
        "netIncomeRatio": -0.5655126719,
        "eps": -18.35,
        "epsdiluted": -18.35,
        "weightedAverageShsOut": 18600000,
        "weightedAverageShsOutDil": 18600000,
        "link": "https://www.sec.gov/Archives/edgar/data/1320461/000119312511072036/0001193125-11-072036-index.htm",
        "finalLink": "https://www.sec.gov/Archives/edgar/data/1320461/000119312511072036/d10k.htm"
    },
    {
        "date": "2010-09-30",
        "symbol": "CPS",
        "reportedCurrency": "USD",
        "cik": "0001320461",
        "fillingDate": "2010-11-12",
        "acceptedDate": "2010-11-12 14:16:07",
        "calendarYear": "2010",
        "period": "Q3",
        "revenue": 585650000,
        "costOfRevenue": 483559000,
        "grossProfit": 102091000,
        "grossProfitRatio": 0.1743208401,
        "researchAndDevelopmentExpenses": 0,
        "generalAndAdministrativeExpenses": 0,
        "sellingAndMarketingExpenses": 0,
        "sellingGeneralAndAdministrativeExpenses": 68584000,
        "otherExpenses": 3842000,
        "operatingExpenses": 72426000,
        "costAndExpenses": 555985000,
        "interestIncome": 0,
        "interestExpense": 10664000,
        "depreciationAndAmortization": 3842000,
        "ebitda": 39958000,
        "ebitdaratio": 0.0682284641,
        "operatingIncome": 28847000,
        "operatingIncomeRatio": 0.0492563818,
        "totalOtherIncomeExpensesNet": -3395000,
        "incomeBeforeTax": 25452000,
        "incomeBeforeTaxRatio": 0.0434594041,
        "incomeTaxExpense": 4443000,
        "netIncome": 20833000,
        "netIncomeRatio": 0.0355724409,
        "eps": 0.86,
        "epsdiluted": 0.83,
        "weightedAverageShsOut": 17489693,
        "weightedAverageShsOutDil": 19283988,
        "link": "https://www.sec.gov/Archives/edgar/data/1320461/000119312510258549/0001193125-10-258549-index.htm",
        "finalLink": "https://www.sec.gov/Archives/edgar/data/1320461/000119312510258549/d10q.htm"
    },
    {
        "date": "2010-06-30",
        "symbol": "CPS",
        "reportedCurrency": "USD",
        "cik": "0001320461",
        "fillingDate": "2010-08-16",
        "acceptedDate": "2010-08-16 15:15:36",
        "calendarYear": "2010",
        "period": "Q2",
        "revenue": 628400000,
        "costOfRevenue": 522300000,
        "grossProfit": 106100000,
        "grossProfitRatio": 0.1688415022,
        "researchAndDevelopmentExpenses": 0,
        "generalAndAdministrativeExpenses": 23001000,
        "sellingAndMarketingExpenses": 39099000,
        "sellingGeneralAndAdministrativeExpenses": 62100000,
        "otherExpenses": -319399999.99999994,
        "operatingExpenses": -257299999.99999994,
        "costAndExpenses": 265000000,
        "interestIncome": 0,
        "interestExpense": 32694000,
        "depreciationAndAmortization": 23400000,
        "ebitda": 731000,
        "ebitdaratio": 0.0011632718,
        "operatingIncome": 347494000,
        "operatingIncomeRatio": 0.552982177,
        "totalOtherIncomeExpensesNet": -32694000,
        "incomeBeforeTax": 314800000,
        "incomeBeforeTaxRatio": 0.5009548059,
        "incomeTaxExpense": 33600000,
        "netIncome": 281200000,
        "netIncomeRatio": 0.4474856779,
        "eps": 15.45,
        "epsdiluted": 15.45,
        "weightedAverageShsOut": 18200000,
        "weightedAverageShsOutDil": 18200000,
        "link": "https://www.sec.gov/Archives/edgar/data/1320461/000119312510190077/0001193125-10-190077-index.htm",
        "finalLink": "https://www.sec.gov/Archives/edgar/data/1320461/000119312510190077/d10q.htm"
    },
    {
        "date": "2010-03-31",
        "symbol": "CPS",
        "reportedCurrency": "USD",
        "cik": "0001320461",
        "fillingDate": "2010-05-17",
        "acceptedDate": "2010-05-17 15:00:49",
        "calendarYear": "2010",
        "period": "Q1",
        "revenue": 596324000,
        "costOfRevenue": 491820000,
        "grossProfit": 104504000,
        "grossProfitRatio": 0.1752470134,
        "researchAndDevelopmentExpenses": 0,
        "generalAndAdministrativeExpenses": 0,
        "sellingAndMarketingExpenses": 0,
        "sellingGeneralAndAdministrativeExpenses": 53067000,
        "otherExpenses": 189000,
        "operatingExpenses": 53256000,
        "costAndExpenses": 545076000,
        "interestIncome": 0,
        "interestExpense": 11811000,
        "depreciationAndAmortization": 21187000,
        "ebitda": 43954000,
        "ebitdaratio": 0.0737082526,
        "operatingIncome": 50996000,
        "operatingIncomeRatio": 0.0855172691,
        "totalOtherIncomeExpensesNet": -40040000,
        "incomeBeforeTax": 10956000,
        "incomeBeforeTaxRatio": 0.0183725626,
        "incomeTaxExpense": 7288000,
        "netIncome": 3409000,
        "netIncomeRatio": 0.0057166909,
        "eps": 0.19,
        "epsdiluted": 0.19,
        "weightedAverageShsOut": 18376112,
        "weightedAverageShsOutDil": 18376112,
        "link": "https://www.sec.gov/Archives/edgar/data/1320461/000119312510121980/0001193125-10-121980-index.htm",
        "finalLink": "https://www.sec.gov/Archives/edgar/data/1320461/000119312510121980/d10q.htm"
    },
    {
        "date": "2009-12-31",
        "symbol": "CPS",
        "reportedCurrency": "USD",
        "cik": "0001320461",
        "fillingDate": "2010-03-31",
        "acceptedDate": "2010-03-31 15:54:52",
        "calendarYear": "2009",
        "period": "Q4",
        "revenue": 577603000,
        "costOfRevenue": 486483000,
        "grossProfit": 91120000,
        "grossProfitRatio": 0.1577554133,
        "researchAndDevelopmentExpenses": 0,
        "generalAndAdministrativeExpenses": 0,
        "sellingAndMarketingExpenses": 0,
        "sellingGeneralAndAdministrativeExpenses": 53319000,
        "otherExpenses": 193000,
        "operatingExpenses": 53512000,
        "costAndExpenses": 539995000,
        "interestIncome": 0,
        "interestExpense": 10701000,
        "depreciationAndAmortization": 25651000,
        "ebitda": 49772000,
        "ebitdaratio": 0.0861699126,
        "operatingIncome": 37271000,
        "operatingIncomeRatio": 0.0645270194,
        "totalOtherIncomeExpensesNet": -23851000,
        "incomeBeforeTax": 13420000,
        "incomeBeforeTaxRatio": 0.0232339513,
        "incomeTaxExpense": -24347000,
        "netIncome": 37397000,
        "netIncomeRatio": 0.0647451623,
        "eps": 2.04,
        "epsdiluted": 2.04,
        "weightedAverageShsOut": 18376112,
        "weightedAverageShsOutDil": 18376112,
        "link": "https://www.sec.gov/Archives/edgar/data/1320461/000119312510073348/0001193125-10-073348-index.htm",
        "finalLink": "https://www.sec.gov/Archives/edgar/data/1320461/000119312510073348/d10k.htm"
    },
    {
        "date": "2009-09-30",
        "symbol": "CPS",
        "reportedCurrency": "USD",
        "cik": "0001320461",
        "fillingDate": "2009-11-13",
        "acceptedDate": "2009-11-13 14:56:10",
        "calendarYear": "2009",
        "period": "Q3",
        "revenue": 517842000,
        "costOfRevenue": 435775000,
        "grossProfit": 82067000,
        "grossProfitRatio": 0.158478841,
        "researchAndDevelopmentExpenses": 0,
        "generalAndAdministrativeExpenses": 0,
        "sellingAndMarketingExpenses": 0,
        "sellingGeneralAndAdministrativeExpenses": 52658000,
        "otherExpenses": 194000,
        "operatingExpenses": 52852000,
        "costAndExpenses": 488627000,
        "interestIncome": 0,
        "interestExpense": 11914000,
        "depreciationAndAmortization": 25969000,
        "ebitda": 52322000,
        "ebitdaratio": 0.1010385407,
        "operatingIncome": 24837000,
        "operatingIncomeRatio": 0.0479625059,
        "totalOtherIncomeExpensesNet": -10398000,
        "incomeBeforeTax": 14439000,
        "incomeBeforeTaxRatio": 0.0278830222,
        "incomeTaxExpense": 3773000,
        "netIncome": 10847000,
        "netIncomeRatio": 0.0209465435,
        "eps": 0.59,
        "epsdiluted": 0.59,
        "weightedAverageShsOut": 18376112,
        "weightedAverageShsOutDil": 18376112,
        "link": "https://www.sec.gov/Archives/edgar/data/1320461/000119312509234135/0001193125-09-234135-index.htm",
        "finalLink": "https://www.sec.gov/Archives/edgar/data/1320461/000119312509234135/d10q.htm"
    },
    {
        "date": "2009-06-30",
        "symbol": "CPS",
        "reportedCurrency": "USD",
        "cik": "0001320461",
        "fillingDate": "2009-08-14",
        "acceptedDate": "2009-08-14 16:20:26",
        "calendarYear": "2009",
        "period": "Q2",
        "revenue": 448046000,
        "costOfRevenue": 392759000,
        "grossProfit": 55287000,
        "grossProfitRatio": 0.123395812,
        "researchAndDevelopmentExpenses": 0,
        "generalAndAdministrativeExpenses": 0,
        "sellingAndMarketingExpenses": 0,
        "sellingGeneralAndAdministrativeExpenses": 48411000,
        "otherExpenses": 7371000,
        "operatingExpenses": 55782000,
        "costAndExpenses": 448541000,
        "interestIncome": 0,
        "interestExpense": 20621000,
        "depreciationAndAmortization": 32078000,
        "ebitda": -327932000,
        "ebitdaratio": -0.7319159193,
        "operatingIncome": -369124000,
        "operatingIncomeRatio": -0.823852908,
        "totalOtherIncomeExpensesNet": -11507000,
        "incomeBeforeTax": -380631000,
        "incomeBeforeTaxRatio": -0.8495355388,
        "incomeTaxExpense": -31287000,
        "netIncome": -349340000,
        "netIncomeRatio": -0.7796967276,
        "eps": -19.01,
        "epsdiluted": -19.01,
        "weightedAverageShsOut": 18376112,
        "weightedAverageShsOutDil": 18376112,
        "link": "https://www.sec.gov/Archives/edgar/data/1320461/000119312509175996/0001193125-09-175996-index.htm",
        "finalLink": "https://www.sec.gov/Archives/edgar/data/1320461/000119312509175996/d10q.htm"
    },
    {
        "date": "2009-03-31",
        "symbol": "CPS",
        "reportedCurrency": "USD",
        "cik": "0001320461",
        "fillingDate": "2009-05-15",
        "acceptedDate": "2009-05-15 12:12:44",
        "calendarYear": "2009",
        "period": "Q1",
        "revenue": 401768000,
        "costOfRevenue": 363936000,
        "grossProfit": 37832000,
        "grossProfitRatio": 0.094163796,
        "researchAndDevelopmentExpenses": 0,
        "generalAndAdministrativeExpenses": 0,
        "sellingAndMarketingExpenses": 0,
        "sellingGeneralAndAdministrativeExpenses": 45164000,
        "otherExpenses": 7218000,
        "operatingExpenses": 52382000,
        "costAndExpenses": 416318000,
        "interestIncome": 0,
        "interestExpense": 21097000,
        "depreciationAndAmortization": 30079000,
        "ebitda": -7926000,
        "ebitdaratio": -0.0197278031,
        "operatingIncome": -37113000,
        "operatingIncomeRatio": -0.092374206,
        "totalOtherIncomeExpensesNet": -21989000,
        "incomeBeforeTax": -59102000,
        "incomeBeforeTaxRatio": -0.1471047968,
        "incomeTaxExpense": -3825000,
        "netIncome": -54966000,
        "netIncomeRatio": -0.1368102985,
        "eps": -2.99,
        "epsdiluted": -2.99,
        "weightedAverageShsOut": 18376112,
        "weightedAverageShsOutDil": 18376112,
        "link": "https://www.sec.gov/Archives/edgar/data/1320461/000119312509112654/0001193125-09-112654-index.htm",
        "finalLink": "https://www.sec.gov/Archives/edgar/data/1320461/000119312509112654/d10q.htm"
    },
    {
        "date": "2008-12-31",
        "symbol": "CPS",
        "reportedCurrency": "USD",
        "cik": "0001320461",
        "fillingDate": "2009-03-31",
        "acceptedDate": "2009-03-31 13:10:55",
        "calendarYear": "2008",
        "period": "Q4",
        "revenue": 473261000,
        "costOfRevenue": 438339000,
        "grossProfit": 34922000,
        "grossProfitRatio": 0.0737901496,
        "researchAndDevelopmentExpenses": 0,
        "generalAndAdministrativeExpenses": 0,
        "sellingAndMarketingExpenses": 0,
        "sellingGeneralAndAdministrativeExpenses": 43941000,
        "otherExpenses": 7477000,
        "operatingExpenses": 51418000,
        "costAndExpenses": 489757000,
        "interestIncome": 0,
        "interestExpense": 21619000,
        "depreciationAndAmortization": 33900000,
        "ebitda": -44044000,
        "ebitdaratio": -0.0930649261,
        "operatingIncome": -71050000,
        "operatingIncomeRatio": -0.150128576,
        "totalOtherIncomeExpensesNet": -28513000,
        "incomeBeforeTax": -99563000,
        "incomeBeforeTaxRatio": -0.2103765153,
        "incomeTaxExpense": 16552000,
        "netIncome": -116115000,
        "netIncomeRatio": -0.245350874,
        "eps": -6.32,
        "epsdiluted": -6.32,
        "weightedAverageShsOut": 18376112,
        "weightedAverageShsOutDil": 18376112,
        "link": "https://www.sec.gov/Archives/edgar/data/1320461/000119312509068966/0001193125-09-068966-index.htm",
        "finalLink": "https://www.sec.gov/Archives/edgar/data/1320461/000119312509068966/d10k.htm"
    },
    {
        "date": "2008-09-30",
        "symbol": "CPS",
        "reportedCurrency": "USD",
        "cik": "0001320461",
        "fillingDate": "2008-11-12",
        "acceptedDate": "2008-11-12 14:54:09",
        "calendarYear": "2008",
        "period": "Q3",
        "revenue": 599656000,
        "costOfRevenue": 537172000,
        "grossProfit": 62484000,
        "grossProfitRatio": 0.1041997412,
        "researchAndDevelopmentExpenses": 0,
        "generalAndAdministrativeExpenses": 0,
        "sellingAndMarketingExpenses": 0,
        "sellingGeneralAndAdministrativeExpenses": 51336000,
        "otherExpenses": 7758000,
        "operatingExpenses": 59094000,
        "costAndExpenses": 596266000,
        "interestIncome": 0,
        "interestExpense": 23677000,
        "depreciationAndAmortization": 35181000,
        "ebitda": 25055000,
        "ebitdaratio": 0.0417822885,
        "operatingIncome": -10087000,
        "operatingIncomeRatio": -0.0168213109,
        "totalOtherIncomeExpensesNet": -23716000,
        "incomeBeforeTax": -33803000,
        "incomeBeforeTaxRatio": -0.0563706525,
        "incomeTaxExpense": -995000,
        "netIncome": -32595000,
        "netIncomeRatio": -0.0543561642,
        "eps": -1.77,
        "epsdiluted": -1.77,
        "weightedAverageShsOut": 18376112,
        "weightedAverageShsOutDil": 18376112,
        "link": "https://www.sec.gov/Archives/edgar/data/1320461/000119312508233626/0001193125-08-233626-index.htm",
        "finalLink": "https://www.sec.gov/Archives/edgar/data/1320461/000119312508233626/d10q.htm"
    },
    {
        "date": "2008-06-30",
        "symbol": "CPS",
        "reportedCurrency": "USD",
        "cik": "0001320461",
        "fillingDate": "2008-08-13",
        "acceptedDate": "2008-08-13 12:33:18",
        "calendarYear": "2008",
        "period": "Q2",
        "revenue": 765639000,
        "costOfRevenue": 647650000,
        "grossProfit": 117989000,
        "grossProfitRatio": 0.1541052637,
        "researchAndDevelopmentExpenses": 0,
        "generalAndAdministrativeExpenses": 0,
        "sellingAndMarketingExpenses": 0,
        "sellingGeneralAndAdministrativeExpenses": 69029000,
        "otherExpenses": 7925000,
        "operatingExpenses": 76954000,
        "costAndExpenses": 724604000,
        "interestIncome": 0,
        "interestExpense": 23383000,
        "depreciationAndAmortization": 35215000,
        "ebitda": 76521000,
        "ebitdaratio": 0.0999439684,
        "operatingIncome": 39792000,
        "operatingIncomeRatio": 0.0519722741,
        "totalOtherIncomeExpensesNet": -21869000,
        "incomeBeforeTax": 17923000,
        "incomeBeforeTaxRatio": 0.0234092046,
        "incomeTaxExpense": 6520000,
        "netIncome": 11587000,
        "netIncomeRatio": 0.0151337641,
        "eps": 0.63,
        "epsdiluted": 0.63,
        "weightedAverageShsOut": 18376112,
        "weightedAverageShsOutDil": 18376112,
        "link": "https://www.sec.gov/Archives/edgar/data/1320461/000095012308009464/0000950123-08-009464-index.htm",
        "finalLink": "https://www.sec.gov/Archives/edgar/data/1320461/000095012308009464/y65309e10vq.htm"
    },
    {
        "date": "2008-03-31",
        "symbol": "CPS",
        "reportedCurrency": "USD",
        "cik": "0001320461",
        "fillingDate": "2008-05-13",
        "acceptedDate": "2008-05-13 15:03:28",
        "calendarYear": "2008",
        "period": "Q1",
        "revenue": 756021000,
        "costOfRevenue": 636902000,
        "grossProfit": 119119000,
        "grossProfitRatio": 0.1575604381,
        "researchAndDevelopmentExpenses": 0,
        "generalAndAdministrativeExpenses": 0,
        "sellingAndMarketingExpenses": 0,
        "sellingGeneralAndAdministrativeExpenses": 67403000,
        "otherExpenses": 7836000,
        "operatingExpenses": 75239000,
        "costAndExpenses": 712141000,
        "interestIncome": 0,
        "interestExpense": 24215000,
        "depreciationAndAmortization": 35809000,
        "ebitda": 82947000,
        "ebitdaratio": 0.1097152063,
        "operatingIncome": 41485000,
        "operatingIncomeRatio": 0.0548728144,
        "totalOtherIncomeExpensesNet": -18562000,
        "incomeBeforeTax": 22923000,
        "incomeBeforeTaxRatio": 0.0303205863,
        "incomeTaxExpense": 7218000,
        "netIncome": 15672000,
        "netIncomeRatio": 0.0207295829,
        "eps": 0.85,
        "epsdiluted": 0.85,
        "weightedAverageShsOut": 18376112,
        "weightedAverageShsOutDil": 18376112,
        "link": "https://www.sec.gov/Archives/edgar/data/1320461/000095013608002537/0000950136-08-002537-index.htm",
        "finalLink": "https://www.sec.gov/Archives/edgar/data/1320461/000095013608002537/file1.htm"
    },
    {
        "date": "2007-12-31",
        "symbol": "CPS",
        "reportedCurrency": "USD",
        "cik": "0001320461",
        "fillingDate": "2008-03-31",
        "acceptedDate": "2008-03-31 14:28:40",
        "calendarYear": "2007",
        "period": "Q4",
        "revenue": 708324000,
        "costOfRevenue": 594954000,
        "grossProfit": 113370000,
        "grossProfitRatio": 0.1600538737,
        "researchAndDevelopmentExpenses": 0,
        "generalAndAdministrativeExpenses": 0,
        "sellingAndMarketingExpenses": 0,
        "sellingGeneralAndAdministrativeExpenses": 69361000,
        "otherExpenses": 8279000,
        "operatingExpenses": 77640000,
        "costAndExpenses": 672594000,
        "interestIncome": 0,
        "interestExpense": 24713000,
        "depreciationAndAmortization": 40460000,
        "ebitda": -75050000,
        "ebitdaratio": -0.1059543373,
        "operatingIncome": -117584000,
        "operatingIncomeRatio": -0.1660031285,
        "totalOtherIncomeExpensesNet": -22639000,
        "incomeBeforeTax": -140223000,
        "incomeBeforeTaxRatio": -0.1979644908,
        "incomeTaxExpense": 12340000,
        "netIncome": -152563000,
        "netIncomeRatio": -0.2153858968,
        "eps": -8.3,
        "epsdiluted": -8.3,
        "weightedAverageShsOut": 18376112,
        "weightedAverageShsOutDil": 18376112,
        "link": "https://www.sec.gov/Archives/edgar/data/1320461/000095013608001652/0000950136-08-001652-index.htm",
        "finalLink": "https://www.sec.gov/Archives/edgar/data/1320461/000095013608001652/file1.htm"
    },
    {
        "date": "2007-09-30",
        "symbol": "CPS",
        "reportedCurrency": "USD",
        "cik": "0001320461",
        "fillingDate": "2007-11-14",
        "acceptedDate": "2007-11-14 14:21:29",
        "calendarYear": "2007",
        "period": "Q3",
        "revenue": 602570000,
        "costOfRevenue": 519111000,
        "grossProfit": 83459000,
        "grossProfitRatio": 0.13850507,
        "researchAndDevelopmentExpenses": 0,
        "generalAndAdministrativeExpenses": 0,
        "sellingAndMarketingExpenses": 0,
        "sellingGeneralAndAdministrativeExpenses": 52744000,
        "otherExpenses": 7832000,
        "operatingExpenses": 60576000,
        "costAndExpenses": 579687000,
        "interestIncome": 0,
        "interestExpense": 21980000,
        "depreciationAndAmortization": 34281000,
        "ebitda": 50723000,
        "ebitdaratio": 0.0841777719,
        "operatingIncome": 17237000,
        "operatingIncomeRatio": 0.0286058051,
        "totalOtherIncomeExpensesNet": -22775000,
        "incomeBeforeTax": -5538000,
        "incomeBeforeTaxRatio": -0.0091906335,
        "incomeTaxExpense": 7252000,
        "netIncome": -12790000,
        "netIncomeRatio": -0.0212257497,
        "eps": -0.7,
        "epsdiluted": -0.7,
        "weightedAverageShsOut": 18376112,
        "weightedAverageShsOutDil": 18376112,
        "link": "https://www.sec.gov/Archives/edgar/data/1320461/000095013607007816/0000950136-07-007816-index.htm",
        "finalLink": "https://www.sec.gov/Archives/edgar/data/1320461/000095013607007816/file1.htm"
    },
    {
        "date": "2007-06-30",
        "symbol": "CPS",
        "reportedCurrency": "USD",
        "cik": "0001320461",
        "fillingDate": "2007-08-14",
        "acceptedDate": "2007-08-14 14:02:03",
        "calendarYear": "2007",
        "period": "Q2",
        "revenue": 623998000,
        "costOfRevenue": 517190000,
        "grossProfit": 106808000,
        "grossProfitRatio": 0.1711672153,
        "researchAndDevelopmentExpenses": 0,
        "generalAndAdministrativeExpenses": 0,
        "sellingAndMarketingExpenses": 0,
        "sellingGeneralAndAdministrativeExpenses": 51309000,
        "otherExpenses": 7930000,
        "operatingExpenses": 59239000,
        "costAndExpenses": 576429000,
        "interestIncome": 0,
        "interestExpense": 21040000,
        "depreciationAndAmortization": 31483000,
        "ebitda": 70786000,
        "ebitdaratio": 0.1134394662,
        "operatingIncome": 38520000,
        "operatingIncomeRatio": 0.0617309671,
        "totalOtherIncomeExpensesNet": -20257000,
        "incomeBeforeTax": 18263000,
        "incomeBeforeTaxRatio": 0.029267722,
        "incomeTaxExpense": 8577000,
        "netIncome": 9686000,
        "netIncomeRatio": 0.0155224856,
        "eps": 0.53,
        "epsdiluted": 0.53,
        "weightedAverageShsOut": 18376112,
        "weightedAverageShsOutDil": 18376112,
        "link": "https://www.sec.gov/Archives/edgar/data/1320461/000095013607005654/0000950136-07-005654-index.htm",
        "finalLink": "https://www.sec.gov/Archives/edgar/data/1320461/000095013607005654/file1.htm"
    },
    {
        "date": "2007-03-31",
        "symbol": "CPS",
        "reportedCurrency": "USD",
        "cik": "0001320461",
        "fillingDate": "2007-05-14",
        "acceptedDate": "2007-05-14 15:53:38",
        "calendarYear": "2007",
        "period": "Q1",
        "revenue": 576261000,
        "costOfRevenue": 482784000,
        "grossProfit": 93477000,
        "grossProfitRatio": 0.1622129556,
        "researchAndDevelopmentExpenses": 0,
        "generalAndAdministrativeExpenses": 0,
        "sellingAndMarketingExpenses": 0,
        "sellingGeneralAndAdministrativeExpenses": 48720000,
        "otherExpenses": 7809000,
        "operatingExpenses": 56529000,
        "costAndExpenses": 539313000,
        "interestIncome": 0,
        "interestExpense": 21844000,
        "depreciationAndAmortization": 29825000,
        "ebitda": 61120000,
        "ebitdaratio": 0.1060630513,
        "operatingIncome": 32205000,
        "operatingIncomeRatio": 0.0558861349,
        "totalOtherIncomeExpensesNet": -22754000,
        "incomeBeforeTax": 9451000,
        "incomeBeforeTaxRatio": 0.0164005546,
        "incomeTaxExpense": 4777000,
        "netIncome": 4674000,
        "netIncomeRatio": 0.0081109081,
        "eps": 0.25,
        "epsdiluted": 0.25,
        "weightedAverageShsOut": 18376112,
        "weightedAverageShsOutDil": 18376112,
        "link": "https://www.sec.gov/Archives/edgar/data/1320461/000095013607003471/0000950136-07-003471-index.htm",
        "finalLink": "https://www.sec.gov/Archives/edgar/data/1320461/000095013607003471/file1.htm"
    },
    {
        "date": "2006-12-31",
        "symbol": "CPS",
        "reportedCurrency": "USD",
        "cik": "0001320461",
        "fillingDate": "2007-04-02",
        "acceptedDate": "2007-04-02 12:04:23",
        "calendarYear": "2006",
        "period": "Q4",
        "revenue": 525953000,
        "costOfRevenue": 444054000,
        "grossProfit": 81899000,
        "grossProfitRatio": 0.1557154346,
        "researchAndDevelopmentExpenses": 0,
        "generalAndAdministrativeExpenses": 0,
        "sellingAndMarketingExpenses": 0,
        "sellingGeneralAndAdministrativeExpenses": 50025000,
        "otherExpenses": 7738000,
        "operatingExpenses": 57763000,
        "costAndExpenses": 501817000,
        "interestIncome": 0,
        "interestExpense": 22242000,
        "depreciationAndAmortization": 34698000,
        "ebitda": 40018000,
        "ebitdaratio": 0.0760866465,
        "operatingIncome": 2045000,
        "operatingIncomeRatio": 0.0038881801,
        "totalOtherIncomeExpensesNet": -18967000,
        "incomeBeforeTax": -16922000,
        "incomeBeforeTaxRatio": -0.0321739775,
        "incomeTaxExpense": -9959000,
        "netIncome": -6963000,
        "netIncomeRatio": -0.0132388255,
        "eps": -0.38,
        "epsdiluted": -0.38,
        "weightedAverageShsOut": 18376112,
        "weightedAverageShsOutDil": 18376112,
        "link": "https://www.sec.gov/Archives/edgar/data/1320461/000095013607002167/0000950136-07-002167-index.htm",
        "finalLink": "https://www.sec.gov/Archives/edgar/data/1320461/000095013607002167/file1.htm"
    },
    {
        "date": "2006-09-30",
        "symbol": "CPS",
        "reportedCurrency": "USD",
        "cik": "0001320461",
        "fillingDate": "2006-11-14",
        "acceptedDate": "2006-11-14 14:38:09",
        "calendarYear": "2006",
        "period": "Q3",
        "revenue": 505459000,
        "costOfRevenue": 442937000,
        "grossProfit": 62522000,
        "grossProfitRatio": 0.1236935142,
        "researchAndDevelopmentExpenses": 0,
        "generalAndAdministrativeExpenses": 0,
        "sellingAndMarketingExpenses": 0,
        "sellingGeneralAndAdministrativeExpenses": 49779000,
        "otherExpenses": 7907000,
        "operatingExpenses": 57686000,
        "costAndExpenses": 500623000,
        "interestIncome": 0,
        "interestExpense": 22689000,
        "depreciationAndAmortization": 36062000,
        "ebitda": 30146000,
        "ebitdaratio": 0.0596408413,
        "operatingIncome": -4277000,
        "operatingIncomeRatio": -0.0084616161,
        "totalOtherIncomeExpensesNet": -24328000,
        "incomeBeforeTax": -28605000,
        "incomeBeforeTaxRatio": -0.0565921272,
        "incomeTaxExpense": -1599000,
        "netIncome": -27006000,
        "netIncomeRatio": -0.0534286658,
        "eps": -1.47,
        "epsdiluted": -1.47,
        "weightedAverageShsOut": 18376112,
        "weightedAverageShsOutDil": 18376112,
        "link": "https://www.sec.gov/Archives/edgar/data/1320461/000095013606009533/0000950136-06-009533-index.htm",
        "finalLink": "https://www.sec.gov/Archives/edgar/data/1320461/000095013606009533/file1.htm"
    },
    {
        "date": "2006-06-30",
        "symbol": "CPS",
        "reportedCurrency": "USD",
        "cik": "0001320461",
        "fillingDate": "2006-08-14",
        "acceptedDate": "2006-08-14 13:38:43",
        "calendarYear": "2006",
        "period": "Q2",
        "revenue": 592479000,
        "costOfRevenue": 491360000,
        "grossProfit": 101119000,
        "grossProfitRatio": 0.170671028,
        "researchAndDevelopmentExpenses": 0,
        "generalAndAdministrativeExpenses": 0,
        "sellingAndMarketingExpenses": 0,
        "sellingGeneralAndAdministrativeExpenses": 51099000,
        "otherExpenses": 7872000,
        "operatingExpenses": 58971000,
        "costAndExpenses": 550331000,
        "interestIncome": 0,
        "interestExpense": 21949000,
        "depreciationAndAmortization": 35204000,
        "ebitda": 79163000,
        "ebitdaratio": 0.1336131745,
        "operatingIncome": 38423000,
        "operatingIncomeRatio": 0.0648512437,
        "totalOtherIncomeExpensesNet": -16413000,
        "incomeBeforeTax": 22010000,
        "incomeBeforeTaxRatio": 0.037148996,
        "incomeTaxExpense": 1943000,
        "netIncome": 20067000,
        "netIncomeRatio": 0.0338695549,
        "eps": 1.09,
        "epsdiluted": 1.09,
        "weightedAverageShsOut": 18376112,
        "weightedAverageShsOutDil": 18376112,
        "link": "https://www.sec.gov/Archives/edgar/data/1320461/000095013606006762/0000950136-06-006762-index.htm",
        "finalLink": "https://www.sec.gov/Archives/edgar/data/1320461/000095013606006762/file1.htm"
    },
    {
        "date": "2006-03-31",
        "symbol": "CPS",
        "reportedCurrency": "USD",
        "cik": "0001320461",
        "fillingDate": "2006-05-15",
        "acceptedDate": "2006-05-15 12:02:02",
        "calendarYear": "2006",
        "period": "Q1",
        "revenue": 540371000,
        "costOfRevenue": 453676000,
        "grossProfit": 86695000,
        "grossProfitRatio": 0.1604360708,
        "researchAndDevelopmentExpenses": 0,
        "generalAndAdministrativeExpenses": 0,
        "sellingAndMarketingExpenses": 0,
        "sellingGeneralAndAdministrativeExpenses": 48836000,
        "otherExpenses": 7508000,
        "operatingExpenses": 56344000,
        "costAndExpenses": 510020000,
        "interestIncome": 0,
        "interestExpense": 20267000,
        "depreciationAndAmortization": 32469000,
        "ebitda": 60589000,
        "ebitdaratio": 0.1121248179,
        "operatingIncome": 28128000,
        "operatingIncomeRatio": 0.0520531265,
        "totalOtherIncomeExpensesNet": -20275000,
        "incomeBeforeTax": 7853000,
        "incomeBeforeTaxRatio": 0.0145326082,
        "incomeTaxExpense": 2371000,
        "netIncome": 5482000,
        "netIncomeRatio": 0.0101448819,
        "eps": 0.3,
        "epsdiluted": 0.3,
        "weightedAverageShsOut": 18376112,
        "weightedAverageShsOutDil": 18376112,
        "link": "https://www.sec.gov/Archives/edgar/data/1320461/000095013606003864/0000950136-06-003864-index.htm",
        "finalLink": "https://www.sec.gov/Archives/edgar/data/1320461/000095013606003864/file001.htm"
    },
    {
        "date": "2005-12-31",
        "symbol": "CPS",
        "reportedCurrency": "USD",
        "cik": "0001320461",
        "fillingDate": "2006-03-31",
        "acceptedDate": "2006-03-31 16:43:35",
        "calendarYear": "2005",
        "period": "Q4",
        "revenue": 441503000,
        "costOfRevenue": 370305000,
        "grossProfit": 71198000,
        "grossProfitRatio": 0.1612627774,
        "researchAndDevelopmentExpenses": 0,
        "generalAndAdministrativeExpenses": 0,
        "sellingAndMarketingExpenses": 0,
        "sellingGeneralAndAdministrativeExpenses": 42455000,
        "otherExpenses": 7114000,
        "operatingExpenses": 49569000,
        "costAndExpenses": 419874000,
        "interestIncome": 0,
        "interestExpense": 17165000,
        "depreciationAndAmortization": 30280000,
        "ebitda": 50687000,
        "ebitdaratio": 0.1148055619,
        "operatingIncome": 19545000,
        "operatingIncomeRatio": 0.0442692349,
        "totalOtherIncomeExpensesNet": -16303000,
        "incomeBeforeTax": 3242000,
        "incomeBeforeTaxRatio": 0.0073430985,
        "incomeTaxExpense": 511000,
        "netIncome": 2731000,
        "netIncomeRatio": 0.0061856884,
        "eps": 0.15,
        "epsdiluted": 0.15,
        "weightedAverageShsOut": 18376112,
        "weightedAverageShsOutDil": 18376112,
        "link": "https://www.sec.gov/Archives/edgar/data/1320461/000095013606002619/0000950136-06-002619-index.htm",
        "finalLink": "https://www.sec.gov/Archives/edgar/data/1320461/000095013606002619/file001.htm"
    },
    {
        "date": "2005-09-30",
        "symbol": "CPS",
        "reportedCurrency": "USD",
        "cik": "0001320461",
        "fillingDate": "2005-11-14",
        "acceptedDate": "2005-11-14 17:07:06",
        "calendarYear": "2005",
        "period": "Q3",
        "revenue": 426655000,
        "costOfRevenue": 368324000,
        "grossProfit": 58331000,
        "grossProfitRatio": 0.1367170196,
        "researchAndDevelopmentExpenses": 0,
        "generalAndAdministrativeExpenses": 0,
        "sellingAndMarketingExpenses": 0,
        "sellingGeneralAndAdministrativeExpenses": 39660000,
        "otherExpenses": 7101000,
        "operatingExpenses": 46761000,
        "costAndExpenses": 415085000,
        "interestIncome": 0,
        "interestExpense": 16544000,
        "depreciationAndAmortization": 7101000,
        "ebitda": 23404000,
        "ebitdaratio": 0.0548546249,
        "operatingIncome": 11016000,
        "operatingIncomeRatio": 0.025819456,
        "totalOtherIncomeExpensesNet": -11257000,
        "incomeBeforeTax": -241000,
        "incomeBeforeTaxRatio": -0.0005648592,
        "incomeTaxExpense": 867000,
        "netIncome": -1108000,
        "netIncomeRatio": -0.002596946,
        "eps": -0.0603,
        "epsdiluted": -0.0603,
        "weightedAverageShsOut": 18376112,
        "weightedAverageShsOutDil": 18376112,
        "link": "https://www.sec.gov/Archives/edgar/data/1320461/000095013605007252/0000950136-05-007252-index.htm",
        "finalLink": "https://www.sec.gov/Archives/edgar/data/1320461/000095013605007252/file001.htm"
    },
    {
        "date": "2005-06-30",
        "symbol": "CPS",
        "reportedCurrency": "USD",
        "cik": "0001320461",
        "fillingDate": "2005-08-15",
        "acceptedDate": "2005-08-15 15:27:43",
        "calendarYear": "2005",
        "period": "Q2",
        "revenue": 489100000,
        "costOfRevenue": 409900000,
        "grossProfit": 79200000,
        "grossProfitRatio": 0.1619300756,
        "researchAndDevelopmentExpenses": 0,
        "generalAndAdministrativeExpenses": -39000,
        "sellingAndMarketingExpenses": 43839000,
        "sellingGeneralAndAdministrativeExpenses": 43800000,
        "otherExpenses": 7100000,
        "operatingExpenses": 50900000,
        "costAndExpenses": 460800000,
        "interestIncome": 0,
        "interestExpense": 16743000,
        "depreciationAndAmortization": 28100000,
        "ebitda": 28297000,
        "ebitdaratio": 0.0578552443,
        "operatingIncome": 25543000,
        "operatingIncomeRatio": 0.052224494,
        "totalOtherIncomeExpensesNet": -19497000,
        "incomeBeforeTax": 8800000,
        "incomeBeforeTaxRatio": 0.0179922306,
        "incomeTaxExpense": 1100000,
        "netIncome": 7700000,
        "netIncomeRatio": 0.0157432018,
        "eps": 2.41,
        "epsdiluted": 2.41,
        "weightedAverageShsOut": 3200000,
        "weightedAverageShsOutDil": 3200000,
        "link": "https://www.sec.gov/Archives/edgar/data/1320461/000095013605005038/0000950136-05-005038-index.htm",
        "finalLink": "https://www.sec.gov/Archives/edgar/data/1320461/000095013605005038/file001.htm"
    },
    {
        "date": "2005-03-31",
        "symbol": "CPS",
        "reportedCurrency": "USD",
        "cik": "0001320461",
        "fillingDate": "2005-05-13",
        "acceptedDate": "2005-05-13 15:44:00",
        "calendarYear": "2005",
        "period": "Q1",
        "revenue": 470141000,
        "costOfRevenue": 401764000,
        "grossProfit": 68377000,
        "grossProfitRatio": 0.1454393469,
        "researchAndDevelopmentExpenses": 0,
        "generalAndAdministrativeExpenses": 0,
        "sellingAndMarketingExpenses": 0,
        "sellingGeneralAndAdministrativeExpenses": 0,
        "otherExpenses": 0,
        "operatingExpenses": 50961000,
        "costAndExpenses": 452725000,
        "interestIncome": 0,
        "interestExpense": -16131000,
        "depreciationAndAmortization": 0,
        "ebitda": 17416000,
        "ebitdaratio": 0.0370442059,
        "operatingIncome": 17416000,
        "operatingIncomeRatio": 0.0370442059,
        "totalOtherIncomeExpensesNet": -17991000,
        "incomeBeforeTax": -575000,
        "incomeBeforeTaxRatio": -0.0012230373,
        "incomeTaxExpense": -97000,
        "netIncome": -478000,
        "netIncomeRatio": -0.0010167163,
        "eps": -0.15,
        "epsdiluted": -0.15,
        "weightedAverageShsOut": 3200000,
        "weightedAverageShsOutDil": 3200000,
        "link": "https://www.sec.gov/Archives/edgar/data/1320461/000095013605002785/0000950136-05-002785-index.htm",
        "finalLink": "https://www.sec.gov/Archives/edgar/data/1320461/000095013605002785/file001.htm"
    }
]