[
    {
        "date": "2025-09-30",
        "symbol": "CR",
        "reportedCurrency": "USD",
        "cik": "0001944013",
        "fillingDate": "2025-09-30",
        "acceptedDate": "2025-09-30 16:45:19",
        "calendarYear": "2025",
        "period": "Q3",
        "revenue": 589200000,
        "costOfRevenue": 337900000,
        "grossProfit": 251300000,
        "grossProfitRatio": 0.42651052274270196,
        "researchAndDevelopmentExpenses": 0,
        "generalAndAdministrativeExpenses": 132900000,
        "sellingAndMarketingExpenses": 0,
        "sellingGeneralAndAdministrativeExpenses": 132900000,
        "otherExpenses": 0,
        "operatingExpenses": 132900000,
        "costAndExpenses": 470800000,
        "interestIncome": 2200000,
        "interestExpense": 1000000,
        "depreciationAndAmortization": 12200000,
        "ebitda": 133600000,
        "ebitdaratio": 0.22674813306177868,
        "operatingIncome": 118400000,
        "operatingIncomeRatio": 0.20095044127630685,
        "totalOtherIncomeExpensesNet": 2000000,
        "incomeBeforeTax": 120400000,
        "incomeBeforeTaxRatio": 0.2043448744059742,
        "incomeTaxExpense": 29000000,
        "netIncome": 91400000,
        "netIncomeRatio": 0.1551255940257977,
        "eps": 1.56,
        "epsdiluted": 1.56,
        "weightedAverageShsOut": 57600000,
        "weightedAverageShsOutDil": 58600000,
        "link": "https://www.sec.gov/Archives/edgar/data/1944013/000119312525225160/0001193125-25-225160-index.htm",
        "finalLink": "https://www.sec.gov/Archives/edgar/data/1944013/000119312525225160/d41668dex101.htm"
    },
    {
        "date": "2025-06-30",
        "symbol": "CR",
        "reportedCurrency": "USD",
        "cik": "0001944013",
        "fillingDate": "2025-07-31",
        "acceptedDate": "2025-07-31 15:34:44",
        "calendarYear": "2025",
        "period": "Q2",
        "revenue": 577200000,
        "costOfRevenue": 334900000,
        "grossProfit": 242300000,
        "grossProfitRatio": 0.4197851698,
        "researchAndDevelopmentExpenses": 0,
        "generalAndAdministrativeExpenses": 0,
        "sellingAndMarketingExpenses": 0,
        "sellingGeneralAndAdministrativeExpenses": 139400000,
        "otherExpenses": 0,
        "operatingExpenses": 139400000,
        "costAndExpenses": 474300000,
        "interestIncome": 2900000,
        "interestExpense": 4300000,
        "depreciationAndAmortization": 13100000,
        "ebitda": 122000000,
        "ebitdaratio": 0.2113652114,
        "operatingIncome": 102900000,
        "operatingIncomeRatio": 0.1782744283,
        "totalOtherIncomeExpensesNet": 1700000,
        "incomeBeforeTax": 104600000,
        "incomeBeforeTaxRatio": 0.1812196812,
        "incomeTaxExpense": 24300000,
        "netIncome": 86400000,
        "netIncomeRatio": 0.1496881497,
        "eps": 1.4,
        "epsdiluted": 1.37,
        "weightedAverageShsOut": 57400000,
        "weightedAverageShsOutDil": 58500000,
        "link": "https://www.sec.gov/Archives/edgar/data/1944013/000162828025036977/0001628280-25-036977-index.htm",
        "finalLink": "https://www.sec.gov/Archives/edgar/data/1944013/000162828025036977/cr-20250630.htm"
    },
    {
        "date": "2025-03-31",
        "symbol": "CR",
        "reportedCurrency": "USD",
        "cik": "0001944013",
        "fillingDate": "2025-05-01",
        "acceptedDate": "2025-05-01 15:31:47",
        "calendarYear": "2025",
        "period": "Q1",
        "revenue": 557600000,
        "costOfRevenue": 320000000,
        "grossProfit": 237600000,
        "grossProfitRatio": 0.4261119082,
        "researchAndDevelopmentExpenses": 0,
        "generalAndAdministrativeExpenses": 0,
        "sellingAndMarketingExpenses": 0,
        "sellingGeneralAndAdministrativeExpenses": 140500000,
        "otherExpenses": -4000000,
        "operatingExpenses": 136500000,
        "costAndExpenses": 456500000,
        "interestIncome": 3200000,
        "interestExpense": 4500000,
        "depreciationAndAmortization": 12500000,
        "ebitda": 109600000,
        "ebitdaratio": 0.1965566714,
        "operatingIncome": 101100000,
        "operatingIncomeRatio": 0.181312769,
        "totalOtherIncomeExpensesNet": -2300000,
        "incomeBeforeTax": 98800000,
        "incomeBeforeTaxRatio": 0.1771879484,
        "incomeTaxExpense": 20500000,
        "netIncome": 107100000,
        "netIncomeRatio": 0.1920731707,
        "eps": 1.87,
        "epsdiluted": 1.87,
        "weightedAverageShsOut": 57400000,
        "weightedAverageShsOutDil": 58500000,
        "link": "https://www.sec.gov/Archives/edgar/data/1944013/000162828025021491/0001628280-25-021491-index.htm",
        "finalLink": "https://www.sec.gov/Archives/edgar/data/1944013/000162828025021491/cr-20250331.htm"
    },
    {
        "date": "2024-12-31",
        "symbol": "CR",
        "reportedCurrency": "USD",
        "cik": "0001944013",
        "fillingDate": "2025-02-20",
        "acceptedDate": "2025-02-20 16:19:00",
        "calendarYear": "2024",
        "period": "Q4",
        "revenue": 544100000,
        "costOfRevenue": 321600000,
        "grossProfit": 222500000,
        "grossProfitRatio": 0.4089321816,
        "researchAndDevelopmentExpenses": 0,
        "generalAndAdministrativeExpenses": 0,
        "sellingAndMarketingExpenses": 0,
        "sellingGeneralAndAdministrativeExpenses": 136300000,
        "otherExpenses": 0,
        "operatingExpenses": 136300000,
        "costAndExpenses": 457900000,
        "interestIncome": 1500000,
        "interestExpense": 5300000,
        "depreciationAndAmortization": 13500000,
        "ebitda": 99700000,
        "ebitdaratio": 0.1832383753,
        "operatingIncome": 86200000,
        "operatingIncomeRatio": 0.1584267598,
        "totalOtherIncomeExpensesNet": -300000,
        "incomeBeforeTax": 85900000,
        "incomeBeforeTaxRatio": 0.1578753906,
        "incomeTaxExpense": 15600000,
        "netIncome": 81000000,
        "netIncomeRatio": 0.1488696931,
        "eps": 1.42,
        "epsdiluted": 1.4,
        "weightedAverageShsOut": 57100000,
        "weightedAverageShsOutDil": 57800000,
        "link": "https://www.sec.gov/Archives/edgar/data/25445/000162828025006754/0001628280-25-006754-index.htm",
        "finalLink": "https://www.sec.gov/Archives/edgar/data/25445/000162828025006754/cxt-20241231.htm"
    },
    {
        "date": "2024-09-30",
        "symbol": "CR",
        "reportedCurrency": "USD",
        "cik": "0001944013",
        "fillingDate": "2024-10-31",
        "acceptedDate": "2024-10-31 16:14:05",
        "calendarYear": "2024",
        "period": "Q3",
        "revenue": 597200000,
        "costOfRevenue": 359200000,
        "grossProfit": 238000000,
        "grossProfitRatio": 0.3985264568,
        "researchAndDevelopmentExpenses": 0,
        "generalAndAdministrativeExpenses": 0,
        "sellingAndMarketingExpenses": 0,
        "sellingGeneralAndAdministrativeExpenses": 132400000,
        "otherExpenses": 400000,
        "operatingExpenses": 132800000,
        "costAndExpenses": 492000000,
        "interestIncome": 1500000,
        "interestExpense": 7300000,
        "depreciationAndAmortization": 13900000,
        "ebitda": 119500000,
        "ebitdaratio": 0.2001004689,
        "operatingIncome": 105200000,
        "operatingIncomeRatio": 0.1761553918,
        "totalOtherIncomeExpensesNet": -5100000,
        "incomeBeforeTax": 100100000,
        "incomeBeforeTaxRatio": 0.1676155392,
        "incomeTaxExpense": 22800000,
        "netIncome": 77300000,
        "netIncomeRatio": 0.1294373744,
        "eps": 1.35,
        "epsdiluted": 1.33,
        "weightedAverageShsOut": 57200000,
        "weightedAverageShsOutDil": 58200000,
        "link": "https://www.sec.gov/Archives/edgar/data/1944013/000162828024044560/0001628280-24-044560-index.htm",
        "finalLink": "https://www.sec.gov/Archives/edgar/data/1944013/000162828024044560/cr-20240930.htm"
    },
    {
        "date": "2024-06-30",
        "symbol": "CR",
        "reportedCurrency": "USD",
        "cik": "0001944013",
        "fillingDate": "2024-08-07",
        "acceptedDate": "2024-08-07 16:24:26",
        "calendarYear": "2024",
        "period": "Q2",
        "revenue": 528600000,
        "costOfRevenue": 317100000,
        "grossProfit": 211500000,
        "grossProfitRatio": 0.4001135074,
        "researchAndDevelopmentExpenses": 0,
        "generalAndAdministrativeExpenses": 0,
        "sellingAndMarketingExpenses": 0,
        "sellingGeneralAndAdministrativeExpenses": 127300000,
        "otherExpenses": -5100000,
        "operatingExpenses": 122200000,
        "costAndExpenses": 439300000,
        "interestIncome": 1300000,
        "interestExpense": 7400000,
        "depreciationAndAmortization": 12800000,
        "ebitda": 104700000,
        "ebitdaratio": 0.1980703746,
        "operatingIncome": 89300000,
        "operatingIncomeRatio": 0.1689368142,
        "totalOtherIncomeExpensesNet": -4800000,
        "incomeBeforeTax": 84500000,
        "incomeBeforeTaxRatio": 0.159856224,
        "incomeTaxExpense": 18200000,
        "netIncome": 71600000,
        "netIncomeRatio": 0.1354521377,
        "eps": 1.25,
        "epsdiluted": 1.23,
        "weightedAverageShsOut": 57200000,
        "weightedAverageShsOutDil": 58300000,
        "link": "https://www.sec.gov/Archives/edgar/data/25445/000162828024035654/0001628280-24-035654-index.htm",
        "finalLink": "https://www.sec.gov/Archives/edgar/data/25445/000162828024035654/cxt-20240630.htm"
    },
    {
        "date": "2024-03-31",
        "symbol": "CR",
        "reportedCurrency": "USD",
        "cik": "0001944013",
        "fillingDate": "2024-05-01",
        "acceptedDate": "2024-05-01 16:28:33",
        "calendarYear": "2024",
        "period": "Q1",
        "revenue": 510200000,
        "costOfRevenue": 303400000,
        "grossProfit": 206800000,
        "grossProfitRatio": 0.4053312426,
        "researchAndDevelopmentExpenses": 0,
        "generalAndAdministrativeExpenses": 0,
        "sellingAndMarketingExpenses": 0,
        "sellingGeneralAndAdministrativeExpenses": 125500000,
        "otherExpenses": 0,
        "operatingExpenses": 125500000,
        "costAndExpenses": 428900000,
        "interestIncome": 1200000,
        "interestExpense": 7200000,
        "depreciationAndAmortization": 11900000,
        "ebitda": 93200000,
        "ebitdaratio": 0.1826734614,
        "operatingIncome": 81300000,
        "operatingIncomeRatio": 0.1593492748,
        "totalOtherIncomeExpensesNet": -7200000,
        "incomeBeforeTax": 74100000,
        "incomeBeforeTaxRatio": 0.1452371619,
        "incomeTaxExpense": 15300000,
        "netIncome": 64800000,
        "netIncomeRatio": 0.1270090161,
        "eps": 1.14,
        "epsdiluted": 1.12,
        "weightedAverageShsOut": 57000000,
        "weightedAverageShsOutDil": 58100000,
        "link": "https://www.sec.gov/Archives/edgar/data/1944013/000162828024019638/0001628280-24-019638-index.htm",
        "finalLink": "https://www.sec.gov/Archives/edgar/data/1944013/000162828024019638/cr-20240331.htm"
    },
    {
        "date": "2023-12-31",
        "symbol": "CR",
        "reportedCurrency": "USD",
        "cik": "0001944013",
        "fillingDate": "2024-02-26",
        "acceptedDate": "2024-02-26 16:49:57",
        "calendarYear": "2023",
        "period": "Q4",
        "revenue": 308600000,
        "costOfRevenue": 168800000,
        "grossProfit": 139800000,
        "grossProfitRatio": 0.4530136099,
        "researchAndDevelopmentExpenses": 54800000,
        "generalAndAdministrativeExpenses": 0,
        "sellingAndMarketingExpenses": 0,
        "sellingGeneralAndAdministrativeExpenses": 74700000,
        "otherExpenses": -23200000,
        "operatingExpenses": 106300000,
        "costAndExpenses": 275100000,
        "interestIncome": 1900000,
        "interestExpense": 6000000,
        "depreciationAndAmortization": 7100000,
        "ebitda": 72200000,
        "ebitdaratio": 0.2339598185,
        "operatingIncome": 33500000,
        "operatingIncomeRatio": 0.1085547634,
        "totalOtherIncomeExpensesNet": -3300000,
        "incomeBeforeTax": 30200000,
        "incomeBeforeTaxRatio": 0.0978613091,
        "incomeTaxExpense": 8700000,
        "netIncome": 49400000,
        "netIncomeRatio": 0.1600777706,
        "eps": 0.87,
        "epsdiluted": 0.86,
        "weightedAverageShsOut": 56900000,
        "weightedAverageShsOutDil": 57600000,
        "link": "https://www.sec.gov/Archives/edgar/data/1944013/000162828024006915/0001628280-24-006915-index.htm",
        "finalLink": "https://www.sec.gov/Archives/edgar/data/1944013/000162828024006915/cr-20231231.htm"
    },
    {
        "date": "2023-09-30",
        "symbol": "CR",
        "reportedCurrency": "USD",
        "cik": "0001944013",
        "fillingDate": "2023-11-01",
        "acceptedDate": "2023-11-01 16:19:39",
        "calendarYear": "2023",
        "period": "Q3",
        "revenue": 530100000,
        "costOfRevenue": 326900000,
        "grossProfit": 203200000,
        "grossProfitRatio": 0.3833239012,
        "researchAndDevelopmentExpenses": 0,
        "generalAndAdministrativeExpenses": 0,
        "sellingAndMarketingExpenses": 0,
        "sellingGeneralAndAdministrativeExpenses": 128300000,
        "otherExpenses": -1400000,
        "operatingExpenses": 126900000,
        "costAndExpenses": 453800000,
        "interestIncome": 1500000,
        "interestExpense": 4700000,
        "depreciationAndAmortization": 9300000,
        "ebitda": 84200000,
        "ebitdaratio": 0.1588379551,
        "operatingIncome": 76300000,
        "operatingIncomeRatio": 0.1439351066,
        "totalOtherIncomeExpensesNet": -2000000,
        "incomeBeforeTax": 74300000,
        "incomeBeforeTaxRatio": 0.1401622335,
        "incomeTaxExpense": 19100000,
        "netIncome": 55200000,
        "netIncomeRatio": 0.104131296,
        "eps": 0.97,
        "epsdiluted": 0.96,
        "weightedAverageShsOut": 56800000,
        "weightedAverageShsOutDil": 57500000,
        "link": "https://www.sec.gov/Archives/edgar/data/1944013/000162828023035994/0001628280-23-035994-index.htm",
        "finalLink": "https://www.sec.gov/Archives/edgar/data/1944013/000162828023035994/cr-20230930.htm"
    },
    {
        "date": "2023-06-30",
        "symbol": "CR",
        "reportedCurrency": "USD",
        "cik": "0001944013",
        "fillingDate": "2023-08-02",
        "acceptedDate": "2023-08-02 17:19:44",
        "calendarYear": "2023",
        "period": "Q2",
        "revenue": 509600000,
        "costOfRevenue": 308500000,
        "grossProfit": 201100000,
        "grossProfitRatio": 0.3946232339,
        "researchAndDevelopmentExpenses": 0,
        "generalAndAdministrativeExpenses": 0,
        "sellingAndMarketingExpenses": 0,
        "sellingGeneralAndAdministrativeExpenses": 139500000,
        "otherExpenses": -1500000,
        "operatingExpenses": 138000000,
        "costAndExpenses": 446500000,
        "interestIncome": 800000,
        "interestExpense": 5300000,
        "depreciationAndAmortization": 9800000,
        "ebitda": 71400000,
        "ebitdaratio": 0.1401098901,
        "operatingIncome": 63100000,
        "operatingIncomeRatio": 0.123822606,
        "totalOtherIncomeExpensesNet": -5800000,
        "incomeBeforeTax": 57300000,
        "incomeBeforeTaxRatio": 0.1124411303,
        "incomeTaxExpense": 14000000,
        "netIncome": 45600000,
        "netIncomeRatio": 0.0894819466,
        "eps": 0.8,
        "epsdiluted": 0.79,
        "weightedAverageShsOut": 56700000,
        "weightedAverageShsOutDil": 57400000,
        "link": "https://www.sec.gov/Archives/edgar/data/1944013/000162828023026826/0001628280-23-026826-index.htm",
        "finalLink": "https://www.sec.gov/Archives/edgar/data/1944013/000162828023026826/cr-20230630.htm"
    },
    {
        "date": "2023-03-31",
        "symbol": "CR",
        "reportedCurrency": "USD",
        "cik": "0001944013",
        "fillingDate": "2023-05-10",
        "acceptedDate": "2023-05-10 16:46:50",
        "calendarYear": "2023",
        "period": "Q1",
        "revenue": 513799999,
        "costOfRevenue": 306900000,
        "grossProfit": 206900000,
        "grossProfitRatio": 0.4026858708,
        "researchAndDevelopmentExpenses": 0,
        "generalAndAdministrativeExpenses": 0,
        "sellingAndMarketingExpenses": 0,
        "sellingGeneralAndAdministrativeExpenses": 130900000,
        "otherExpenses": -1500000,
        "operatingExpenses": 129399999,
        "costAndExpenses": 436299999,
        "interestIncome": 900000,
        "interestExpense": 6600000,
        "depreciationAndAmortization": 9200000,
        "ebitda": 85200000,
        "ebitdaratio": 0.1658232779,
        "operatingIncome": 77500000,
        "operatingIncomeRatio": 0.1508369018,
        "totalOtherIncomeExpensesNet": -6200000,
        "incomeBeforeTax": 71300000,
        "incomeBeforeTaxRatio": 0.1387699497,
        "incomeTaxExpense": 15400000,
        "netIncome": 105700000,
        "netIncomeRatio": 0.2057220712,
        "eps": 1.87,
        "epsdiluted": 1.84,
        "weightedAverageShsOut": 56500000,
        "weightedAverageShsOutDil": 57300000,
        "link": "https://www.sec.gov/Archives/edgar/data/1944013/000162828023017288/0001628280-23-017288-index.htm",
        "finalLink": "https://www.sec.gov/Archives/edgar/data/1944013/000162828023017288/cr-20230331.htm"
    },
    {
        "date": "2022-12-31",
        "symbol": "CR",
        "reportedCurrency": "USD",
        "cik": "0001944013",
        "fillingDate": "2023-03-31",
        "acceptedDate": "2023-03-30 20:47:53",
        "calendarYear": "2022",
        "period": "Q4",
        "revenue": 485900000,
        "costOfRevenue": 310800000,
        "grossProfit": 175100000,
        "grossProfitRatio": 0.3603622144,
        "researchAndDevelopmentExpenses": 49200000,
        "generalAndAdministrativeExpenses": 0,
        "sellingAndMarketingExpenses": 0,
        "sellingGeneralAndAdministrativeExpenses": 154200000,
        "otherExpenses": -76900000,
        "operatingExpenses": 126500000,
        "costAndExpenses": 437300000,
        "interestIncome": 1100000,
        "interestExpense": 16200000,
        "depreciationAndAmortization": 9300000,
        "ebitda": 30200000,
        "ebitdaratio": 0.0621527063,
        "operatingIncome": 48600000,
        "operatingIncomeRatio": 0.1000205804,
        "totalOtherIncomeExpensesNet": -17500000,
        "incomeBeforeTax": 31100000,
        "incomeBeforeTaxRatio": 0.0640049393,
        "incomeTaxExpense": -8700000,
        "netIncome": 97200000,
        "netIncomeRatio": 0.2000411607,
        "eps": 1.9,
        "epsdiluted": 1.87,
        "weightedAverageShsOut": 56200000,
        "weightedAverageShsOutDil": 56900000,
        "link": "https://www.sec.gov/Archives/edgar/data/1944013/000119312523086014/0001193125-23-086014-index.htm",
        "finalLink": "https://www.sec.gov/Archives/edgar/data/1944013/000119312523086014/d462111d10k.htm"
    },
    {
        "date": "2022-09-30",
        "symbol": "CR",
        "reportedCurrency": "USD",
        "cik": "0001944013",
        "fillingDate": "2022-11-01",
        "acceptedDate": "2022-11-01 16:55:19",
        "calendarYear": "2022",
        "period": "Q3",
        "revenue": 480000000,
        "costOfRevenue": 310700000,
        "grossProfit": 169300000,
        "grossProfitRatio": 0.3527083333,
        "researchAndDevelopmentExpenses": 0,
        "generalAndAdministrativeExpenses": 0,
        "sellingAndMarketingExpenses": 0,
        "sellingGeneralAndAdministrativeExpenses": 118500000,
        "otherExpenses": 168000000,
        "operatingExpenses": 286500000,
        "costAndExpenses": 597200000,
        "interestIncome": 1400000,
        "interestExpense": 3000000,
        "depreciationAndAmortization": 9300000,
        "ebitda": 60100000,
        "ebitdaratio": 0.1252083333,
        "operatingIncome": -117200000,
        "operatingIncomeRatio": -0.2441666667,
        "totalOtherIncomeExpensesNet": 6700000,
        "incomeBeforeTax": -110500000,
        "incomeBeforeTaxRatio": -0.2302083333,
        "incomeTaxExpense": 10400000,
        "netIncome": -59300000,
        "netIncomeRatio": -0.1235416667,
        "eps": -1.06,
        "epsdiluted": -1.06,
        "weightedAverageShsOut": 55972222,
        "weightedAverageShsOutDil": 56100000,
        "link": "https://www.sec.gov/Archives/edgar/data/25445/000162828022027586/0001628280-22-027586-index.htm",
        "finalLink": "https://www.sec.gov/Archives/edgar/data/25445/000162828022027586/cr-20220930.htm"
    },
    {
        "date": "2022-06-30",
        "symbol": "CR",
        "reportedCurrency": "USD",
        "cik": "0001944013",
        "fillingDate": "2022-08-03",
        "acceptedDate": "2022-08-03 17:06:06",
        "calendarYear": "2022",
        "period": "Q2",
        "revenue": 530299999,
        "costOfRevenue": 352800000,
        "grossProfit": 177500000,
        "grossProfitRatio": 0.334716199,
        "researchAndDevelopmentExpenses": 0,
        "generalAndAdministrativeExpenses": 0,
        "sellingAndMarketingExpenses": 0,
        "sellingGeneralAndAdministrativeExpenses": 129800000,
        "otherExpenses": 3999999,
        "operatingExpenses": 133799999,
        "costAndExpenses": 486599999,
        "interestIncome": 600000,
        "interestExpense": 800000,
        "depreciationAndAmortization": 32400000,
        "ebitda": 80100000,
        "ebitdaratio": 0.1510465777,
        "operatingIncome": 43700000,
        "operatingIncomeRatio": 0.0824061853,
        "totalOtherIncomeExpensesNet": 241500000,
        "incomeBeforeTax": 285200000,
        "incomeBeforeTaxRatio": 0.5378087885,
        "incomeTaxExpense": 78600000,
        "netIncome": 258200000,
        "netIncomeRatio": 0.4868942117,
        "eps": 4.6025,
        "epsdiluted": 4.5378,
        "weightedAverageShsOut": 56100000,
        "weightedAverageShsOutDil": 56900000,
        "link": "https://www.sec.gov/Archives/edgar/data/25445/000162828022020668/0001628280-22-020668-index.htm",
        "finalLink": "https://www.sec.gov/Archives/edgar/data/25445/000162828022020668/cr-20220630.htm"
    },
    {
        "date": "2022-03-31",
        "symbol": "CR",
        "reportedCurrency": "USD",
        "cik": "0001944013",
        "fillingDate": "2022-05-04",
        "acceptedDate": "2022-05-04 17:05:34",
        "calendarYear": "2022",
        "period": "Q1",
        "revenue": 538800000,
        "costOfRevenue": 347100000,
        "grossProfit": 191700000,
        "grossProfitRatio": 0.3557906459,
        "researchAndDevelopmentExpenses": 0,
        "generalAndAdministrativeExpenses": 0,
        "sellingAndMarketingExpenses": 0,
        "sellingGeneralAndAdministrativeExpenses": 124800000,
        "otherExpenses": 4100000,
        "operatingExpenses": 128900000,
        "costAndExpenses": 476000000,
        "interestIncome": 4000000,
        "interestExpense": 700000,
        "depreciationAndAmortization": 28600000,
        "ebitda": 95500000,
        "ebitdaratio": 0.1772457313,
        "operatingIncome": 62800000,
        "operatingIncomeRatio": 0.1165553081,
        "totalOtherIncomeExpensesNet": 2799999,
        "incomeBeforeTax": 65599999,
        "incomeBeforeTaxRatio": 0.1217520397,
        "incomeTaxExpense": 19500000,
        "netIncome": 105000000,
        "netIncomeRatio": 0.1948775056,
        "eps": 1.8389,
        "epsdiluted": 1.8135,
        "weightedAverageShsOut": 57100000,
        "weightedAverageShsOutDil": 57900000,
        "link": "https://www.sec.gov/Archives/edgar/data/25445/000162828022012335/0001628280-22-012335-index.htm",
        "finalLink": "https://www.sec.gov/Archives/edgar/data/25445/000162828022012335/cr-20220331.htm"
    },
    {
        "date": "2021-12-31",
        "symbol": "CR",
        "reportedCurrency": "USD",
        "cik": "0001944013",
        "fillingDate": "2022-02-28",
        "acceptedDate": "2022-02-28 17:05:51",
        "calendarYear": "2021",
        "period": "Q4",
        "revenue": 825200000,
        "costOfRevenue": 526799999,
        "grossProfit": 298400000,
        "grossProfitRatio": 0.3616093068,
        "researchAndDevelopmentExpenses": 82700000,
        "generalAndAdministrativeExpenses": 0,
        "sellingAndMarketingExpenses": 0,
        "sellingGeneralAndAdministrativeExpenses": 240300000,
        "otherExpenses": -117999999,
        "operatingExpenses": 205000000,
        "costAndExpenses": 731800000,
        "interestIncome": 300000,
        "interestExpense": 10900000,
        "depreciationAndAmortization": 29700000,
        "ebitda": 87800000,
        "ebitdaratio": 0.1063984489,
        "operatingIncome": 93400000,
        "operatingIncomeRatio": 0.1131846825,
        "totalOtherIncomeExpensesNet": -8700000,
        "incomeBeforeTax": 84700000,
        "incomeBeforeTaxRatio": 0.1026417838,
        "incomeTaxExpense": 12600000,
        "netIncome": 72100000,
        "netIncomeRatio": 0.0873727581,
        "eps": 1.23,
        "epsdiluted": 1.22,
        "weightedAverageShsOut": 58400000,
        "weightedAverageShsOutDil": 59200000,
        "link": "https://www.sec.gov/Archives/edgar/data/25445/000162828022004278/0001628280-22-004278-index.htm",
        "finalLink": "https://www.sec.gov/Archives/edgar/data/25445/000162828022004278/cr-20211231.htm"
    },
    {
        "date": "2021-09-30",
        "symbol": "CR",
        "reportedCurrency": "USD",
        "cik": "0001944013",
        "fillingDate": "2021-11-02",
        "acceptedDate": "2021-11-02 17:01:23",
        "calendarYear": "2021",
        "period": "Q3",
        "revenue": 893800000,
        "costOfRevenue": 556300000,
        "grossProfit": 337500000,
        "grossProfitRatio": 0.3776012531,
        "researchAndDevelopmentExpenses": 0,
        "generalAndAdministrativeExpenses": 0,
        "sellingAndMarketingExpenses": 0,
        "sellingGeneralAndAdministrativeExpenses": 190500000,
        "otherExpenses": 2200000,
        "operatingExpenses": 192700000,
        "costAndExpenses": 749000000,
        "interestIncome": 200000,
        "interestExpense": 11000000,
        "depreciationAndAmortization": 29100000,
        "ebitda": 176100000,
        "ebitdaratio": 0.1970239427,
        "operatingIncome": 144800000,
        "operatingIncomeRatio": 0.1620049228,
        "totalOtherIncomeExpensesNet": -7200000,
        "incomeBeforeTax": 137600000,
        "incomeBeforeTaxRatio": 0.1539494294,
        "incomeTaxExpense": 21000000,
        "netIncome": 116600000,
        "netIncomeRatio": 0.1304542403,
        "eps": 1.99,
        "epsdiluted": 1.96,
        "weightedAverageShsOut": 58700000,
        "weightedAverageShsOutDil": 59500000,
        "link": "https://www.sec.gov/Archives/edgar/data/25445/000162828021021220/0001628280-21-021220-index.htm",
        "finalLink": "https://www.sec.gov/Archives/edgar/data/25445/000162828021021220/cr-20210930.htm"
    },
    {
        "date": "2021-06-30",
        "symbol": "CR",
        "reportedCurrency": "USD",
        "cik": "0001944013",
        "fillingDate": "2021-08-04",
        "acceptedDate": "2021-08-04 17:07:05",
        "calendarYear": "2021",
        "period": "Q2",
        "revenue": 855500000,
        "costOfRevenue": 523500000,
        "grossProfit": 332000000,
        "grossProfitRatio": 0.3880771479,
        "researchAndDevelopmentExpenses": 0,
        "generalAndAdministrativeExpenses": 0,
        "sellingAndMarketingExpenses": 0,
        "sellingGeneralAndAdministrativeExpenses": 183400000,
        "otherExpenses": 4000000,
        "operatingExpenses": 187400000,
        "costAndExpenses": 710900000,
        "interestIncome": 400000,
        "interestExpense": 11400000,
        "depreciationAndAmortization": 31700000,
        "ebitda": 180300000,
        "ebitdaratio": 0.2107539451,
        "operatingIncome": 144600000,
        "operatingIncomeRatio": 0.1690239626,
        "totalOtherIncomeExpensesNet": -1300000,
        "incomeBeforeTax": 143300000,
        "incomeBeforeTaxRatio": 0.1675043834,
        "incomeTaxExpense": 5000000,
        "netIncome": 138300000,
        "netIncomeRatio": 0.161659848,
        "eps": 2.36,
        "epsdiluted": 2.33,
        "weightedAverageShsOut": 58500000,
        "weightedAverageShsOutDil": 59300000,
        "link": "https://www.sec.gov/Archives/edgar/data/25445/000162828021015589/0001628280-21-015589-index.htm",
        "finalLink": "https://www.sec.gov/Archives/edgar/data/25445/000162828021015589/cr-20210630.htm"
    },
    {
        "date": "2021-03-31",
        "symbol": "CR",
        "reportedCurrency": "USD",
        "cik": "0001944013",
        "fillingDate": "2021-05-05",
        "acceptedDate": "2021-05-05 17:04:40",
        "calendarYear": "2021",
        "period": "Q1",
        "revenue": 833400000,
        "costOfRevenue": 513500000,
        "grossProfit": 319900000,
        "grossProfitRatio": 0.3838492921,
        "researchAndDevelopmentExpenses": 0,
        "generalAndAdministrativeExpenses": 0,
        "sellingAndMarketingExpenses": 0,
        "sellingGeneralAndAdministrativeExpenses": 183500000,
        "otherExpenses": -10000000,
        "operatingExpenses": 173500000,
        "costAndExpenses": 687000000,
        "interestIncome": 400000,
        "interestExpense": 13600000,
        "depreciationAndAmortization": 30600000,
        "ebitda": 167000000,
        "ebitdaratio": 0.2003839693,
        "operatingIncome": 146400000,
        "operatingIncomeRatio": 0.1756659467,
        "totalOtherIncomeExpensesNet": -9200000,
        "incomeBeforeTax": 137200000,
        "incomeBeforeTaxRatio": 0.1646268299,
        "incomeTaxExpense": 28800000,
        "netIncome": 108400000,
        "netIncomeRatio": 0.1300695944,
        "eps": 1.89,
        "epsdiluted": 1.84,
        "weightedAverageShsOut": 58200000,
        "weightedAverageShsOutDil": 58900000,
        "link": "https://www.sec.gov/Archives/edgar/data/25445/000162828021009124/0001628280-21-009124-index.htm",
        "finalLink": "https://www.sec.gov/Archives/edgar/data/25445/000162828021009124/cr-20210331.htm"
    },
    {
        "date": "2020-12-31",
        "symbol": "CR",
        "reportedCurrency": "USD",
        "cik": "0001944013",
        "fillingDate": "2021-02-23",
        "acceptedDate": "2021-02-23 17:27:35",
        "calendarYear": "2020",
        "period": "Q4",
        "revenue": 683700000,
        "costOfRevenue": 456300000,
        "grossProfit": 227400000,
        "grossProfitRatio": 0.3326020184,
        "researchAndDevelopmentExpenses": 74100000,
        "generalAndAdministrativeExpenses": 0,
        "sellingAndMarketingExpenses": 0,
        "sellingGeneralAndAdministrativeExpenses": 188400000,
        "otherExpenses": -89000000,
        "operatingExpenses": 173500000,
        "costAndExpenses": 629800000,
        "interestIncome": 700000,
        "interestExpense": 14000000,
        "depreciationAndAmortization": 31200000,
        "ebitda": 70200000,
        "ebitdaratio": 0.1026766125,
        "operatingIncome": 53900000,
        "operatingIncomeRatio": 0.0788357467,
        "totalOtherIncomeExpensesNet": -9000000,
        "incomeBeforeTax": 44900000,
        "incomeBeforeTaxRatio": 0.0656720784,
        "incomeTaxExpense": 2000000,
        "netIncome": 46900000,
        "netIncomeRatio": 0.068597338,
        "eps": 0.81,
        "epsdiluted": 0.8,
        "weightedAverageShsOut": 58100000,
        "weightedAverageShsOutDil": 58500000,
        "link": "https://www.sec.gov/Archives/edgar/data/25445/000162828021002871/0001628280-21-002871-index.htm",
        "finalLink": "https://www.sec.gov/Archives/edgar/data/25445/000162828021002871/cr-20201231.htm"
    },
    {
        "date": "2020-09-30",
        "symbol": "CR",
        "reportedCurrency": "USD",
        "cik": "0001944013",
        "fillingDate": "2020-10-28",
        "acceptedDate": "2020-10-28 17:15:07",
        "calendarYear": "2020",
        "period": "Q3",
        "revenue": 686500000,
        "costOfRevenue": 443300000,
        "grossProfit": 243200000,
        "grossProfitRatio": 0.3542607429,
        "researchAndDevelopmentExpenses": 0,
        "generalAndAdministrativeExpenses": 0,
        "sellingAndMarketingExpenses": 0,
        "sellingGeneralAndAdministrativeExpenses": 161100000,
        "otherExpenses": 6200000,
        "operatingExpenses": 167300000,
        "costAndExpenses": 610600000,
        "interestIncome": 600000,
        "interestExpense": 14400000,
        "depreciationAndAmortization": 31500000,
        "ebitda": 113600000,
        "ebitdaratio": 0.1654770575,
        "operatingIncome": 75900000,
        "operatingIncomeRatio": 0.1105608157,
        "totalOtherIncomeExpensesNet": -9400000,
        "incomeBeforeTax": 66500000,
        "incomeBeforeTaxRatio": 0.0968681719,
        "incomeTaxExpense": 17100000,
        "netIncome": 56600000,
        "netIncomeRatio": 0.0824471959,
        "eps": 0.97,
        "epsdiluted": 0.97,
        "weightedAverageShsOut": 58100000,
        "weightedAverageShsOutDil": 58500000,
        "link": "https://www.sec.gov/Archives/edgar/data/25445/000162828020015004/0001628280-20-015004-index.htm",
        "finalLink": "https://www.sec.gov/Archives/edgar/data/25445/000162828020015004/cr-20200930q32020.htm"
    },
    {
        "date": "2020-06-30",
        "symbol": "CR",
        "reportedCurrency": "USD",
        "cik": "0001944013",
        "fillingDate": "2020-07-29",
        "acceptedDate": "2020-07-29 17:01:18",
        "calendarYear": "2020",
        "period": "Q2",
        "revenue": 644300000,
        "costOfRevenue": 424800000,
        "grossProfit": 219500000,
        "grossProfitRatio": 0.3406798075,
        "researchAndDevelopmentExpenses": 0,
        "generalAndAdministrativeExpenses": 0,
        "sellingAndMarketingExpenses": 0,
        "sellingGeneralAndAdministrativeExpenses": 162600000,
        "otherExpenses": 28200000,
        "operatingExpenses": 190800000,
        "costAndExpenses": 615600000,
        "interestIncome": 300000,
        "interestExpense": 14400000,
        "depreciationAndAmortization": 31200000,
        "ebitda": 88100000,
        "ebitdaratio": 0.1367375446,
        "operatingIncome": 28700000,
        "operatingIncomeRatio": 0.0445444669,
        "totalOtherIncomeExpensesNet": -11700000,
        "incomeBeforeTax": 17000000,
        "incomeBeforeTaxRatio": 0.0263852243,
        "incomeTaxExpense": 3600000,
        "netIncome": 14800000,
        "netIncomeRatio": 0.0229706658,
        "eps": 0.26,
        "epsdiluted": 0.25,
        "weightedAverageShsOut": 58000000,
        "weightedAverageShsOutDil": 58500000,
        "link": "https://www.sec.gov/Archives/edgar/data/25445/000162828020010831/0001628280-20-010831-index.htm",
        "finalLink": "https://www.sec.gov/Archives/edgar/data/25445/000162828020010831/cr-20200630q22020.htm"
    },
    {
        "date": "2020-03-31",
        "symbol": "CR",
        "reportedCurrency": "USD",
        "cik": "0001944013",
        "fillingDate": "2020-04-30",
        "acceptedDate": "2020-04-29 18:09:55",
        "calendarYear": "2020",
        "period": "Q1",
        "revenue": 746800000,
        "costOfRevenue": 471800000,
        "grossProfit": 275000000,
        "grossProfitRatio": 0.3682378147,
        "researchAndDevelopmentExpenses": 0,
        "generalAndAdministrativeExpenses": 0,
        "sellingAndMarketingExpenses": 0,
        "sellingGeneralAndAdministrativeExpenses": 186000000,
        "otherExpenses": 7300000,
        "operatingExpenses": 193300000,
        "costAndExpenses": 665100000,
        "interestIncome": 400000,
        "interestExpense": 12500000,
        "depreciationAndAmortization": 29900000,
        "ebitda": 118900000,
        "ebitdaratio": 0.1592126406,
        "operatingIncome": 81700000,
        "operatingIncomeRatio": 0.1094001071,
        "totalOtherIncomeExpensesNet": -8300000,
        "incomeBeforeTax": 73400000,
        "incomeBeforeTaxRatio": 0.0982860204,
        "incomeTaxExpense": 15700000,
        "netIncome": 62800000,
        "netIncomeRatio": 0.0840921264,
        "eps": 1.07,
        "epsdiluted": 1.05,
        "weightedAverageShsOut": 58800000,
        "weightedAverageShsOutDil": 59600000,
        "link": "https://www.sec.gov/Archives/edgar/data/25445/000162828020005877/0001628280-20-005877-index.htm",
        "finalLink": "https://www.sec.gov/Archives/edgar/data/25445/000162828020005877/cr-20200331q12020.htm"
    },
    {
        "date": "2019-12-31",
        "symbol": "CR",
        "reportedCurrency": "USD",
        "cik": "0001944013",
        "fillingDate": "2020-02-25",
        "acceptedDate": "2020-02-24 17:59:04",
        "calendarYear": "2019",
        "period": "Q4",
        "revenue": 837500000,
        "costOfRevenue": 546700000,
        "grossProfit": 290800000,
        "grossProfitRatio": 0.3472238806,
        "researchAndDevelopmentExpenses": 74700000,
        "generalAndAdministrativeExpenses": 0,
        "sellingAndMarketingExpenses": 0,
        "sellingGeneralAndAdministrativeExpenses": 163800000,
        "otherExpenses": 187700000,
        "operatingExpenses": 426200000,
        "costAndExpenses": 972900000,
        "interestIncome": 800000,
        "interestExpense": 11800000,
        "depreciationAndAmortization": 29300000,
        "ebitda": 137400000,
        "ebitdaratio": 0.1640597015,
        "operatingIncome": -135400000,
        "operatingIncomeRatio": -0.1616716418,
        "totalOtherIncomeExpensesNet": -10500000,
        "incomeBeforeTax": -145900000,
        "incomeBeforeTaxRatio": -0.1742089552,
        "incomeTaxExpense": -33400000,
        "netIncome": -112600000,
        "netIncomeRatio": -0.1344477612,
        "eps": -1.9,
        "epsdiluted": -1.89,
        "weightedAverageShsOut": 59331388,
        "weightedAverageShsOutDil": 59500000,
        "link": "https://www.sec.gov/Archives/edgar/data/25445/000162828020002133/0001628280-20-002133-index.htm",
        "finalLink": "https://www.sec.gov/Archives/edgar/data/25445/000162828020002133/cr-20191231x10kq4.htm"
    },
    {
        "date": "2019-09-30",
        "symbol": "CR",
        "reportedCurrency": "USD",
        "cik": "0001944013",
        "fillingDate": "2019-10-30",
        "acceptedDate": "2019-10-29 20:19:21",
        "calendarYear": "2019",
        "period": "Q3",
        "revenue": 772300000,
        "costOfRevenue": 494400000,
        "grossProfit": 277900000,
        "grossProfitRatio": 0.3598342613,
        "researchAndDevelopmentExpenses": 0,
        "generalAndAdministrativeExpenses": 0,
        "sellingAndMarketingExpenses": 0,
        "sellingGeneralAndAdministrativeExpenses": 169000000,
        "otherExpenses": -400000,
        "operatingExpenses": 168600000,
        "costAndExpenses": 663000000,
        "interestIncome": 600000,
        "interestExpense": 11700000,
        "depreciationAndAmortization": 27900000,
        "ebitda": 136800000,
        "ebitdaratio": 0.1771332384,
        "operatingIncome": 109300000,
        "operatingIncomeRatio": 0.141525314,
        "totalOtherIncomeExpensesNet": -15600000,
        "incomeBeforeTax": 93700000,
        "incomeBeforeTaxRatio": 0.1213259096,
        "incomeTaxExpense": 21100000,
        "netIncome": 72500000,
        "netIncomeRatio": 0.093875437,
        "eps": 1.21,
        "epsdiluted": 1.19,
        "weightedAverageShsOut": 60000000,
        "weightedAverageShsOutDil": 60800000,
        "link": "https://www.sec.gov/Archives/edgar/data/25445/000162828019012710/0001628280-19-012710-index.htm",
        "finalLink": "https://www.sec.gov/Archives/edgar/data/25445/000162828019012710/cr-20190930.htm"
    },
    {
        "date": "2019-06-30",
        "symbol": "CR",
        "reportedCurrency": "USD",
        "cik": "0001944013",
        "fillingDate": "2019-07-30",
        "acceptedDate": "2019-07-30 16:39:27",
        "calendarYear": "2019",
        "period": "Q2",
        "revenue": 841600000,
        "costOfRevenue": 535000000,
        "grossProfit": 306600000,
        "grossProfitRatio": 0.3643060837,
        "researchAndDevelopmentExpenses": 0,
        "generalAndAdministrativeExpenses": 0,
        "sellingAndMarketingExpenses": 0,
        "sellingGeneralAndAdministrativeExpenses": 176400000,
        "otherExpenses": 7400000,
        "operatingExpenses": 183800000,
        "costAndExpenses": 718800000,
        "interestIncome": 700000,
        "interestExpense": 11400000,
        "depreciationAndAmortization": 28600000,
        "ebitda": 158800000,
        "ebitdaratio": 0.1886882129,
        "operatingIncome": 122800000,
        "operatingIncomeRatio": 0.1459125475,
        "totalOtherIncomeExpensesNet": -4300000,
        "incomeBeforeTax": 118500000,
        "incomeBeforeTaxRatio": 0.1408032319,
        "incomeTaxExpense": 27500000,
        "netIncome": 91000000,
        "netIncomeRatio": 0.1081273764,
        "eps": 1.52,
        "epsdiluted": 1.5,
        "weightedAverageShsOut": 59900000,
        "weightedAverageShsOutDil": 60800000,
        "link": "https://www.sec.gov/Archives/edgar/data/25445/000162828019009279/0001628280-19-009279-index.htm",
        "finalLink": "https://www.sec.gov/Archives/edgar/data/25445/000162828019009279/cr-20190630q2.htm"
    },
    {
        "date": "2019-03-31",
        "symbol": "CR",
        "reportedCurrency": "USD",
        "cik": "0001944013",
        "fillingDate": "2019-05-01",
        "acceptedDate": "2019-04-30 19:04:13",
        "calendarYear": "2019",
        "period": "Q1",
        "revenue": 831700000,
        "costOfRevenue": 526600000,
        "grossProfit": 305100000,
        "grossProfitRatio": 0.3668390044,
        "researchAndDevelopmentExpenses": 0,
        "generalAndAdministrativeExpenses": 0,
        "sellingAndMarketingExpenses": 0,
        "sellingGeneralAndAdministrativeExpenses": 184100000,
        "otherExpenses": 7300000,
        "operatingExpenses": 191400000,
        "costAndExpenses": 718000000,
        "interestIncome": 600000,
        "interestExpense": 11900000,
        "depreciationAndAmortization": 27700000,
        "ebitda": 148700000,
        "ebitdaratio": 0.1787904292,
        "operatingIncome": 113700000,
        "operatingIncomeRatio": 0.1367079476,
        "totalOtherIncomeExpensesNet": -9300000,
        "incomeBeforeTax": 104400000,
        "incomeBeforeTaxRatio": 0.125526031,
        "incomeTaxExpense": 21900000,
        "netIncome": 82400000,
        "netIncomeRatio": 0.0990741854,
        "eps": 1.38,
        "epsdiluted": 1.36,
        "weightedAverageShsOut": 59800000,
        "weightedAverageShsOutDil": 60700000,
        "link": "https://www.sec.gov/Archives/edgar/data/25445/000162828019005273/0001628280-19-005273-index.htm",
        "finalLink": "https://www.sec.gov/Archives/edgar/data/25445/000162828019005273/cr-20190331q1.htm"
    },
    {
        "date": "2018-12-31",
        "symbol": "CR",
        "reportedCurrency": "USD",
        "cik": "0001944013",
        "fillingDate": "2019-02-26",
        "acceptedDate": "2019-02-25 19:47:39",
        "calendarYear": "2018",
        "period": "Q4",
        "revenue": 839700000,
        "costOfRevenue": 544300000,
        "grossProfit": 295400000,
        "grossProfitRatio": 0.3517923068,
        "researchAndDevelopmentExpenses": 58400000,
        "generalAndAdministrativeExpenses": 0,
        "sellingAndMarketingExpenses": 0,
        "sellingGeneralAndAdministrativeExpenses": 169700000,
        "otherExpenses": -42800000,
        "operatingExpenses": 185300000,
        "costAndExpenses": 729600000,
        "interestIncome": 600000,
        "interestExpense": 11100000,
        "depreciationAndAmortization": 35900000,
        "ebitda": 161600000,
        "ebitdaratio": 0.1924496844,
        "operatingIncome": 110100000,
        "operatingIncomeRatio": 0.1311182565,
        "totalOtherIncomeExpensesNet": -5700000,
        "incomeBeforeTax": 104400000,
        "incomeBeforeTaxRatio": 0.1243301179,
        "incomeTaxExpense": 15300000,
        "netIncome": 89200000,
        "netIncomeRatio": 0.1062284149,
        "eps": 1.5,
        "epsdiluted": 1.46,
        "weightedAverageShsOut": 59500000,
        "weightedAverageShsOutDil": 60900000,
        "link": "https://www.sec.gov/Archives/edgar/data/25445/000162828019001892/0001628280-19-001892-index.htm",
        "finalLink": "https://www.sec.gov/Archives/edgar/data/25445/000162828019001892/cr-20181231x10k.htm"
    },
    {
        "date": "2018-09-30",
        "symbol": "CR",
        "reportedCurrency": "USD",
        "cik": "0001944013",
        "fillingDate": "2018-11-02",
        "acceptedDate": "2018-11-02 17:08:34",
        "calendarYear": "2018",
        "period": "Q3",
        "revenue": 855800000,
        "costOfRevenue": 544500000,
        "grossProfit": 311300000,
        "grossProfitRatio": 0.3637532134,
        "researchAndDevelopmentExpenses": 0,
        "generalAndAdministrativeExpenses": 0,
        "sellingAndMarketingExpenses": 0,
        "sellingGeneralAndAdministrativeExpenses": 174400000,
        "otherExpenses": 13000000,
        "operatingExpenses": 187400000,
        "costAndExpenses": 731900000,
        "interestIncome": 500000,
        "interestExpense": 12300000,
        "depreciationAndAmortization": 27800000,
        "ebitda": 164700000,
        "ebitdaratio": 0.1924515074,
        "operatingIncome": 123900000,
        "operatingIncomeRatio": 0.144776817,
        "totalOtherIncomeExpensesNet": -6100000,
        "incomeBeforeTax": 117800000,
        "incomeBeforeTaxRatio": 0.1376489834,
        "incomeTaxExpense": 20700000,
        "netIncome": 97000000,
        "netIncomeRatio": 0.1133442393,
        "eps": 1.62,
        "epsdiluted": 1.59,
        "weightedAverageShsOut": 59700000,
        "weightedAverageShsOutDil": 61100000,
        "link": "https://www.sec.gov/Archives/edgar/data/25445/000162828018013475/0001628280-18-013475-index.htm",
        "finalLink": "https://www.sec.gov/Archives/edgar/data/25445/000162828018013475/cr-20180930q3.htm"
    },
    {
        "date": "2018-06-30",
        "symbol": "CR",
        "reportedCurrency": "USD",
        "cik": "0001944013",
        "fillingDate": "2018-08-03",
        "acceptedDate": "2018-08-03 16:14:42",
        "calendarYear": "2018",
        "period": "Q2",
        "revenue": 851000000,
        "costOfRevenue": 543700000,
        "grossProfit": 307300000,
        "grossProfitRatio": 0.3611045828,
        "researchAndDevelopmentExpenses": 0,
        "generalAndAdministrativeExpenses": 0,
        "sellingAndMarketingExpenses": 0,
        "sellingGeneralAndAdministrativeExpenses": 183500000,
        "otherExpenses": 10800000,
        "operatingExpenses": 194300000,
        "costAndExpenses": 738000000,
        "interestIncome": 400000,
        "interestExpense": 12800000,
        "depreciationAndAmortization": 28400000,
        "ebitda": 152200000,
        "ebitdaratio": 0.1788484136,
        "operatingIncome": 113000000,
        "operatingIncomeRatio": 0.1327849589,
        "totalOtherIncomeExpensesNet": -8100000,
        "incomeBeforeTax": 104900000,
        "incomeBeforeTaxRatio": 0.123266745,
        "incomeTaxExpense": 24200000,
        "netIncome": 80700000,
        "netIncomeRatio": 0.0948296122,
        "eps": 1.35,
        "epsdiluted": 1.32,
        "weightedAverageShsOut": 59700000,
        "weightedAverageShsOutDil": 61100000,
        "link": "https://www.sec.gov/Archives/edgar/data/25445/000162828018010433/0001628280-18-010433-index.htm",
        "finalLink": "https://www.sec.gov/Archives/edgar/data/25445/000162828018010433/cr-20180630q2.htm"
    },
    {
        "date": "2018-03-31",
        "symbol": "CR",
        "reportedCurrency": "USD",
        "cik": "0001944013",
        "fillingDate": "2018-05-02",
        "acceptedDate": "2018-05-01 21:07:59",
        "calendarYear": "2018",
        "period": "Q1",
        "revenue": 799100000,
        "costOfRevenue": 514600000,
        "grossProfit": 284500000,
        "grossProfitRatio": 0.3560255287,
        "researchAndDevelopmentExpenses": 0,
        "generalAndAdministrativeExpenses": 0,
        "sellingAndMarketingExpenses": 0,
        "sellingGeneralAndAdministrativeExpenses": 172300000,
        "otherExpenses": 17900000,
        "operatingExpenses": 190200000,
        "costAndExpenses": 704800000,
        "interestIncome": 800000,
        "interestExpense": 14600000,
        "depreciationAndAmortization": 27900000,
        "ebitda": 140100000,
        "ebitdaratio": 0.1753222375,
        "operatingIncome": 94300000,
        "operatingIncomeRatio": 0.1180077587,
        "totalOtherIncomeExpensesNet": -9900000,
        "incomeBeforeTax": 84400000,
        "incomeBeforeTaxRatio": 0.1056188212,
        "incomeTaxExpense": 15700000,
        "netIncome": 68700000,
        "netIncomeRatio": 0.0859717182,
        "eps": 1.15,
        "epsdiluted": 1.13,
        "weightedAverageShsOut": 59700000,
        "weightedAverageShsOutDil": 61000000,
        "link": "https://www.sec.gov/Archives/edgar/data/25445/000162828018005605/0001628280-18-005605-index.htm",
        "finalLink": "https://www.sec.gov/Archives/edgar/data/25445/000162828018005605/cr-20180331q1.htm"
    },
    {
        "date": "2017-12-31",
        "symbol": "CR",
        "reportedCurrency": "USD",
        "cik": "0001944013",
        "fillingDate": "2018-02-27",
        "acceptedDate": "2018-02-26 20:00:54",
        "calendarYear": "2017",
        "period": "Q4",
        "revenue": 714200000,
        "costOfRevenue": 455600000,
        "grossProfit": 258600000,
        "grossProfitRatio": 0.36208345,
        "researchAndDevelopmentExpenses": 58500000,
        "generalAndAdministrativeExpenses": 0,
        "sellingAndMarketingExpenses": 0,
        "sellingGeneralAndAdministrativeExpenses": 177000000,
        "otherExpenses": -64300000,
        "operatingExpenses": 171200000,
        "costAndExpenses": 626800000,
        "interestIncome": 700000,
        "interestExpense": 8800000,
        "depreciationAndAmortization": 18700000,
        "ebitda": 100300000,
        "ebitdaratio": 0.1404368524,
        "operatingIncome": 87400000,
        "operatingIncomeRatio": 0.122374685,
        "totalOtherIncomeExpensesNet": -4600000,
        "incomeBeforeTax": 82800000,
        "incomeBeforeTaxRatio": 0.1159339121,
        "incomeTaxExpense": 111400000,
        "netIncome": -28700000,
        "netIncomeRatio": -0.0401848222,
        "eps": -0.49,
        "epsdiluted": -0.48,
        "weightedAverageShsOut": 58775102,
        "weightedAverageShsOutDil": 59400000,
        "link": "https://www.sec.gov/Archives/edgar/data/25445/000162828018002289/0001628280-18-002289-index.htm",
        "finalLink": "https://www.sec.gov/Archives/edgar/data/25445/000162828018002289/cr-20171231x10k.htm"
    },
    {
        "date": "2017-09-30",
        "symbol": "CR",
        "reportedCurrency": "USD",
        "cik": "0001944013",
        "fillingDate": "2017-11-07",
        "acceptedDate": "2017-11-06 20:17:12",
        "calendarYear": "2017",
        "period": "Q3",
        "revenue": 695900000,
        "costOfRevenue": 441500000,
        "grossProfit": 254400000,
        "grossProfitRatio": 0.3655697658,
        "researchAndDevelopmentExpenses": 0,
        "generalAndAdministrativeExpenses": 0,
        "sellingAndMarketingExpenses": 0,
        "sellingGeneralAndAdministrativeExpenses": 148500000,
        "otherExpenses": 3800000,
        "operatingExpenses": 152300000,
        "costAndExpenses": 593800000,
        "interestIncome": 700000,
        "interestExpense": 9300000,
        "depreciationAndAmortization": 18500000,
        "ebitda": 124400000,
        "ebitdaratio": 0.1787613163,
        "operatingIncome": 102100000,
        "operatingIncomeRatio": 0.1467164823,
        "totalOtherIncomeExpensesNet": -5100000,
        "incomeBeforeTax": 97000000,
        "incomeBeforeTaxRatio": 0.1393878431,
        "incomeTaxExpense": 28500000,
        "netIncome": 68200000,
        "netIncomeRatio": 0.0980025866,
        "eps": 1.15,
        "epsdiluted": 1.13,
        "weightedAverageShsOut": 59500000,
        "weightedAverageShsOutDil": 60400000,
        "link": "https://www.sec.gov/Archives/edgar/data/25445/000162828017010994/0001628280-17-010994-index.htm",
        "finalLink": "https://www.sec.gov/Archives/edgar/data/25445/000162828017010994/cr-20170930x10q.htm"
    },
    {
        "date": "2017-06-30",
        "symbol": "CR",
        "reportedCurrency": "USD",
        "cik": "0001944013",
        "fillingDate": "2017-08-03",
        "acceptedDate": "2017-08-02 17:38:19",
        "calendarYear": "2017",
        "period": "Q2",
        "revenue": 702500000,
        "costOfRevenue": 444300000,
        "grossProfit": 258200000,
        "grossProfitRatio": 0.367544484,
        "researchAndDevelopmentExpenses": 0,
        "generalAndAdministrativeExpenses": 0,
        "sellingAndMarketingExpenses": 0,
        "sellingGeneralAndAdministrativeExpenses": 146400000,
        "otherExpenses": 6000000,
        "operatingExpenses": 152400000,
        "costAndExpenses": 596700000,
        "interestIncome": 600000,
        "interestExpense": 9000000,
        "depreciationAndAmortization": 18100000,
        "ebitda": 129900000,
        "ebitdaratio": 0.184911032,
        "operatingIncome": 105800000,
        "operatingIncomeRatio": 0.1506049822,
        "totalOtherIncomeExpensesNet": -6100000,
        "incomeBeforeTax": 99700000,
        "incomeBeforeTaxRatio": 0.1419217082,
        "incomeTaxExpense": 30400000,
        "netIncome": 69200000,
        "netIncomeRatio": 0.0985053381,
        "eps": 1.16,
        "epsdiluted": 1.14,
        "weightedAverageShsOut": 59500000,
        "weightedAverageShsOutDil": 60500000,
        "link": "https://www.sec.gov/Archives/edgar/data/25445/000162828017007888/0001628280-17-007888-index.htm",
        "finalLink": "https://www.sec.gov/Archives/edgar/data/25445/000162828017007888/cr-20170630x10q.htm"
    },
    {
        "date": "2017-03-31",
        "symbol": "CR",
        "reportedCurrency": "USD",
        "cik": "0001944013",
        "fillingDate": "2017-05-05",
        "acceptedDate": "2017-05-04 19:12:02",
        "calendarYear": "2017",
        "period": "Q1",
        "revenue": 673400000,
        "costOfRevenue": 429500000,
        "grossProfit": 243900000,
        "grossProfitRatio": 0.3621918622,
        "researchAndDevelopmentExpenses": 0,
        "generalAndAdministrativeExpenses": 0,
        "sellingAndMarketingExpenses": 0,
        "sellingGeneralAndAdministrativeExpenses": 150600000,
        "otherExpenses": 0,
        "operatingExpenses": 150600000,
        "costAndExpenses": 580100000,
        "interestIncome": 500000,
        "interestExpense": 9000000,
        "depreciationAndAmortization": 17400000,
        "ebitda": 110700000,
        "ebitdaratio": 0.1643896644,
        "operatingIncome": 93300000,
        "operatingIncomeRatio": 0.1385506386,
        "totalOtherIncomeExpensesNet": -5400000,
        "incomeBeforeTax": 87900000,
        "incomeBeforeTaxRatio": 0.1305316305,
        "incomeTaxExpense": 24600000,
        "netIncome": 63100000,
        "netIncomeRatio": 0.0937035937,
        "eps": 1.06,
        "epsdiluted": 1.05,
        "weightedAverageShsOut": 59300000,
        "weightedAverageShsOutDil": 60300000,
        "link": "https://www.sec.gov/Archives/edgar/data/25445/000162828017004986/0001628280-17-004986-index.htm",
        "finalLink": "https://www.sec.gov/Archives/edgar/data/25445/000162828017004986/cr-20170331x10q.htm"
    },
    {
        "date": "2016-12-31",
        "symbol": "CR",
        "reportedCurrency": "USD",
        "cik": "0001944013",
        "fillingDate": "2017-02-28",
        "acceptedDate": "2017-02-27 21:02:26",
        "calendarYear": "2016",
        "period": "Q4",
        "revenue": 681500000,
        "costOfRevenue": 433800000,
        "grossProfit": 247700000,
        "grossProfitRatio": 0.3634629494,
        "researchAndDevelopmentExpenses": 61500000,
        "generalAndAdministrativeExpenses": 0,
        "sellingAndMarketingExpenses": 0,
        "sellingGeneralAndAdministrativeExpenses": 146500000,
        "otherExpenses": 131300000,
        "operatingExpenses": 339300000,
        "costAndExpenses": 773100000,
        "interestIncome": 500000,
        "interestExpense": 9000000,
        "depreciationAndAmortization": 16600000,
        "ebitda": 117800000,
        "ebitdaratio": 0.1728539985,
        "operatingIncome": -91600000,
        "operatingIncomeRatio": -0.134409391,
        "totalOtherIncomeExpensesNet": -9500000,
        "incomeBeforeTax": -101100000,
        "incomeBeforeTaxRatio": -0.1483492296,
        "incomeTaxExpense": -37600000,
        "netIncome": -64000000,
        "netIncomeRatio": -0.0939104916,
        "eps": -1.09,
        "epsdiluted": -1.09,
        "weightedAverageShsOut": 58474723,
        "weightedAverageShsOutDil": 58800000,
        "link": "https://www.sec.gov/Archives/edgar/data/25445/000162828017001848/0001628280-17-001848-index.htm",
        "finalLink": "https://www.sec.gov/Archives/edgar/data/25445/000162828017001848/cr-20161231x10k.htm"
    },
    {
        "date": "2016-09-30",
        "symbol": "CR",
        "reportedCurrency": "USD",
        "cik": "0001944013",
        "fillingDate": "2016-11-03",
        "acceptedDate": "2016-11-03 17:05:37",
        "calendarYear": "2016",
        "period": "Q3",
        "revenue": 694200000,
        "costOfRevenue": 449200000,
        "grossProfit": 245000000,
        "grossProfitRatio": 0.3529242293,
        "researchAndDevelopmentExpenses": 0,
        "generalAndAdministrativeExpenses": 0,
        "sellingAndMarketingExpenses": 0,
        "sellingGeneralAndAdministrativeExpenses": 141200000,
        "otherExpenses": 0,
        "operatingExpenses": 141200000,
        "costAndExpenses": 590400000,
        "interestIncome": 500000,
        "interestExpense": 9200000,
        "depreciationAndAmortization": 16700000,
        "ebitda": 120500000,
        "ebitdaratio": 0.1735811005,
        "operatingIncome": 103800000,
        "operatingIncomeRatio": 0.1495246327,
        "totalOtherIncomeExpensesNet": -8800000,
        "incomeBeforeTax": 95000000,
        "incomeBeforeTaxRatio": 0.1368481706,
        "incomeTaxExpense": 31300000,
        "netIncome": 63500000,
        "netIncomeRatio": 0.0914721982,
        "eps": 1.09,
        "epsdiluted": 1.07,
        "weightedAverageShsOut": 58500000,
        "weightedAverageShsOutDil": 59400000,
        "link": "https://www.sec.gov/Archives/edgar/data/25445/000162828016020774/0001628280-16-020774-index.htm",
        "finalLink": "https://www.sec.gov/Archives/edgar/data/25445/000162828016020774/cr-20160930x10q.htm"
    },
    {
        "date": "2016-06-30",
        "symbol": "CR",
        "reportedCurrency": "USD",
        "cik": "0001944013",
        "fillingDate": "2016-08-03",
        "acceptedDate": "2016-08-02 17:52:39",
        "calendarYear": "2016",
        "period": "Q2",
        "revenue": 712200000,
        "costOfRevenue": 449100000,
        "grossProfit": 263100000,
        "grossProfitRatio": 0.3694187026,
        "researchAndDevelopmentExpenses": 0,
        "generalAndAdministrativeExpenses": 0,
        "sellingAndMarketingExpenses": 0,
        "sellingGeneralAndAdministrativeExpenses": 160500000,
        "otherExpenses": 0,
        "operatingExpenses": 160500000,
        "costAndExpenses": 609600000,
        "interestIncome": 500000,
        "interestExpense": 9200000,
        "depreciationAndAmortization": 17600000,
        "ebitda": 120200000,
        "ebitdaratio": 0.1687728166,
        "operatingIncome": 102600000,
        "operatingIncomeRatio": 0.1440606571,
        "totalOtherIncomeExpensesNet": -9000000,
        "incomeBeforeTax": 93600000,
        "incomeBeforeTaxRatio": 0.1314237574,
        "incomeTaxExpense": 25200000,
        "netIncome": 68200000,
        "netIncomeRatio": 0.0957596181,
        "eps": 1.17,
        "epsdiluted": 1.15,
        "weightedAverageShsOut": 58300000,
        "weightedAverageShsOutDil": 59200000,
        "link": "https://www.sec.gov/Archives/edgar/data/25445/000162828016018314/0001628280-16-018314-index.htm",
        "finalLink": "https://www.sec.gov/Archives/edgar/data/25445/000162828016018314/cr-20160630x10q.htm"
    },
    {
        "date": "2016-03-31",
        "symbol": "CR",
        "reportedCurrency": "USD",
        "cik": "0001944013",
        "fillingDate": "2016-05-06",
        "acceptedDate": "2016-05-05 18:45:17",
        "calendarYear": "2016",
        "period": "Q1",
        "revenue": 660000000,
        "costOfRevenue": 426100000,
        "grossProfit": 233900000,
        "grossProfitRatio": 0.3543939394,
        "researchAndDevelopmentExpenses": 0,
        "generalAndAdministrativeExpenses": 0,
        "sellingAndMarketingExpenses": 0,
        "sellingGeneralAndAdministrativeExpenses": 148800000,
        "otherExpenses": -400000,
        "operatingExpenses": 148400000,
        "costAndExpenses": 574500000,
        "interestIncome": 500000,
        "interestExpense": 9100000,
        "depreciationAndAmortization": 16500000,
        "ebitda": 101600000,
        "ebitdaratio": 0.1539393939,
        "operatingIncome": 85500000,
        "operatingIncomeRatio": 0.1295454545,
        "totalOtherIncomeExpensesNet": -8900000,
        "incomeBeforeTax": 76600000,
        "incomeBeforeTaxRatio": 0.1160606061,
        "incomeTaxExpense": 21400000,
        "netIncome": 55000000,
        "netIncomeRatio": 0.0833333333,
        "eps": 0.95,
        "epsdiluted": 0.93,
        "weightedAverageShsOut": 58200000,
        "weightedAverageShsOutDil": 58900000,
        "link": "https://www.sec.gov/Archives/edgar/data/25445/000162828016015750/0001628280-16-015750-index.htm",
        "finalLink": "https://www.sec.gov/Archives/edgar/data/25445/000162828016015750/cr-20160331x10q.htm"
    },
    {
        "date": "2015-12-31",
        "symbol": "CR",
        "reportedCurrency": "USD",
        "cik": "0001944013",
        "fillingDate": "2016-02-23",
        "acceptedDate": "2016-02-23 17:03:31",
        "calendarYear": "2015",
        "period": "Q4",
        "revenue": 680500000,
        "costOfRevenue": 441500000,
        "grossProfit": 239000000,
        "grossProfitRatio": 0.3512123439,
        "researchAndDevelopmentExpenses": 62800000,
        "generalAndAdministrativeExpenses": 0,
        "sellingAndMarketingExpenses": 0,
        "sellingGeneralAndAdministrativeExpenses": 134800000,
        "otherExpenses": -62100000,
        "operatingExpenses": 135500000,
        "costAndExpenses": 577000000,
        "interestIncome": 500000,
        "interestExpense": 9100000,
        "depreciationAndAmortization": 17100000,
        "ebitda": 121300000,
        "ebitdaratio": 0.1782512858,
        "operatingIncome": 103500000,
        "operatingIncomeRatio": 0.1520940485,
        "totalOtherIncomeExpensesNet": -9100000,
        "incomeBeforeTax": 94400000,
        "incomeBeforeTaxRatio": 0.1387215283,
        "incomeTaxExpense": 28800000,
        "netIncome": 65200000,
        "netIncomeRatio": 0.095811903,
        "eps": 1.12,
        "epsdiluted": 1.11,
        "weightedAverageShsOut": 58100000,
        "weightedAverageShsOutDil": 58700000,
        "link": "https://www.sec.gov/Archives/edgar/data/25445/000162828016011540/0001628280-16-011540-index.htm",
        "finalLink": "https://www.sec.gov/Archives/edgar/data/25445/000162828016011540/cr-20151231x10k.htm"
    },
    {
        "date": "2015-09-30",
        "symbol": "CR",
        "reportedCurrency": "USD",
        "cik": "0001944013",
        "fillingDate": "2015-11-06",
        "acceptedDate": "2015-11-05 17:53:20",
        "calendarYear": "2015",
        "period": "Q3",
        "revenue": 669900000,
        "costOfRevenue": 431700000,
        "grossProfit": 238200000,
        "grossProfitRatio": 0.355575459,
        "researchAndDevelopmentExpenses": 0,
        "generalAndAdministrativeExpenses": 0,
        "sellingAndMarketingExpenses": 0,
        "sellingGeneralAndAdministrativeExpenses": 141400000,
        "otherExpenses": 3600000,
        "operatingExpenses": 145000000,
        "costAndExpenses": 576700000,
        "interestIncome": 500000,
        "interestExpense": 9100000,
        "depreciationAndAmortization": 16000000,
        "ebitda": 112800000,
        "ebitdaratio": 0.1683833408,
        "operatingIncome": 93200000,
        "operatingIncomeRatio": 0.1391252426,
        "totalOtherIncomeExpensesNet": -8900000,
        "incomeBeforeTax": 84300000,
        "incomeBeforeTaxRatio": 0.1258396776,
        "incomeTaxExpense": 27100000,
        "netIncome": 56900000,
        "netIncomeRatio": 0.0849380505,
        "eps": 0.98,
        "epsdiluted": 0.97,
        "weightedAverageShsOut": 58100000,
        "weightedAverageShsOutDil": 58800000,
        "link": "https://www.sec.gov/Archives/edgar/data/25445/000162828015008375/0001628280-15-008375-index.htm",
        "finalLink": "https://www.sec.gov/Archives/edgar/data/25445/000162828015008375/cr-2015930x10q.htm"
    },
    {
        "date": "2015-06-30",
        "symbol": "CR",
        "reportedCurrency": "USD",
        "cik": "0001944013",
        "fillingDate": "2015-08-05",
        "acceptedDate": "2015-08-04 18:08:47",
        "calendarYear": "2015",
        "period": "Q2",
        "revenue": 711200000,
        "costOfRevenue": 470700000,
        "grossProfit": 240500000,
        "grossProfitRatio": 0.3381608549,
        "researchAndDevelopmentExpenses": 0,
        "generalAndAdministrativeExpenses": 0,
        "sellingAndMarketingExpenses": 0,
        "sellingGeneralAndAdministrativeExpenses": 141700000,
        "otherExpenses": 8600000,
        "operatingExpenses": 150300000,
        "costAndExpenses": 621000000,
        "interestIncome": 500000,
        "interestExpense": 9500000,
        "depreciationAndAmortization": 17400000,
        "ebitda": 116200000,
        "ebitdaratio": 0.1633858268,
        "operatingIncome": 90200000,
        "operatingIncomeRatio": 0.1268278965,
        "totalOtherIncomeExpensesNet": -8600000,
        "incomeBeforeTax": 81600000,
        "incomeBeforeTaxRatio": 0.114735658,
        "incomeTaxExpense": 25700000,
        "netIncome": 55800000,
        "netIncomeRatio": 0.0784589426,
        "eps": 0.96,
        "epsdiluted": 0.95,
        "weightedAverageShsOut": 58000000,
        "weightedAverageShsOutDil": 58800000,
        "link": "https://www.sec.gov/Archives/edgar/data/25445/000162828015006060/0001628280-15-006060-index.htm",
        "finalLink": "https://www.sec.gov/Archives/edgar/data/25445/000162828015006060/cr-2015630x10q.htm"
    },
    {
        "date": "2015-03-31",
        "symbol": "CR",
        "reportedCurrency": "USD",
        "cik": "0001944013",
        "fillingDate": "2015-05-08",
        "acceptedDate": "2015-05-07 20:44:52",
        "calendarYear": "2015",
        "period": "Q1",
        "revenue": 678800000,
        "costOfRevenue": 442000000,
        "grossProfit": 236800000,
        "grossProfitRatio": 0.3488509134,
        "researchAndDevelopmentExpenses": 0,
        "generalAndAdministrativeExpenses": 0,
        "sellingAndMarketingExpenses": 0,
        "sellingGeneralAndAdministrativeExpenses": 148600000,
        "otherExpenses": 2200000,
        "operatingExpenses": 150800000,
        "costAndExpenses": 592800000,
        "interestIncome": 500000,
        "interestExpense": 9900000,
        "depreciationAndAmortization": 16500000,
        "ebitda": 104700000,
        "ebitdaratio": 0.1542427814,
        "operatingIncome": 86000000,
        "operatingIncomeRatio": 0.1266941662,
        "totalOtherIncomeExpensesNet": -9700000,
        "incomeBeforeTax": 76300000,
        "incomeBeforeTaxRatio": 0.1124042428,
        "incomeTaxExpense": 24900000,
        "netIncome": 51100000,
        "netIncomeRatio": 0.0752799057,
        "eps": 0.88,
        "epsdiluted": 0.87,
        "weightedAverageShsOut": 58100000,
        "weightedAverageShsOutDil": 58900000,
        "link": "https://www.sec.gov/Archives/edgar/data/25445/000162828015003928/0001628280-15-003928-index.htm",
        "finalLink": "https://www.sec.gov/Archives/edgar/data/25445/000162828015003928/cr-2015331x10q.htm"
    },
    {
        "date": "2014-12-31",
        "symbol": "CR",
        "reportedCurrency": "USD",
        "cik": "0001944013",
        "fillingDate": "2015-02-25",
        "acceptedDate": "2015-02-25 14:46:21",
        "calendarYear": "2014",
        "period": "Q4",
        "revenue": 730700000,
        "costOfRevenue": 476800000,
        "grossProfit": 253900000,
        "grossProfitRatio": 0.3474750239,
        "researchAndDevelopmentExpenses": 68000000,
        "generalAndAdministrativeExpenses": 0,
        "sellingAndMarketingExpenses": 0,
        "sellingGeneralAndAdministrativeExpenses": 143700000,
        "otherExpenses": -47400000,
        "operatingExpenses": 164300000,
        "costAndExpenses": 641100000,
        "interestIncome": 577000,
        "interestExpense": 10093000,
        "depreciationAndAmortization": 17800000,
        "ebitda": 128000000,
        "ebitdaratio": 0.1751744902,
        "operatingIncome": 89600000,
        "operatingIncomeRatio": 0.1226221432,
        "totalOtherIncomeExpensesNet": -5700000,
        "incomeBeforeTax": 83900000,
        "incomeBeforeTaxRatio": 0.1148214041,
        "incomeTaxExpense": 27300000,
        "netIncome": 56212000,
        "netIncomeRatio": 0.0769289722,
        "eps": 0.96,
        "epsdiluted": 0.95,
        "weightedAverageShsOut": 58526000,
        "weightedAverageShsOutDil": 59344000,
        "link": "https://www.sec.gov/Archives/edgar/data/25445/000162828015000998/0001628280-15-000998-index.htm",
        "finalLink": "https://www.sec.gov/Archives/edgar/data/25445/000162828015000998/cr-20141231x10k.htm"
    },
    {
        "date": "2014-09-30",
        "symbol": "CR",
        "reportedCurrency": "USD",
        "cik": "0001944013",
        "fillingDate": "2014-11-07",
        "acceptedDate": "2014-11-06 19:10:13",
        "calendarYear": "2014",
        "period": "Q3",
        "revenue": 727400000,
        "costOfRevenue": 476300000,
        "grossProfit": 251100000,
        "grossProfitRatio": 0.3452020896,
        "researchAndDevelopmentExpenses": 0,
        "generalAndAdministrativeExpenses": 0,
        "sellingAndMarketingExpenses": 0,
        "sellingGeneralAndAdministrativeExpenses": 144400000,
        "otherExpenses": 59000000,
        "operatingExpenses": 203400000,
        "costAndExpenses": 679700000,
        "interestIncome": 383000,
        "interestExpense": 9556000,
        "depreciationAndAmortization": 18100000,
        "ebitda": 69000000,
        "ebitdaratio": 0.0948583998,
        "operatingIncome": 47700000,
        "operatingIncomeRatio": 0.0655760242,
        "totalOtherIncomeExpensesNet": -8800000,
        "incomeBeforeTax": 38900000,
        "incomeBeforeTaxRatio": 0.0534781413,
        "incomeTaxExpense": 10700000,
        "netIncome": 28079000,
        "netIncomeRatio": 0.0386018697,
        "eps": 0.48,
        "epsdiluted": 0.47,
        "weightedAverageShsOut": 58971000,
        "weightedAverageShsOutDil": 59903000,
        "link": "https://www.sec.gov/Archives/edgar/data/25445/000144530514004908/0001445305-14-004908-index.htm",
        "finalLink": "https://www.sec.gov/Archives/edgar/data/25445/000144530514004908/cr-2014930x10q.htm"
    },
    {
        "date": "2014-06-30",
        "symbol": "CR",
        "reportedCurrency": "USD",
        "cik": "0001944013",
        "fillingDate": "2014-08-06",
        "acceptedDate": "2014-08-06 07:07:10",
        "calendarYear": "2014",
        "period": "Q2",
        "revenue": 750100000,
        "costOfRevenue": 488000000,
        "grossProfit": 262100000,
        "grossProfitRatio": 0.3494200773,
        "researchAndDevelopmentExpenses": 0,
        "generalAndAdministrativeExpenses": 0,
        "sellingAndMarketingExpenses": 0,
        "sellingGeneralAndAdministrativeExpenses": 159200000,
        "otherExpenses": 5300000,
        "operatingExpenses": 164500000,
        "costAndExpenses": 652500000,
        "interestIncome": 365000,
        "interestExpense": 9764000,
        "depreciationAndAmortization": 18100000,
        "ebitda": 121000000,
        "ebitdaratio": 0.1613118251,
        "operatingIncome": 97600000,
        "operatingIncomeRatio": 0.1301159845,
        "totalOtherIncomeExpensesNet": -10900000,
        "incomeBeforeTax": 86700000,
        "incomeBeforeTaxRatio": 0.1155845887,
        "incomeTaxExpense": 26800000,
        "netIncome": 59697000,
        "netIncomeRatio": 0.0795853886,
        "eps": 1.01,
        "epsdiluted": 1,
        "weightedAverageShsOut": 58883000,
        "weightedAverageShsOutDil": 59843000,
        "link": "https://www.sec.gov/Archives/edgar/data/25445/000144530514003432/0001445305-14-003432-index.htm",
        "finalLink": "https://www.sec.gov/Archives/edgar/data/25445/000144530514003432/cr-2014630x10q.htm"
    },
    {
        "date": "2014-03-31",
        "symbol": "CR",
        "reportedCurrency": "USD",
        "cik": "0001944013",
        "fillingDate": "2014-05-08",
        "acceptedDate": "2014-05-07 19:10:14",
        "calendarYear": "2014",
        "period": "Q1",
        "revenue": 716800000,
        "costOfRevenue": 462700000,
        "grossProfit": 254100000,
        "grossProfitRatio": 0.3544921875,
        "researchAndDevelopmentExpenses": 0,
        "generalAndAdministrativeExpenses": 0,
        "sellingAndMarketingExpenses": 0,
        "sellingGeneralAndAdministrativeExpenses": 157900000,
        "otherExpenses": 14800000,
        "operatingExpenses": 172700000,
        "costAndExpenses": 635400000,
        "interestIncome": 388000,
        "interestExpense": 9809000,
        "depreciationAndAmortization": 21800000,
        "ebitda": 118000000,
        "ebitdaratio": 0.1646205357,
        "operatingIncome": 81400000,
        "operatingIncomeRatio": 0.1135602679,
        "totalOtherIncomeExpensesNet": -9600000,
        "incomeBeforeTax": 71800000,
        "incomeBeforeTaxRatio": 0.1001674107,
        "incomeTaxExpense": 22900000,
        "netIncome": 48684000,
        "netIncomeRatio": 0.0679185268,
        "eps": 0.83,
        "epsdiluted": 0.82,
        "weightedAverageShsOut": 58516000,
        "weightedAverageShsOutDil": 59514000,
        "link": "https://www.sec.gov/Archives/edgar/data/25445/000144530514001944/0001445305-14-001944-index.htm",
        "finalLink": "https://www.sec.gov/Archives/edgar/data/25445/000144530514001944/cr-2014331x10q.htm"
    },
    {
        "date": "2013-12-31",
        "symbol": "CR",
        "reportedCurrency": "USD",
        "cik": "0001944013",
        "fillingDate": "2014-02-25",
        "acceptedDate": "2014-02-24 20:51:19",
        "calendarYear": "2013",
        "period": "Q4",
        "revenue": 681449000,
        "costOfRevenue": 454598000,
        "grossProfit": 226851000,
        "grossProfitRatio": 0.3328950516,
        "researchAndDevelopmentExpenses": 52700000,
        "generalAndAdministrativeExpenses": 0,
        "sellingAndMarketingExpenses": 0,
        "sellingGeneralAndAdministrativeExpenses": 133560000,
        "otherExpenses": -42530000,
        "operatingExpenses": 143730000,
        "costAndExpenses": 598328000,
        "interestIncome": 379000,
        "interestExpense": 5809000,
        "depreciationAndAmortization": 16678000,
        "ebitda": 109969000,
        "ebitdaratio": 0.161375246,
        "operatingIncome": 83121000,
        "operatingIncomeRatio": 0.1219768464,
        "totalOtherIncomeExpensesNet": -2527000,
        "incomeBeforeTax": 80594000,
        "incomeBeforeTaxRatio": 0.1182685718,
        "incomeTaxExpense": 30482000,
        "netIncome": 49706000,
        "netIncomeRatio": 0.0729416288,
        "eps": 0.85,
        "epsdiluted": 0.84,
        "weightedAverageShsOut": 58161000,
        "weightedAverageShsOutDil": 59156000,
        "link": "https://www.sec.gov/Archives/edgar/data/25445/000144530514000574/0001445305-14-000574-index.htm",
        "finalLink": "https://www.sec.gov/Archives/edgar/data/25445/000144530514000574/cr-20131231x10k.htm"
    },
    {
        "date": "2013-09-30",
        "symbol": "CR",
        "reportedCurrency": "USD",
        "cik": "0001944013",
        "fillingDate": "2013-11-05",
        "acceptedDate": "2013-11-04 18:26:26",
        "calendarYear": "2013",
        "period": "Q3",
        "revenue": 637515000,
        "costOfRevenue": 421317000,
        "grossProfit": 216198000,
        "grossProfitRatio": 0.3391261382,
        "researchAndDevelopmentExpenses": 0,
        "generalAndAdministrativeExpenses": 0,
        "sellingAndMarketingExpenses": 0,
        "sellingGeneralAndAdministrativeExpenses": 124335000,
        "otherExpenses": 2854000,
        "operatingExpenses": 127189000,
        "costAndExpenses": 548506000,
        "interestIncome": 337000,
        "interestExpense": 6688000,
        "depreciationAndAmortization": 12435000,
        "ebitda": 104298000,
        "ebitdaratio": 0.1636008565,
        "operatingIncome": 89009000,
        "operatingIncomeRatio": 0.1396186756,
        "totalOtherIncomeExpensesNet": -6807000,
        "incomeBeforeTax": 82202000,
        "incomeBeforeTaxRatio": 0.1289412798,
        "incomeTaxExpense": 24719000,
        "netIncome": 57131000,
        "netIncomeRatio": 0.0896151463,
        "eps": 0.98,
        "epsdiluted": 0.97,
        "weightedAverageShsOut": 58093000,
        "weightedAverageShsOutDil": 59035000,
        "link": "https://www.sec.gov/Archives/edgar/data/25445/000144530513002682/0001445305-13-002682-index.htm",
        "finalLink": "https://www.sec.gov/Archives/edgar/data/25445/000144530513002682/cr-2013930x10q.htm"
    },
    {
        "date": "2013-06-30",
        "symbol": "CR",
        "reportedCurrency": "USD",
        "cik": "0001944013",
        "fillingDate": "2013-08-02",
        "acceptedDate": "2013-08-01 17:37:42",
        "calendarYear": "2013",
        "period": "Q2",
        "revenue": 648746000,
        "costOfRevenue": 426025000,
        "grossProfit": 222721000,
        "grossProfitRatio": 0.3433100166,
        "researchAndDevelopmentExpenses": 0,
        "generalAndAdministrativeExpenses": 0,
        "sellingAndMarketingExpenses": 0,
        "sellingGeneralAndAdministrativeExpenses": 127023000,
        "otherExpenses": 0,
        "operatingExpenses": 133469000,
        "costAndExpenses": 559494000,
        "interestIncome": 519000,
        "interestExpense": 7245000,
        "depreciationAndAmortization": 13014000,
        "ebitda": 108712000,
        "ebitdaratio": 0.1675725168,
        "operatingIncome": 95698000,
        "operatingIncomeRatio": 0.1475122775,
        "totalOtherIncomeExpensesNet": -13172000,
        "incomeBeforeTax": 82526000,
        "incomeBeforeTaxRatio": 0.1272084915,
        "incomeTaxExpense": 27112000,
        "netIncome": 54874000,
        "netIncomeRatio": 0.0845847219,
        "eps": 0.95,
        "epsdiluted": 0.93,
        "weightedAverageShsOut": 57908000,
        "weightedAverageShsOutDil": 58828000,
        "link": "https://www.sec.gov/Archives/edgar/data/25445/000144530513001812/0001445305-13-001812-index.htm",
        "finalLink": "https://www.sec.gov/Archives/edgar/data/25445/000144530513001812/cr-2013630x10q.htm"
    },
    {
        "date": "2013-03-31",
        "symbol": "CR",
        "reportedCurrency": "USD",
        "cik": "0001944013",
        "fillingDate": "2013-05-06",
        "acceptedDate": "2013-05-06 07:43:05",
        "calendarYear": "2013",
        "period": "Q1",
        "revenue": 627571000,
        "costOfRevenue": 409819000,
        "grossProfit": 217752000,
        "grossProfitRatio": 0.34697588,
        "researchAndDevelopmentExpenses": 0,
        "generalAndAdministrativeExpenses": 0,
        "sellingAndMarketingExpenses": 0,
        "sellingGeneralAndAdministrativeExpenses": 127964000,
        "otherExpenses": 0,
        "operatingExpenses": 130972000,
        "costAndExpenses": 540791000,
        "interestIncome": 632000,
        "interestExpense": 6718000,
        "depreciationAndAmortization": 12710000,
        "ebitda": 102498000,
        "ebitdaratio": 0.1633249465,
        "operatingIncome": 89788000,
        "operatingIncomeRatio": 0.143072258,
        "totalOtherIncomeExpensesNet": -9094000,
        "incomeBeforeTax": 80694000,
        "incomeBeforeTaxRatio": 0.1285814673,
        "incomeTaxExpense": 22752000,
        "netIncome": 57791000,
        "netIncomeRatio": 0.0920867918,
        "eps": 1.01,
        "epsdiluted": 0.99,
        "weightedAverageShsOut": 57479000,
        "weightedAverageShsOutDil": 58389000,
        "link": "https://www.sec.gov/Archives/edgar/data/25445/000144530513001118/0001445305-13-001118-index.htm",
        "finalLink": "https://www.sec.gov/Archives/edgar/data/25445/000144530513001118/cr-2013331x10q.htm"
    },
    {
        "date": "2012-12-31",
        "symbol": "CR",
        "reportedCurrency": "USD",
        "cik": "0001944013",
        "fillingDate": "2013-02-26",
        "acceptedDate": "2013-02-26 06:05:43",
        "calendarYear": "2012",
        "period": "Q4",
        "revenue": 629788000,
        "costOfRevenue": 418084000,
        "grossProfit": 211704000,
        "grossProfitRatio": 0.3361512128,
        "researchAndDevelopmentExpenses": 66900000,
        "generalAndAdministrativeExpenses": 137491000,
        "sellingAndMarketingExpenses": -5986000,
        "sellingGeneralAndAdministrativeExpenses": 131965000,
        "otherExpenses": 0,
        "operatingExpenses": 135701000,
        "costAndExpenses": 553785000,
        "interestIncome": 587000,
        "interestExpense": 6717000,
        "depreciationAndAmortization": 14141000,
        "ebitda": 93880000,
        "ebitdaratio": 0.1490660349,
        "operatingIncome": 79739000,
        "operatingIncomeRatio": 0.1266124474,
        "totalOtherIncomeExpensesNet": -9866000,
        "incomeBeforeTax": 69873000,
        "incomeBeforeTaxRatio": 0.1109468583,
        "incomeTaxExpense": 23901000,
        "netIncome": 45644000,
        "netIncomeRatio": 0.0724751821,
        "eps": 0.8,
        "epsdiluted": 0.79,
        "weightedAverageShsOut": 57008000,
        "weightedAverageShsOutDil": 57783000,
        "link": "https://www.sec.gov/Archives/edgar/data/25445/000144530513000320/0001445305-13-000320-index.htm",
        "finalLink": "https://www.sec.gov/Archives/edgar/data/25445/000144530513000320/cr-20121231x10k.htm"
    },
    {
        "date": "2012-09-30",
        "symbol": "CR",
        "reportedCurrency": "USD",
        "cik": "0001944013",
        "fillingDate": "2012-11-05",
        "acceptedDate": "2012-11-02 19:06:01",
        "calendarYear": "2012",
        "period": "Q3",
        "revenue": 657686000,
        "costOfRevenue": 419083000,
        "grossProfit": 238603000,
        "grossProfitRatio": 0.3627916665,
        "researchAndDevelopmentExpenses": 0,
        "generalAndAdministrativeExpenses": 137491000,
        "sellingAndMarketingExpenses": 0,
        "sellingGeneralAndAdministrativeExpenses": 137491000,
        "otherExpenses": 0,
        "operatingExpenses": 152019000,
        "costAndExpenses": 571102000,
        "interestIncome": 443000,
        "interestExpense": 6618000,
        "depreciationAndAmortization": 13174000,
        "ebitda": 100195000,
        "ebitdaratio": 0.1523447359,
        "operatingIncome": 86584000,
        "operatingIncomeRatio": 0.1316494497,
        "totalOtherIncomeExpensesNet": -6181000,
        "incomeBeforeTax": 80403000,
        "incomeBeforeTaxRatio": 0.1222513479,
        "incomeTaxExpense": 23997000,
        "netIncome": 57125000,
        "netIncomeRatio": 0.0868575582,
        "eps": 0.99,
        "epsdiluted": 0.99,
        "weightedAverageShsOut": 57123000,
        "weightedAverageShsOutDil": 57873000,
        "link": "https://www.sec.gov/Archives/edgar/data/25445/000144530512003389/0001445305-12-003389-index.htm",
        "finalLink": "https://www.sec.gov/Archives/edgar/data/25445/000144530512003389/cr-2012930x10q.htm"
    },
    {
        "date": "2012-06-30",
        "symbol": "CR",
        "reportedCurrency": "USD",
        "cik": "0001944013",
        "fillingDate": "2012-08-03",
        "acceptedDate": "2012-08-03 17:25:19",
        "calendarYear": "2012",
        "period": "Q2",
        "revenue": 657686000,
        "costOfRevenue": 436095000,
        "grossProfit": 221591000,
        "grossProfitRatio": 0.3369252196,
        "researchAndDevelopmentExpenses": 0,
        "generalAndAdministrativeExpenses": 0,
        "sellingAndMarketingExpenses": 0,
        "sellingGeneralAndAdministrativeExpenses": 137467000,
        "otherExpenses": 0,
        "operatingExpenses": 152214000,
        "costAndExpenses": 588309000,
        "interestIncome": 454000,
        "interestExpense": 6785000,
        "depreciationAndAmortization": 15274000,
        "ebitda": 84754000,
        "ebitdaratio": 0.1288669669,
        "operatingIncome": 68114000,
        "operatingIncomeRatio": 0.1035661395,
        "totalOtherIncomeExpensesNet": -6682000,
        "incomeBeforeTax": 62695000,
        "incomeBeforeTaxRatio": 0.0953266452,
        "incomeTaxExpense": 19857000,
        "netIncome": 62562000,
        "netIncomeRatio": 0.0951244211,
        "eps": 1.07,
        "epsdiluted": 1.07,
        "weightedAverageShsOut": 57762000,
        "weightedAverageShsOutDil": 58614000,
        "link": "https://www.sec.gov/Archives/edgar/data/25445/000119312512335161/0001193125-12-335161-index.htm",
        "finalLink": "https://www.sec.gov/Archives/edgar/data/25445/000119312512335161/d374756d10q.htm"
    },
    {
        "date": "2012-03-31",
        "symbol": "CR",
        "reportedCurrency": "USD",
        "cik": "0001944013",
        "fillingDate": "2012-05-04",
        "acceptedDate": "2012-05-04 17:27:35",
        "calendarYear": "2012",
        "period": "Q1",
        "revenue": 657879000,
        "costOfRevenue": 437471000,
        "grossProfit": 220408000,
        "grossProfitRatio": 0.3350281739,
        "researchAndDevelopmentExpenses": 0,
        "generalAndAdministrativeExpenses": 0,
        "sellingAndMarketingExpenses": 0,
        "sellingGeneralAndAdministrativeExpenses": 140848000,
        "otherExpenses": 0,
        "operatingExpenses": 140848000,
        "costAndExpenses": 578319000,
        "interestIncome": 395000,
        "interestExpense": 6711000,
        "depreciationAndAmortization": 14674000,
        "ebitda": 93019000,
        "ebitdaratio": 0.1413922621,
        "operatingIncome": 78297000,
        "operatingIncomeRatio": 0.1190142868,
        "totalOtherIncomeExpensesNet": -6663000,
        "incomeBeforeTax": 72897000,
        "incomeBeforeTaxRatio": 0.1108060905,
        "incomeTaxExpense": 21101000,
        "netIncome": 51662000,
        "netIncomeRatio": 0.0785281184,
        "eps": 0.89,
        "epsdiluted": 0.88,
        "weightedAverageShsOut": 57889000,
        "weightedAverageShsOutDil": 58880000,
        "link": "https://www.sec.gov/Archives/edgar/data/25445/000119312512212393/0001193125-12-212393-index.htm",
        "finalLink": "https://www.sec.gov/Archives/edgar/data/25445/000119312512212393/d330079d10q.htm"
    },
    {
        "date": "2011-12-31",
        "symbol": "CR",
        "reportedCurrency": "USD",
        "cik": "0001944013",
        "fillingDate": "2012-02-27",
        "acceptedDate": "2012-02-27 17:07:47",
        "calendarYear": "2011",
        "period": "Q4",
        "revenue": 631618000,
        "costOfRevenue": 425765000,
        "grossProfit": 205853000,
        "grossProfitRatio": 0.3259137643,
        "researchAndDevelopmentExpenses": 0,
        "generalAndAdministrativeExpenses": 269882000,
        "sellingAndMarketingExpenses": -113021000,
        "sellingGeneralAndAdministrativeExpenses": 156861000,
        "otherExpenses": 0,
        "operatingExpenses": 156861000,
        "costAndExpenses": 582626000,
        "interestIncome": 514000,
        "interestExpense": 6730000,
        "depreciationAndAmortization": 15735000,
        "ebitda": -176858000,
        "ebitdaratio": -0.2800078528,
        "operatingIncome": -192655000,
        "operatingIncomeRatio": -0.305018223,
        "totalOtherIncomeExpensesNet": -6668000,
        "incomeBeforeTax": -199323000,
        "incomeBeforeTaxRatio": -0.3155752369,
        "incomeTaxExpense": -74518000,
        "netIncome": -125129000,
        "netIncomeRatio": -0.1981086669,
        "eps": -2.16,
        "epsdiluted": -2.16,
        "weightedAverageShsOut": 57874000,
        "weightedAverageShsOutDil": 57889000,
        "link": "https://www.sec.gov/Archives/edgar/data/25445/000119312512081927/0001193125-12-081927-index.htm",
        "finalLink": "https://www.sec.gov/Archives/edgar/data/25445/000119312512081927/d257041d10k.htm"
    },
    {
        "date": "2011-09-30",
        "symbol": "CR",
        "reportedCurrency": "USD",
        "cik": "0001944013",
        "fillingDate": "2011-11-07",
        "acceptedDate": "2011-11-07 17:08:38",
        "calendarYear": "2011",
        "period": "Q3",
        "revenue": 659456000,
        "costOfRevenue": 436437000,
        "grossProfit": 223019000,
        "grossProfitRatio": 0.3381863233,
        "researchAndDevelopmentExpenses": 0,
        "generalAndAdministrativeExpenses": 125322000,
        "sellingAndMarketingExpenses": 0,
        "sellingGeneralAndAdministrativeExpenses": 125322000,
        "otherExpenses": 0,
        "operatingExpenses": 140903000,
        "costAndExpenses": 577340000,
        "interestIncome": 442000,
        "interestExpense": 6474000,
        "depreciationAndAmortization": 15581000,
        "ebitda": 96240000,
        "ebitdaratio": 0.1459384705,
        "operatingIncome": 82116000,
        "operatingIncomeRatio": 0.1245208172,
        "totalOtherIncomeExpensesNet": -6105000,
        "incomeBeforeTax": 76011000,
        "incomeBeforeTaxRatio": 0.1152631866,
        "incomeTaxExpense": 23605000,
        "netIncome": 52540000,
        "netIncomeRatio": 0.0796717294,
        "eps": 0.91,
        "epsdiluted": 0.89,
        "weightedAverageShsOut": 58048000,
        "weightedAverageShsOutDil": 59058000,
        "link": "https://www.sec.gov/Archives/edgar/data/25445/000119312511300010/0001193125-11-300010-index.htm",
        "finalLink": "https://www.sec.gov/Archives/edgar/data/25445/000119312511300010/d234459d10q.htm"
    },
    {
        "date": "2011-06-30",
        "symbol": "CR",
        "reportedCurrency": "USD",
        "cik": "0001944013",
        "fillingDate": "2011-08-08",
        "acceptedDate": "2011-08-05 17:35:06",
        "calendarYear": "2011",
        "period": "Q2",
        "revenue": 643773000,
        "costOfRevenue": 423041000,
        "grossProfit": 220732000,
        "grossProfitRatio": 0.34287241,
        "researchAndDevelopmentExpenses": 0,
        "generalAndAdministrativeExpenses": 144560000,
        "sellingAndMarketingExpenses": 0,
        "sellingGeneralAndAdministrativeExpenses": 144560000,
        "otherExpenses": 0,
        "operatingExpenses": 160413000,
        "costAndExpenses": 583454000,
        "interestIncome": 389000,
        "interestExpense": 6429000,
        "depreciationAndAmortization": 15853000,
        "ebitda": 94803000,
        "ebitdaratio": 0.1472615347,
        "operatingIncome": 79943000,
        "operatingIncomeRatio": 0.1241788643,
        "totalOtherIncomeExpensesNet": -6330000,
        "incomeBeforeTax": 73613000,
        "incomeBeforeTaxRatio": 0.1143462059,
        "incomeTaxExpense": 23076000,
        "netIncome": 50437000,
        "netIncomeRatio": 0.0783459387,
        "eps": 0.85,
        "epsdiluted": 0.85,
        "weightedAverageShsOut": 58173000,
        "weightedAverageShsOutDil": 59348000,
        "link": "https://www.sec.gov/Archives/edgar/data/25445/000119312511212634/0001193125-11-212634-index.htm",
        "finalLink": "https://www.sec.gov/Archives/edgar/data/25445/000119312511212634/d10q.htm"
    },
    {
        "date": "2011-03-31",
        "symbol": "CR",
        "reportedCurrency": "USD",
        "cik": "0001944013",
        "fillingDate": "2011-05-06",
        "acceptedDate": "2011-05-06 16:29:53",
        "calendarYear": "2011",
        "period": "Q1",
        "revenue": 611020000,
        "costOfRevenue": 397850000,
        "grossProfit": 213170000,
        "grossProfitRatio": 0.3488756506,
        "researchAndDevelopmentExpenses": 0,
        "generalAndAdministrativeExpenses": 0,
        "sellingAndMarketingExpenses": 0,
        "sellingGeneralAndAdministrativeExpenses": 140310000,
        "otherExpenses": 0,
        "operatingExpenses": 140310000,
        "costAndExpenses": 538160000,
        "interestIncome": 290000,
        "interestExpense": 6622000,
        "depreciationAndAmortization": 15774000,
        "ebitda": 92549000,
        "ebitdaratio": 0.1514664004,
        "operatingIncome": 72860000,
        "operatingIncomeRatio": 0.1192432326,
        "totalOtherIncomeExpensesNet": -2707000,
        "incomeBeforeTax": 70153000,
        "incomeBeforeTaxRatio": 0.1148129357,
        "incomeTaxExpense": 21775000,
        "netIncome": 48467000,
        "netIncomeRatio": 0.0793214625,
        "eps": 0.83,
        "epsdiluted": 0.81,
        "weightedAverageShsOut": 58330000,
        "weightedAverageShsOutDil": 59552000,
        "link": "https://www.sec.gov/Archives/edgar/data/25445/000119312511130799/0001193125-11-130799-index.htm",
        "finalLink": "https://www.sec.gov/Archives/edgar/data/25445/000119312511130799/d10q.htm"
    },
    {
        "date": "2010-12-31",
        "symbol": "CR",
        "reportedCurrency": "USD",
        "cik": "0001944013",
        "fillingDate": "2011-02-28",
        "acceptedDate": "2011-02-28 16:08:01",
        "calendarYear": "2010",
        "period": "Q4",
        "revenue": 574006000,
        "costOfRevenue": 385381000,
        "grossProfit": 188625000,
        "grossProfitRatio": 0.3286115476,
        "researchAndDevelopmentExpenses": 0,
        "generalAndAdministrativeExpenses": 256873000,
        "sellingAndMarketingExpenses": -128623000,
        "sellingGeneralAndAdministrativeExpenses": 128250000,
        "otherExpenses": 0,
        "operatingExpenses": 128250000,
        "costAndExpenses": 513631000,
        "interestIncome": 424000,
        "interestExpense": 6720000,
        "depreciationAndAmortization": 15245000,
        "ebitda": 69895000,
        "ebitdaratio": 0.1217670199,
        "operatingIncome": 53699000,
        "operatingIncomeRatio": 0.0935512869,
        "totalOtherIncomeExpensesNet": -5769000,
        "incomeBeforeTax": 47930000,
        "incomeBeforeTaxRatio": 0.0835008693,
        "incomeTaxExpense": 8690000,
        "netIncome": 39388000,
        "netIncomeRatio": 0.0686194918,
        "eps": 0.68,
        "epsdiluted": 0.68,
        "weightedAverageShsOut": 58274000,
        "weightedAverageShsOutDil": 58330000,
        "link": "https://www.sec.gov/Archives/edgar/data/25445/000119312511049904/0001193125-11-049904-index.htm",
        "finalLink": "https://www.sec.gov/Archives/edgar/data/25445/000119312511049904/d10k.htm"
    },
    {
        "date": "2010-09-30",
        "symbol": "CR",
        "reportedCurrency": "USD",
        "cik": "0001944013",
        "fillingDate": "2010-11-05",
        "acceptedDate": "2010-11-05 13:56:00",
        "calendarYear": "2010",
        "period": "Q3",
        "revenue": 560714000,
        "costOfRevenue": 373171000,
        "grossProfit": 187543000,
        "grossProfitRatio": 0.3344717628,
        "researchAndDevelopmentExpenses": 0,
        "generalAndAdministrativeExpenses": 127970000,
        "sellingAndMarketingExpenses": 0,
        "sellingGeneralAndAdministrativeExpenses": 127970000,
        "otherExpenses": 0,
        "operatingExpenses": 142721000,
        "costAndExpenses": 515892000,
        "interestIncome": 299000,
        "interestExpense": 6738000,
        "depreciationAndAmortization": 14751000,
        "ebitda": 79451000,
        "ebitdaratio": 0.1416961232,
        "operatingIncome": 62879000,
        "operatingIncomeRatio": 0.1121409489,
        "totalOtherIncomeExpensesNet": -4917000,
        "incomeBeforeTax": 57962000,
        "incomeBeforeTaxRatio": 0.1033717724,
        "incomeTaxExpense": 16359000,
        "netIncome": 41507000,
        "netIncomeRatio": 0.0740252606,
        "eps": 0.7,
        "epsdiluted": 0.7,
        "weightedAverageShsOut": 58608000,
        "weightedAverageShsOutDil": 59525000,
        "link": "https://www.sec.gov/Archives/edgar/data/25445/000119312510249779/0001193125-10-249779-index.htm",
        "finalLink": "https://www.sec.gov/Archives/edgar/data/25445/000119312510249779/d10q.htm"
    },
    {
        "date": "2010-06-30",
        "symbol": "CR",
        "reportedCurrency": "USD",
        "cik": "0001944013",
        "fillingDate": "2010-08-05",
        "acceptedDate": "2010-08-05 17:10:32",
        "calendarYear": "2010",
        "period": "Q2",
        "revenue": 552814000,
        "costOfRevenue": 361779000,
        "grossProfit": 191035000,
        "grossProfitRatio": 0.3455683105,
        "researchAndDevelopmentExpenses": 0,
        "generalAndAdministrativeExpenses": 128903000,
        "sellingAndMarketingExpenses": 0,
        "sellingGeneralAndAdministrativeExpenses": 128903000,
        "otherExpenses": 0,
        "operatingExpenses": 144311000,
        "costAndExpenses": 506090000,
        "interestIncome": 236000,
        "interestExpense": 6657000,
        "depreciationAndAmortization": 15408000,
        "ebitda": 80344000,
        "ebitdaratio": 0.1453364061,
        "operatingIncome": 65304000,
        "operatingIncomeRatio": 0.1181301487,
        "totalOtherIncomeExpensesNet": -7025000,
        "incomeBeforeTax": 58279000,
        "incomeBeforeTaxRatio": 0.1054224387,
        "incomeTaxExpense": 18116000,
        "netIncome": 40041000,
        "netIncomeRatio": 0.0724312337,
        "eps": 0.68,
        "epsdiluted": 0.67,
        "weightedAverageShsOut": 58909000,
        "weightedAverageShsOutDil": 59894000,
        "link": "https://www.sec.gov/Archives/edgar/data/25445/000119312510179548/0001193125-10-179548-index.htm",
        "finalLink": "https://www.sec.gov/Archives/edgar/data/25445/000119312510179548/d10q.htm"
    },
    {
        "date": "2010-03-31",
        "symbol": "CR",
        "reportedCurrency": "USD",
        "cik": "0001944013",
        "fillingDate": "2010-05-05",
        "acceptedDate": "2010-05-05 16:48:24",
        "calendarYear": "2010",
        "period": "Q1",
        "revenue": 530291000,
        "costOfRevenue": 352271000,
        "grossProfit": 178020000,
        "grossProfitRatio": 0.3357024728,
        "researchAndDevelopmentExpenses": 0,
        "generalAndAdministrativeExpenses": 0,
        "sellingAndMarketingExpenses": 0,
        "sellingGeneralAndAdministrativeExpenses": 124740000,
        "otherExpenses": 0,
        "operatingExpenses": 124740000,
        "costAndExpenses": 477011000,
        "interestIncome": 225000,
        "interestExpense": 6726000,
        "depreciationAndAmortization": 14437000,
        "ebitda": 67921000,
        "ebitdaratio": 0.1280825056,
        "operatingIncome": 53280000,
        "operatingIncomeRatio": 0.1004731364,
        "totalOtherIncomeExpensesNet": -6522000,
        "incomeBeforeTax": 46758000,
        "incomeBeforeTaxRatio": 0.0881742289,
        "incomeTaxExpense": 13574000,
        "netIncome": 33234000,
        "netIncomeRatio": 0.0626712503,
        "eps": 0.57,
        "epsdiluted": 0.56,
        "weightedAverageShsOut": 58650000,
        "weightedAverageShsOutDil": 59570000,
        "link": "https://www.sec.gov/Archives/edgar/data/25445/000119312510109007/0001193125-10-109007-index.htm",
        "finalLink": "https://www.sec.gov/Archives/edgar/data/25445/000119312510109007/d10q.htm"
    },
    {
        "date": "2009-12-31",
        "symbol": "CR",
        "reportedCurrency": "USD",
        "cik": "0001944013",
        "fillingDate": "2010-02-25",
        "acceptedDate": "2010-02-25 06:07:25",
        "calendarYear": "2009",
        "period": "Q4",
        "revenue": 545004000,
        "costOfRevenue": 349002000,
        "grossProfit": 196002000,
        "grossProfitRatio": 0.3596340577,
        "researchAndDevelopmentExpenses": 0,
        "generalAndAdministrativeExpenses": 0,
        "sellingAndMarketingExpenses": 0,
        "sellingGeneralAndAdministrativeExpenses": 121319000,
        "otherExpenses": 0,
        "operatingExpenses": 121319000,
        "costAndExpenses": 470321000,
        "interestIncome": 1242000,
        "interestExpense": 6769000,
        "depreciationAndAmortization": 14347000,
        "ebitda": 83682000,
        "ebitdaratio": 0.1535438272,
        "operatingIncome": 69440000,
        "operatingIncomeRatio": 0.1274119089,
        "totalOtherIncomeExpensesNet": -6754000,
        "incomeBeforeTax": 62566000,
        "incomeBeforeTaxRatio": 0.1147991574,
        "incomeTaxExpense": 14873000,
        "netIncome": 47671000,
        "netIncomeRatio": 0.0874690828,
        "eps": 0.81,
        "epsdiluted": 0.81,
        "weightedAverageShsOut": 58506000,
        "weightedAverageShsOutDil": 58650000,
        "link": "https://www.sec.gov/Archives/edgar/data/25445/000119312510039621/0001193125-10-039621-index.htm",
        "finalLink": "https://www.sec.gov/Archives/edgar/data/25445/000119312510039621/d10k.htm"
    },
    {
        "date": "2009-09-30",
        "symbol": "CR",
        "reportedCurrency": "USD",
        "cik": "0001944013",
        "fillingDate": "2009-11-05",
        "acceptedDate": "2009-11-05 16:58:54",
        "calendarYear": "2009",
        "period": "Q3",
        "revenue": 550710000,
        "costOfRevenue": 365482000,
        "grossProfit": 185228000,
        "grossProfitRatio": 0.3363439923,
        "researchAndDevelopmentExpenses": 0,
        "generalAndAdministrativeExpenses": 0,
        "sellingAndMarketingExpenses": 0,
        "sellingGeneralAndAdministrativeExpenses": 129775000,
        "otherExpenses": 0,
        "operatingExpenses": 129775000,
        "costAndExpenses": 495257000,
        "interestIncome": 270000,
        "interestExpense": 6821000,
        "depreciationAndAmortization": 14025000,
        "ebitda": 69831000,
        "ebitdaratio": 0.126801765,
        "operatingIncome": 55453000,
        "operatingIncomeRatio": 0.10069365,
        "totalOtherIncomeExpensesNet": -6468000,
        "incomeBeforeTax": 48985000,
        "incomeBeforeTaxRatio": 0.0889488115,
        "incomeTaxExpense": 13832000,
        "netIncome": 35108000,
        "netIncomeRatio": 0.0637504313,
        "eps": 0.6,
        "epsdiluted": 0.6,
        "weightedAverageShsOut": 58472000,
        "weightedAverageShsOutDil": 58842000,
        "link": "https://www.sec.gov/Archives/edgar/data/25445/000119312509225720/0001193125-09-225720-index.htm",
        "finalLink": "https://www.sec.gov/Archives/edgar/data/25445/000119312509225720/d10q.htm"
    },
    {
        "date": "2009-06-30",
        "symbol": "CR",
        "reportedCurrency": "USD",
        "cik": "0001944013",
        "fillingDate": "2009-08-06",
        "acceptedDate": "2009-08-05 18:38:03",
        "calendarYear": "2009",
        "period": "Q2",
        "revenue": 545491000,
        "costOfRevenue": 369537000,
        "grossProfit": 175954000,
        "grossProfitRatio": 0.3225607755,
        "researchAndDevelopmentExpenses": 0,
        "generalAndAdministrativeExpenses": 0,
        "sellingAndMarketingExpenses": 0,
        "sellingGeneralAndAdministrativeExpenses": 130462000,
        "otherExpenses": 0,
        "operatingExpenses": 130462000,
        "costAndExpenses": 499999000,
        "interestIncome": 465000,
        "interestExpense": 6780000,
        "depreciationAndAmortization": 14779000,
        "ebitda": 61265000,
        "ebitdaratio": 0.1123116605,
        "operatingIncome": 45492000,
        "operatingIncomeRatio": 0.0833964263,
        "totalOtherIncomeExpensesNet": -5786000,
        "incomeBeforeTax": 39706000,
        "incomeBeforeTaxRatio": 0.0727894686,
        "incomeTaxExpense": 11901000,
        "netIncome": 27767000,
        "netIncomeRatio": 0.0509027647,
        "eps": 0.47,
        "epsdiluted": 0.47,
        "weightedAverageShsOut": 58459000,
        "weightedAverageShsOutDil": 58728000,
        "link": "https://www.sec.gov/Archives/edgar/data/25445/000119312509165687/0001193125-09-165687-index.htm",
        "finalLink": "https://www.sec.gov/Archives/edgar/data/25445/000119312509165687/d10q.htm"
    },
    {
        "date": "2009-03-31",
        "symbol": "CR",
        "reportedCurrency": "USD",
        "cik": "0001944013",
        "fillingDate": "2009-05-08",
        "acceptedDate": "2009-05-08 16:23:39",
        "calendarYear": "2009",
        "period": "Q1",
        "revenue": 555139000,
        "costOfRevenue": 382010000,
        "grossProfit": 173129000,
        "grossProfitRatio": 0.3118660372,
        "researchAndDevelopmentExpenses": 0,
        "generalAndAdministrativeExpenses": 0,
        "sellingAndMarketingExpenses": 0,
        "sellingGeneralAndAdministrativeExpenses": 135245000,
        "otherExpenses": 0,
        "operatingExpenses": 135245000,
        "costAndExpenses": 517255000,
        "interestIncome": 843000,
        "interestExpense": 6770000,
        "depreciationAndAmortization": 15053000,
        "ebitda": 55491000,
        "ebitdaratio": 0.0999587491,
        "operatingIncome": 37884000,
        "operatingIncomeRatio": 0.0682423681,
        "totalOtherIncomeExpensesNet": -4215000,
        "incomeBeforeTax": 33549000,
        "incomeBeforeTaxRatio": 0.060433513,
        "incomeTaxExpense": 10238000,
        "netIncome": 23311000,
        "netIncomeRatio": 0.0419912851,
        "eps": 0.4,
        "epsdiluted": 0.4,
        "weightedAverageShsOut": 58453000,
        "weightedAverageShsOutDil": 58543000,
        "link": "https://www.sec.gov/Archives/edgar/data/25445/000119312509105420/0001193125-09-105420-index.htm",
        "finalLink": "https://www.sec.gov/Archives/edgar/data/25445/000119312509105420/d10q.htm"
    },
    {
        "date": "2008-12-31",
        "symbol": "CR",
        "reportedCurrency": "USD",
        "cik": "0001944013",
        "fillingDate": "2009-02-25",
        "acceptedDate": "2009-02-24 20:14:50",
        "calendarYear": "2008",
        "period": "Q4",
        "revenue": 589279000,
        "costOfRevenue": 408476000,
        "grossProfit": 180803000,
        "grossProfitRatio": 0.306820708,
        "researchAndDevelopmentExpenses": 0,
        "generalAndAdministrativeExpenses": 0,
        "sellingAndMarketingExpenses": 0,
        "sellingGeneralAndAdministrativeExpenses": 158849000,
        "otherExpenses": 0,
        "operatingExpenses": 158849000,
        "costAndExpenses": 567325000,
        "interestIncome": 0,
        "interestExpense": 0,
        "depreciationAndAmortization": 13197000,
        "ebitda": 6610000,
        "ebitdaratio": 0.0112170975,
        "operatingIncome": -18749000,
        "operatingIncomeRatio": -0.0318168474,
        "totalOtherIncomeExpensesNet": -4658000,
        "incomeBeforeTax": -23407000,
        "incomeBeforeTaxRatio": -0.0397214223,
        "incomeTaxExpense": -15096000,
        "netIncome": -8311000,
        "netIncomeRatio": -0.0141036758,
        "eps": -0.14,
        "epsdiluted": -0.14,
        "weightedAverageShsOut": 58453000,
        "weightedAverageShsOutDil": 58453000,
        "link": "https://www.sec.gov/Archives/edgar/data/25445/000119312509036461/0001193125-09-036461-index.htm",
        "finalLink": "https://www.sec.gov/Archives/edgar/data/25445/000119312509036461/d10k.htm"
    },
    {
        "date": "2008-09-30",
        "symbol": "CR",
        "reportedCurrency": "USD",
        "cik": "0001944013",
        "fillingDate": "2008-11-06",
        "acceptedDate": "2008-11-06 17:28:08",
        "calendarYear": "2008",
        "period": "Q3",
        "revenue": 642678000,
        "costOfRevenue": 434382000,
        "grossProfit": 208296000,
        "grossProfitRatio": 0.3241063176,
        "researchAndDevelopmentExpenses": 0,
        "generalAndAdministrativeExpenses": 0,
        "sellingAndMarketingExpenses": 0,
        "sellingGeneralAndAdministrativeExpenses": 153678000,
        "otherExpenses": 0,
        "operatingExpenses": 153678000,
        "costAndExpenses": 588060000,
        "interestIncome": 3212000,
        "interestExpense": 6053000,
        "depreciationAndAmortization": 14270000,
        "ebitda": 71909000,
        "ebitdaratio": 0.1118896244,
        "operatingIncome": 54618000,
        "operatingIncomeRatio": 0.0849850158,
        "totalOtherIncomeExpensesNet": -2924000,
        "incomeBeforeTax": 51694000,
        "incomeBeforeTaxRatio": 0.0804353035,
        "incomeTaxExpense": 15612000,
        "netIncome": 36082000,
        "netIncomeRatio": 0.0561432008,
        "eps": 0.6,
        "epsdiluted": 0.6,
        "weightedAverageShsOut": 59811000,
        "weightedAverageShsOutDil": 60485000,
        "link": "https://www.sec.gov/Archives/edgar/data/25445/000119312508228159/0001193125-08-228159-index.htm",
        "finalLink": "https://www.sec.gov/Archives/edgar/data/25445/000119312508228159/d10q.htm"
    },
    {
        "date": "2008-06-30",
        "symbol": "CR",
        "reportedCurrency": "USD",
        "cik": "0001944013",
        "fillingDate": "2008-08-04",
        "acceptedDate": "2008-08-04 16:40:12",
        "calendarYear": "2008",
        "period": "Q2",
        "revenue": 693482000,
        "costOfRevenue": 455647000,
        "grossProfit": 237835000,
        "grossProfitRatio": 0.342957712,
        "researchAndDevelopmentExpenses": 0,
        "generalAndAdministrativeExpenses": 0,
        "sellingAndMarketingExpenses": 0,
        "sellingGeneralAndAdministrativeExpenses": 151564000,
        "otherExpenses": 0,
        "operatingExpenses": 151564000,
        "costAndExpenses": 607211000,
        "interestIncome": 2883000,
        "interestExpense": 6678000,
        "depreciationAndAmortization": 14712000,
        "ebitda": 105208000,
        "ebitdaratio": 0.1517097776,
        "operatingIncome": 86271000,
        "operatingIncomeRatio": 0.1244026521,
        "totalOtherIncomeExpensesNet": -2164000,
        "incomeBeforeTax": 84107000,
        "incomeBeforeTaxRatio": 0.1212821674,
        "incomeTaxExpense": 25098000,
        "netIncome": 59009000,
        "netIncomeRatio": 0.0850908892,
        "eps": 0.99,
        "epsdiluted": 0.97,
        "weightedAverageShsOut": 59707000,
        "weightedAverageShsOutDil": 60581000,
        "link": "https://www.sec.gov/Archives/edgar/data/25445/000119312508164995/0001193125-08-164995-index.htm",
        "finalLink": "https://www.sec.gov/Archives/edgar/data/25445/000119312508164995/d10q.htm"
    },
    {
        "date": "2008-03-31",
        "symbol": "CR",
        "reportedCurrency": "USD",
        "cik": "0001944013",
        "fillingDate": "2008-05-06",
        "acceptedDate": "2008-05-06 17:29:24",
        "calendarYear": "2008",
        "period": "Q1",
        "revenue": 678868000,
        "costOfRevenue": 452531000,
        "grossProfit": 226337000,
        "grossProfitRatio": 0.3334035483,
        "researchAndDevelopmentExpenses": 0,
        "generalAndAdministrativeExpenses": 0,
        "sellingAndMarketingExpenses": 0,
        "sellingGeneralAndAdministrativeExpenses": 150988000,
        "otherExpenses": 0,
        "operatingExpenses": 150988000,
        "costAndExpenses": 603519000,
        "interestIncome": 2284000,
        "interestExpense": 6505000,
        "depreciationAndAmortization": 14983000,
        "ebitda": 92946000,
        "ebitdaratio": 0.1369132144,
        "operatingIncome": 75349000,
        "operatingIncomeRatio": 0.1109921222,
        "totalOtherIncomeExpensesNet": -3891000,
        "incomeBeforeTax": 71458000,
        "incomeBeforeTaxRatio": 0.1052605219,
        "incomeTaxExpense": 23080000,
        "netIncome": 48378000,
        "netIncomeRatio": 0.0712627492,
        "eps": 0.81,
        "epsdiluted": 0.79,
        "weightedAverageShsOut": 60040000,
        "weightedAverageShsOutDil": 60955000,
        "link": "https://www.sec.gov/Archives/edgar/data/25445/000119312508104315/0001193125-08-104315-index.htm",
        "finalLink": "https://www.sec.gov/Archives/edgar/data/25445/000119312508104315/d10q.htm"
    },
    {
        "date": "2007-12-31",
        "symbol": "CR",
        "reportedCurrency": "USD",
        "cik": "0001944013",
        "fillingDate": "2008-02-28",
        "acceptedDate": "2008-02-28 06:15:31",
        "calendarYear": "2007",
        "period": "Q4",
        "revenue": 665963000,
        "costOfRevenue": 454597000,
        "grossProfit": 211366000,
        "grossProfitRatio": 0.3173839988,
        "researchAndDevelopmentExpenses": 0,
        "generalAndAdministrativeExpenses": 0,
        "sellingAndMarketingExpenses": 0,
        "sellingGeneralAndAdministrativeExpenses": 165684000,
        "otherExpenses": 0,
        "operatingExpenses": 165684000,
        "costAndExpenses": 620281000,
        "interestIncome": 0,
        "interestExpense": 0,
        "depreciationAndAmortization": 16570000,
        "ebitda": 62252000,
        "ebitdaratio": 0.0934766646,
        "operatingIncome": 64765000,
        "operatingIncomeRatio": 0.0972501475,
        "totalOtherIncomeExpensesNet": 1945000,
        "incomeBeforeTax": 66710000,
        "incomeBeforeTaxRatio": 0.1001707302,
        "incomeTaxExpense": 21483000,
        "netIncome": 45227000,
        "netIncomeRatio": 0.0679121813,
        "eps": 0.75,
        "epsdiluted": 0.75,
        "weightedAverageShsOut": 60040000,
        "weightedAverageShsOutDil": 60040000,
        "link": "https://www.sec.gov/Archives/edgar/data/25445/000119312508040709/0001193125-08-040709-index.htm",
        "finalLink": "https://www.sec.gov/Archives/edgar/data/25445/000119312508040709/d10k.htm"
    },
    {
        "date": "2007-09-30",
        "symbol": "CR",
        "reportedCurrency": "USD",
        "cik": "0001944013",
        "fillingDate": "2007-11-05",
        "acceptedDate": "2007-11-05 17:06:29",
        "calendarYear": "2007",
        "period": "Q3",
        "revenue": 664093000,
        "costOfRevenue": 445603000,
        "grossProfit": 218490000,
        "grossProfitRatio": 0.3290051243,
        "researchAndDevelopmentExpenses": 0,
        "generalAndAdministrativeExpenses": 0,
        "sellingAndMarketingExpenses": 0,
        "sellingGeneralAndAdministrativeExpenses": 140957000,
        "otherExpenses": 390150000,
        "operatingExpenses": 531107000,
        "costAndExpenses": 976710000,
        "interestIncome": 0,
        "interestExpense": 0,
        "depreciationAndAmortization": 13672000,
        "ebitda": -298945000,
        "ebitdaratio": -0.4501553246,
        "operatingIncome": -312617000,
        "operatingIncomeRatio": -0.4707428026,
        "totalOtherIncomeExpensesNet": -4461000,
        "incomeBeforeTax": -317078000,
        "incomeBeforeTaxRatio": -0.4774602352,
        "incomeTaxExpense": -120128000,
        "netIncome": -196950000,
        "netIncomeRatio": -0.2965699081,
        "eps": -3.29,
        "epsdiluted": -3.29,
        "weightedAverageShsOut": 59884000,
        "weightedAverageShsOutDil": 59884000,
        "link": "https://www.sec.gov/Archives/edgar/data/25445/000119312507235157/0001193125-07-235157-index.htm",
        "finalLink": "https://www.sec.gov/Archives/edgar/data/25445/000119312507235157/d10q.htm"
    },
    {
        "date": "2007-06-30",
        "symbol": "CR",
        "reportedCurrency": "USD",
        "cik": "0001944013",
        "fillingDate": "2007-08-06",
        "acceptedDate": "2007-08-06 17:01:20",
        "calendarYear": "2007",
        "period": "Q2",
        "revenue": 660897000,
        "costOfRevenue": 452273000,
        "grossProfit": 208624000,
        "grossProfitRatio": 0.3156679483,
        "researchAndDevelopmentExpenses": 0,
        "generalAndAdministrativeExpenses": 0,
        "sellingAndMarketingExpenses": 0,
        "sellingGeneralAndAdministrativeExpenses": 136827000,
        "otherExpenses": 0,
        "operatingExpenses": 136827000,
        "costAndExpenses": 589100000,
        "interestIncome": 0,
        "interestExpense": 0,
        "depreciationAndAmortization": 15492000,
        "ebitda": 71797000,
        "ebitdaratio": 0.1086356876,
        "operatingIncome": 71797000,
        "operatingIncomeRatio": 0.1086356876,
        "totalOtherIncomeExpensesNet": -4981000,
        "incomeBeforeTax": 66816000,
        "incomeBeforeTaxRatio": 0.101098961,
        "incomeTaxExpense": 21080000,
        "netIncome": 45736000,
        "netIncomeRatio": 0.0692029166,
        "eps": 0.77,
        "epsdiluted": 0.75,
        "weightedAverageShsOut": 59767000,
        "weightedAverageShsOutDil": 60882000,
        "link": "https://www.sec.gov/Archives/edgar/data/25445/000119312507172118/0001193125-07-172118-index.htm",
        "finalLink": "https://www.sec.gov/Archives/edgar/data/25445/000119312507172118/d10q.htm"
    },
    {
        "date": "2007-03-31",
        "symbol": "CR",
        "reportedCurrency": "USD",
        "cik": "0001944013",
        "fillingDate": "2007-05-07",
        "acceptedDate": "2007-05-07 16:18:31",
        "calendarYear": "2007",
        "period": "Q1",
        "revenue": 628217000,
        "costOfRevenue": 423683000,
        "grossProfit": 204534000,
        "grossProfitRatio": 0.3255785819,
        "researchAndDevelopmentExpenses": 0,
        "generalAndAdministrativeExpenses": 0,
        "sellingAndMarketingExpenses": 0,
        "sellingGeneralAndAdministrativeExpenses": 136135000,
        "otherExpenses": 0,
        "operatingExpenses": 136135000,
        "costAndExpenses": 559818000,
        "interestIncome": 0,
        "interestExpense": 0,
        "depreciationAndAmortization": 15576000,
        "ebitda": 68399000,
        "ebitdaratio": 0.1088779832,
        "operatingIncome": 68399000,
        "operatingIncomeRatio": 0.1088779832,
        "totalOtherIncomeExpensesNet": -3742000,
        "incomeBeforeTax": 64657000,
        "incomeBeforeTaxRatio": 0.1029214427,
        "incomeTaxExpense": 21012000,
        "netIncome": 43645000,
        "netIncomeRatio": 0.0694744014,
        "eps": 0.72,
        "epsdiluted": 0.71,
        "weightedAverageShsOut": 60209000,
        "weightedAverageShsOutDil": 61207000,
        "link": "https://www.sec.gov/Archives/edgar/data/25445/000119312507104332/0001193125-07-104332-index.htm",
        "finalLink": "https://www.sec.gov/Archives/edgar/data/25445/000119312507104332/d10q.htm"
    },
    {
        "date": "2006-12-31",
        "symbol": "CR",
        "reportedCurrency": "USD",
        "cik": "0001944013",
        "fillingDate": "2007-03-01",
        "acceptedDate": "2007-03-01 06:19:13",
        "calendarYear": "2006",
        "period": "Q4",
        "revenue": 581652000,
        "costOfRevenue": 399655000,
        "grossProfit": 181997000,
        "grossProfitRatio": 0.3128967149,
        "researchAndDevelopmentExpenses": 0,
        "generalAndAdministrativeExpenses": 0,
        "sellingAndMarketingExpenses": 0,
        "sellingGeneralAndAdministrativeExpenses": 128530000,
        "otherExpenses": -2229000000,
        "operatingExpenses": -2100470000,
        "costAndExpenses": -1700815000,
        "interestIncome": 0,
        "interestExpense": 0,
        "depreciationAndAmortization": 15229000,
        "ebitda": 2297696000,
        "ebitdaratio": 3.9502933025,
        "operatingIncome": 53467000,
        "operatingIncomeRatio": 0.0919226617,
        "totalOtherIncomeExpensesNet": -1642000,
        "incomeBeforeTax": 51827000,
        "incomeBeforeTaxRatio": 0.0891031063,
        "incomeTaxExpense": 13845000,
        "netIncome": 37982000,
        "netIncomeRatio": 0.0653002139,
        "eps": 0.63,
        "epsdiluted": 0.63,
        "weightedAverageShsOut": 60209000,
        "weightedAverageShsOutDil": 60209000,
        "link": "https://www.sec.gov/Archives/edgar/data/25445/000119312507043378/0001193125-07-043378-index.htm",
        "finalLink": "https://www.sec.gov/Archives/edgar/data/25445/000119312507043378/d10k.htm"
    },
    {
        "date": "2006-09-30",
        "symbol": "CR",
        "reportedCurrency": "USD",
        "cik": "0001944013",
        "fillingDate": "2006-11-09",
        "acceptedDate": "2006-11-09 17:06:13",
        "calendarYear": "2006",
        "period": "Q3",
        "revenue": 567704000,
        "costOfRevenue": 378054000,
        "grossProfit": 189650000,
        "grossProfitRatio": 0.3340649352,
        "researchAndDevelopmentExpenses": 0,
        "generalAndAdministrativeExpenses": 0,
        "sellingAndMarketingExpenses": 0,
        "sellingGeneralAndAdministrativeExpenses": 118487000,
        "otherExpenses": 0,
        "operatingExpenses": 118487000,
        "costAndExpenses": 496541000,
        "interestIncome": 0,
        "interestExpense": 0,
        "depreciationAndAmortization": 12259000,
        "ebitda": 71163000,
        "ebitdaratio": 0.1253522963,
        "operatingIncome": 71163000,
        "operatingIncomeRatio": 0.1253522963,
        "totalOtherIncomeExpensesNet": -3231000,
        "incomeBeforeTax": 67932000,
        "incomeBeforeTaxRatio": 0.1196609501,
        "incomeTaxExpense": 21889000,
        "netIncome": 46043000,
        "netIncomeRatio": 0.0811038851,
        "eps": 0.75,
        "epsdiluted": 0.74,
        "weightedAverageShsOut": 61110000,
        "weightedAverageShsOutDil": 62226000,
        "link": "https://www.sec.gov/Archives/edgar/data/25445/000119312506230575/0001193125-06-230575-index.htm",
        "finalLink": "https://www.sec.gov/Archives/edgar/data/25445/000119312506230575/d10q.htm"
    },
    {
        "date": "2006-06-30",
        "symbol": "CR",
        "reportedCurrency": "USD",
        "cik": "0001944013",
        "fillingDate": "2006-08-09",
        "acceptedDate": "2006-08-09 10:22:17",
        "calendarYear": "2006",
        "period": "Q2",
        "revenue": 558151000,
        "costOfRevenue": 376423000,
        "grossProfit": 181728000,
        "grossProfitRatio": 0.3255893119,
        "researchAndDevelopmentExpenses": 0,
        "generalAndAdministrativeExpenses": 0,
        "sellingAndMarketingExpenses": 0,
        "sellingGeneralAndAdministrativeExpenses": 115638000,
        "otherExpenses": 0,
        "operatingExpenses": 115638000,
        "costAndExpenses": 492061000,
        "interestIncome": 0,
        "interestExpense": 0,
        "depreciationAndAmortization": 11532000,
        "ebitda": 66090000,
        "ebitdaratio": 0.1184088177,
        "operatingIncome": 66090000,
        "operatingIncomeRatio": 0.1184088177,
        "totalOtherIncomeExpensesNet": -171000,
        "incomeBeforeTax": 65919000,
        "incomeBeforeTaxRatio": 0.118102449,
        "incomeTaxExpense": 21456000,
        "netIncome": 44463000,
        "netIncomeRatio": 0.0796612386,
        "eps": 0.73,
        "epsdiluted": 0.71,
        "weightedAverageShsOut": 60995000,
        "weightedAverageShsOutDil": 62338000,
        "link": "https://www.sec.gov/Archives/edgar/data/25445/000119312506167006/0001193125-06-167006-index.htm",
        "finalLink": "https://www.sec.gov/Archives/edgar/data/25445/000119312506167006/d10q.htm"
    },
    {
        "date": "2006-03-31",
        "symbol": "CR",
        "reportedCurrency": "USD",
        "cik": "0001944013",
        "fillingDate": "2006-05-04",
        "acceptedDate": "2006-05-04 15:48:43",
        "calendarYear": "2006",
        "period": "Q1",
        "revenue": 549383000,
        "costOfRevenue": 371501000,
        "grossProfit": 177882000,
        "grossProfitRatio": 0.3237850461,
        "researchAndDevelopmentExpenses": 0,
        "generalAndAdministrativeExpenses": 0,
        "sellingAndMarketingExpenses": 0,
        "sellingGeneralAndAdministrativeExpenses": 120667000,
        "otherExpenses": 0,
        "operatingExpenses": 120667000,
        "costAndExpenses": 492168000,
        "interestIncome": 0,
        "interestExpense": 0,
        "depreciationAndAmortization": 15265000,
        "ebitda": 57215000,
        "ebitdaratio": 0.1041441035,
        "operatingIncome": 57215000,
        "operatingIncomeRatio": 0.1041441035,
        "totalOtherIncomeExpensesNet": -3558000,
        "incomeBeforeTax": 53657000,
        "incomeBeforeTaxRatio": 0.0976677473,
        "incomeTaxExpense": 16258000,
        "netIncome": 37399000,
        "netIncomeRatio": 0.0680745491,
        "eps": 0.62,
        "epsdiluted": 0.61,
        "weightedAverageShsOut": 60718000,
        "weightedAverageShsOutDil": 61801000,
        "link": "https://www.sec.gov/Archives/edgar/data/25445/000119312506100283/0001193125-06-100283-index.htm",
        "finalLink": "https://www.sec.gov/Archives/edgar/data/25445/000119312506100283/d10q.htm"
    },
    {
        "date": "2005-12-31",
        "symbol": "CR",
        "reportedCurrency": "USD",
        "cik": "0001944013",
        "fillingDate": "2006-03-09",
        "acceptedDate": "2006-03-09 15:07:40",
        "calendarYear": "2005",
        "period": "Q4",
        "revenue": 506337000,
        "costOfRevenue": 347629000,
        "grossProfit": 158708000,
        "grossProfitRatio": 0.3134434181,
        "researchAndDevelopmentExpenses": 0,
        "generalAndAdministrativeExpenses": 0,
        "sellingAndMarketingExpenses": 0,
        "sellingGeneralAndAdministrativeExpenses": 103593000,
        "otherExpenses": 0,
        "operatingExpenses": 103593000,
        "costAndExpenses": 451222000,
        "interestIncome": 0,
        "interestExpense": 0,
        "depreciationAndAmortization": 12754000,
        "ebitda": 67869000,
        "ebitdaratio": 0.1340391873,
        "operatingIncome": 55115000,
        "operatingIncomeRatio": 0.1088504297,
        "totalOtherIncomeExpensesNet": -3922000,
        "incomeBeforeTax": 51193000,
        "incomeBeforeTaxRatio": 0.1011046003,
        "incomeTaxExpense": 15870000,
        "netIncome": 35323000,
        "netIncomeRatio": 0.0697618385,
        "eps": 0.58,
        "epsdiluted": 0.58,
        "weightedAverageShsOut": 60236000,
        "weightedAverageShsOutDil": 60718000,
        "link": "https://www.sec.gov/Archives/edgar/data/25445/000119312506049541/0001193125-06-049541-index.htm",
        "finalLink": "https://www.sec.gov/Archives/edgar/data/25445/000119312506049541/d10k.htm"
    },
    {
        "date": "2005-09-30",
        "symbol": "CR",
        "reportedCurrency": "USD",
        "cik": "0001944013",
        "fillingDate": "2005-11-08",
        "acceptedDate": "2005-11-08 17:19:17",
        "calendarYear": "2005",
        "period": "Q3",
        "revenue": 522231000,
        "costOfRevenue": 356058000,
        "grossProfit": 166173000,
        "grossProfitRatio": 0.3181982686,
        "researchAndDevelopmentExpenses": 0,
        "generalAndAdministrativeExpenses": 0,
        "sellingAndMarketingExpenses": 0,
        "sellingGeneralAndAdministrativeExpenses": 104414000,
        "otherExpenses": 0,
        "operatingExpenses": 104414000,
        "costAndExpenses": 460472000,
        "interestIncome": 0,
        "interestExpense": 0,
        "depreciationAndAmortization": 13245000,
        "ebitda": 61759000,
        "ebitdaratio": 0.1182599271,
        "operatingIncome": 61759000,
        "operatingIncomeRatio": 0.1182599271,
        "totalOtherIncomeExpensesNet": -4282000,
        "incomeBeforeTax": 57477000,
        "incomeBeforeTaxRatio": 0.1100604905,
        "incomeTaxExpense": 17434000,
        "netIncome": 40043000,
        "netIncomeRatio": 0.0766767963,
        "eps": 0.67,
        "epsdiluted": 0.66,
        "weightedAverageShsOut": 59936000,
        "weightedAverageShsOutDil": 60490000,
        "link": "https://www.sec.gov/Archives/edgar/data/25445/000119312505219939/0001193125-05-219939-index.htm",
        "finalLink": "https://www.sec.gov/Archives/edgar/data/25445/000119312505219939/d10q.htm"
    },
    {
        "date": "2005-06-30",
        "symbol": "CR",
        "reportedCurrency": "USD",
        "cik": "0001944013",
        "fillingDate": "2005-08-08",
        "acceptedDate": "2005-08-08 14:46:17",
        "calendarYear": "2005",
        "period": "Q2",
        "revenue": 525619000,
        "costOfRevenue": 363333000,
        "grossProfit": 162286000,
        "grossProfitRatio": 0.308752157,
        "researchAndDevelopmentExpenses": 0,
        "generalAndAdministrativeExpenses": 0,
        "sellingAndMarketingExpenses": 0,
        "sellingGeneralAndAdministrativeExpenses": 107388000,
        "otherExpenses": 0,
        "operatingExpenses": 107388000,
        "costAndExpenses": 470721000,
        "interestIncome": 0,
        "interestExpense": 0,
        "depreciationAndAmortization": 14419000,
        "ebitda": 54898000,
        "ebitdaratio": 0.104444474,
        "operatingIncome": 54898000,
        "operatingIncomeRatio": 0.104444474,
        "totalOtherIncomeExpensesNet": -3797000,
        "incomeBeforeTax": 51101000,
        "incomeBeforeTaxRatio": 0.0972206104,
        "incomeTaxExpense": 15427000,
        "netIncome": 35674000,
        "netIncomeRatio": 0.0678704537,
        "eps": 0.6,
        "epsdiluted": 0.59,
        "weightedAverageShsOut": 59606000,
        "weightedAverageShsOutDil": 60091000,
        "link": "https://www.sec.gov/Archives/edgar/data/25445/000119312505160533/0001193125-05-160533-index.htm",
        "finalLink": "https://www.sec.gov/Archives/edgar/data/25445/000119312505160533/d10q.htm"
    },
    {
        "date": "2005-03-31",
        "symbol": "CR",
        "reportedCurrency": "USD",
        "cik": "0001944013",
        "fillingDate": "2005-05-10",
        "acceptedDate": "2005-05-10 15:24:25",
        "calendarYear": "2005",
        "period": "Q1",
        "revenue": 507061000,
        "costOfRevenue": 351641000,
        "grossProfit": 155420000,
        "grossProfitRatio": 0.3065114454,
        "researchAndDevelopmentExpenses": 0,
        "generalAndAdministrativeExpenses": 0,
        "sellingAndMarketingExpenses": 0,
        "sellingGeneralAndAdministrativeExpenses": 113570000,
        "otherExpenses": 0,
        "operatingExpenses": 113570000,
        "costAndExpenses": 465211000,
        "interestIncome": 0,
        "interestExpense": 0,
        "depreciationAndAmortization": 15297000,
        "ebitda": 41850000,
        "ebitdaratio": 0.0825344485,
        "operatingIncome": 41850000,
        "operatingIncomeRatio": 0.0825344485,
        "totalOtherIncomeExpensesNet": -5097000,
        "incomeBeforeTax": 36753000,
        "incomeBeforeTaxRatio": 0.0724824035,
        "incomeTaxExpense": 11755000,
        "netIncome": 24998000,
        "netIncomeRatio": 0.0492997884,
        "eps": 0.42,
        "epsdiluted": 0.42,
        "weightedAverageShsOut": 59455000,
        "weightedAverageShsOutDil": 60070000,
        "link": "https://www.sec.gov/Archives/edgar/data/25445/000119312505102623/0001193125-05-102623-index.htm",
        "finalLink": "https://www.sec.gov/Archives/edgar/data/25445/000119312505102623/d10q.htm"
    },
    {
        "date": "2004-12-31",
        "symbol": "CR",
        "reportedCurrency": "USD",
        "cik": "0001944013",
        "fillingDate": "2005-03-08",
        "acceptedDate": "2005-03-08 17:05:57",
        "calendarYear": "2004",
        "period": "Q4",
        "revenue": 485603000,
        "costOfRevenue": 20737000,
        "grossProfit": 464866000,
        "grossProfitRatio": 0.9572963923,
        "researchAndDevelopmentExpenses": 0,
        "generalAndAdministrativeExpenses": 0,
        "sellingAndMarketingExpenses": 0,
        "sellingGeneralAndAdministrativeExpenses": 96812000,
        "otherExpenses": -40000000,
        "operatingExpenses": 56812000,
        "costAndExpenses": 77549000,
        "interestIncome": 0,
        "interestExpense": 0,
        "depreciationAndAmortization": 13732000,
        "ebitda": 421786000,
        "ebitdaratio": 0.8685819486,
        "operatingIncome": 408054000,
        "operatingIncomeRatio": 0.8403037049,
        "totalOtherIncomeExpensesNet": -337608000,
        "incomeBeforeTax": 70446000,
        "incomeBeforeTaxRatio": 0.1450691202,
        "incomeTaxExpense": 24075000,
        "netIncome": 46371000,
        "netIncomeRatio": 0.0954915847,
        "eps": 0.78,
        "epsdiluted": 0.78,
        "weightedAverageShsOut": 59167000,
        "weightedAverageShsOutDil": 59455000,
        "link": "https://www.sec.gov/Archives/edgar/data/25445/000119312505044701/0001193125-05-044701-index.htm",
        "finalLink": "https://www.sec.gov/Archives/edgar/data/25445/000119312505044701/d10k.htm"
    },
    {
        "date": "2004-09-30",
        "symbol": "CR",
        "reportedCurrency": "USD",
        "cik": "0001944013",
        "fillingDate": "2004-11-09",
        "acceptedDate": "2004-11-09 16:05:17",
        "calendarYear": "2004",
        "period": "Q3",
        "revenue": 477320000,
        "costOfRevenue": 687863000,
        "grossProfit": -210543000,
        "grossProfitRatio": -0.441094025,
        "researchAndDevelopmentExpenses": 0,
        "generalAndAdministrativeExpenses": 0,
        "sellingAndMarketingExpenses": 0,
        "sellingGeneralAndAdministrativeExpenses": 100639000,
        "otherExpenses": 0,
        "operatingExpenses": 100639000,
        "costAndExpenses": 788502000,
        "interestIncome": 0,
        "interestExpense": 0,
        "depreciationAndAmortization": 13355000,
        "ebitda": -297827000,
        "ebitdaratio": -0.6239566748,
        "operatingIncome": -311182000,
        "operatingIncomeRatio": -0.6519358083,
        "totalOtherIncomeExpensesNet": -4846000,
        "incomeBeforeTax": -316028000,
        "incomeBeforeTaxRatio": -0.6620883265,
        "incomeTaxExpense": -110822000,
        "netIncome": -205206000,
        "netIncomeRatio": -0.4299128467,
        "eps": -3.48,
        "epsdiluted": -3.48,
        "weightedAverageShsOut": 59004000,
        "weightedAverageShsOutDil": 59004000,
        "link": "https://www.sec.gov/Archives/edgar/data/25445/000119312504191266/0001193125-04-191266-index.htm",
        "finalLink": "https://www.sec.gov/Archives/edgar/data/25445/000119312504191266/d10q.htm"
    },
    {
        "date": "2004-06-30",
        "symbol": "CR",
        "reportedCurrency": "USD",
        "cik": "0001944013",
        "fillingDate": "2004-08-02",
        "acceptedDate": "2004-08-02 16:54:27",
        "calendarYear": "2004",
        "period": "Q2",
        "revenue": 479107000,
        "costOfRevenue": 324348000,
        "grossProfit": 154759000,
        "grossProfitRatio": 0.3230155268,
        "researchAndDevelopmentExpenses": 0,
        "generalAndAdministrativeExpenses": 0,
        "sellingAndMarketingExpenses": 0,
        "sellingGeneralAndAdministrativeExpenses": 104004000,
        "otherExpenses": 0,
        "operatingExpenses": 104004000,
        "costAndExpenses": 428352000,
        "interestIncome": 0,
        "interestExpense": 0,
        "depreciationAndAmortization": 14831000,
        "ebitda": 50755000,
        "ebitdaratio": 0.1059366697,
        "operatingIncome": 50755000,
        "operatingIncomeRatio": 0.1059366697,
        "totalOtherIncomeExpensesNet": -5483000,
        "incomeBeforeTax": 45272000,
        "incomeBeforeTaxRatio": 0.094492462,
        "incomeTaxExpense": 14034000,
        "netIncome": 31238000,
        "netIncomeRatio": 0.0652004667,
        "eps": 0.53,
        "epsdiluted": 0.52,
        "weightedAverageShsOut": 59214000,
        "weightedAverageShsOutDil": 60042000,
        "link": "https://www.sec.gov/Archives/edgar/data/25445/000119312504129233/0001193125-04-129233-index.htm",
        "finalLink": "https://www.sec.gov/Archives/edgar/data/25445/000119312504129233/d10q.htm"
    },
    {
        "date": "2004-03-31",
        "symbol": "CR",
        "reportedCurrency": "USD",
        "cik": "0001944013",
        "fillingDate": "2004-04-30",
        "acceptedDate": "2004-04-30 12:48:18",
        "calendarYear": "2004",
        "period": "Q1",
        "revenue": 448306000,
        "costOfRevenue": 305926000,
        "grossProfit": 142380000,
        "grossProfitRatio": 0.3175955709,
        "researchAndDevelopmentExpenses": 0,
        "generalAndAdministrativeExpenses": 0,
        "sellingAndMarketingExpenses": 0,
        "sellingGeneralAndAdministrativeExpenses": 103702000,
        "otherExpenses": 0,
        "operatingExpenses": 103702000,
        "costAndExpenses": 409628000,
        "interestIncome": 0,
        "interestExpense": 0,
        "depreciationAndAmortization": 13798000,
        "ebitda": 38678000,
        "ebitdaratio": 0.0862758919,
        "operatingIncome": 38678000,
        "operatingIncomeRatio": 0.0862758919,
        "totalOtherIncomeExpensesNet": -6537000,
        "incomeBeforeTax": 32141000,
        "incomeBeforeTaxRatio": 0.0716943338,
        "incomeTaxExpense": 9964000,
        "netIncome": 22177000,
        "netIncomeRatio": 0.0494684434,
        "eps": 0.37,
        "epsdiluted": 0.37,
        "weightedAverageShsOut": 59544000,
        "weightedAverageShsOutDil": 60418000,
        "link": "https://www.sec.gov/Archives/edgar/data/25445/000119312504075163/0001193125-04-075163-index.htm",
        "finalLink": "https://www.sec.gov/Archives/edgar/data/25445/000119312504075163/d10q.htm"
    },
    {
        "date": "2003-12-31",
        "symbol": "CR",
        "reportedCurrency": "USD",
        "cik": "0001944013",
        "fillingDate": "2004-03-05",
        "acceptedDate": "2004-03-05 11:58:54",
        "calendarYear": "2003",
        "period": "Q4",
        "revenue": 428257000,
        "costOfRevenue": 285586000,
        "grossProfit": 142671000,
        "grossProfitRatio": 0.3331434162,
        "researchAndDevelopmentExpenses": 0,
        "generalAndAdministrativeExpenses": 0,
        "sellingAndMarketingExpenses": 0,
        "sellingGeneralAndAdministrativeExpenses": 89518000,
        "otherExpenses": 0,
        "operatingExpenses": 89518000,
        "costAndExpenses": 375104000,
        "interestIncome": 0,
        "interestExpense": 0,
        "depreciationAndAmortization": 15328000,
        "ebitda": 68481000,
        "ebitdaratio": 0.1599063179,
        "operatingIncome": 53153000,
        "operatingIncomeRatio": 0.1241147255,
        "totalOtherIncomeExpensesNet": -4363000,
        "incomeBeforeTax": 48790000,
        "incomeBeforeTaxRatio": 0.1139269177,
        "incomeTaxExpense": 15125000,
        "netIncome": 33665000,
        "netIncomeRatio": 0.0786093397,
        "eps": 0.57,
        "epsdiluted": 0.57,
        "weightedAverageShsOut": 59338000,
        "weightedAverageShsOutDil": 59544000,
        "link": "https://www.sec.gov/Archives/edgar/data/25445/000119312504035266/0001193125-04-035266-index.htm",
        "finalLink": "https://www.sec.gov/Archives/edgar/data/25445/000119312504035266/d10k.htm"
    },
    {
        "date": "2003-09-30",
        "symbol": "CR",
        "reportedCurrency": "USD",
        "cik": "0001944013",
        "fillingDate": "2003-11-03",
        "acceptedDate": "2003-11-03 11:31:35",
        "calendarYear": "2003",
        "period": "Q3",
        "revenue": 425291000,
        "costOfRevenue": 288949000,
        "grossProfit": 136342000,
        "grossProfitRatio": 0.3205851993,
        "researchAndDevelopmentExpenses": 0,
        "generalAndAdministrativeExpenses": 0,
        "sellingAndMarketingExpenses": 0,
        "sellingGeneralAndAdministrativeExpenses": 91572000,
        "otherExpenses": 0,
        "operatingExpenses": 91572000,
        "costAndExpenses": 380521000,
        "interestIncome": 0,
        "interestExpense": 0,
        "depreciationAndAmortization": 13485000,
        "ebitda": 44770000,
        "ebitdaratio": 0.1052690981,
        "operatingIncome": 44770000,
        "operatingIncomeRatio": 0.1052690981,
        "totalOtherIncomeExpensesNet": -4902000,
        "incomeBeforeTax": 39868000,
        "incomeBeforeTaxRatio": 0.0937428725,
        "incomeTaxExpense": 11734000,
        "netIncome": 28134000,
        "netIncomeRatio": 0.0661523522,
        "eps": 0.47,
        "epsdiluted": 0.47,
        "weightedAverageShsOut": 59305000,
        "weightedAverageShsOutDil": 59723000,
        "link": "https://www.sec.gov/Archives/edgar/data/25445/000119312503071343/0001193125-03-071343-index.htm",
        "finalLink": "https://www.sec.gov/Archives/edgar/data/25445/000119312503071343/d10q.htm"
    },
    {
        "date": "2003-06-30",
        "symbol": "CR",
        "reportedCurrency": "USD",
        "cik": "0001944013",
        "fillingDate": "2003-08-14",
        "acceptedDate": "2003-08-14 14:08:29",
        "calendarYear": "2003",
        "period": "Q2",
        "revenue": 405973000,
        "costOfRevenue": 274357000,
        "grossProfit": 131616000,
        "grossProfitRatio": 0.3241988999,
        "researchAndDevelopmentExpenses": 0,
        "generalAndAdministrativeExpenses": 0,
        "sellingAndMarketingExpenses": 0,
        "sellingGeneralAndAdministrativeExpenses": 88705000,
        "otherExpenses": 0,
        "operatingExpenses": 88705000,
        "costAndExpenses": 363062000,
        "interestIncome": 0,
        "interestExpense": 0,
        "depreciationAndAmortization": 12848000,
        "ebitda": 42911000,
        "ebitdaratio": 0.1056991475,
        "operatingIncome": 42911000,
        "operatingIncomeRatio": 0.1056991475,
        "totalOtherIncomeExpensesNet": -4665000,
        "incomeBeforeTax": 38246000,
        "incomeBeforeTaxRatio": 0.0942082355,
        "incomeTaxExpense": 12239000,
        "netIncome": 26007000,
        "netIncomeRatio": 0.0640609105,
        "eps": 0.44,
        "epsdiluted": 0.44,
        "weightedAverageShsOut": 59287000,
        "weightedAverageShsOutDil": 59394000,
        "link": "https://www.sec.gov/Archives/edgar/data/25445/000119312503037629/0001193125-03-037629-index.htm",
        "finalLink": "https://www.sec.gov/Archives/edgar/data/25445/000119312503037629/d10q.htm"
    },
    {
        "date": "2003-03-31",
        "symbol": "CR",
        "reportedCurrency": "USD",
        "cik": "0001944013",
        "fillingDate": "2003-05-14",
        "acceptedDate": "2003-05-14 14:26:20",
        "calendarYear": "2003",
        "period": "Q1",
        "revenue": 376470000,
        "costOfRevenue": 257275000,
        "grossProfit": 119195000,
        "grossProfitRatio": 0.3166122135,
        "researchAndDevelopmentExpenses": 0,
        "generalAndAdministrativeExpenses": 0,
        "sellingAndMarketingExpenses": 0,
        "sellingGeneralAndAdministrativeExpenses": 91016000,
        "otherExpenses": 0,
        "operatingExpenses": 91016000,
        "costAndExpenses": 348291000,
        "interestIncome": 0,
        "interestExpense": 0,
        "depreciationAndAmortization": 12364000,
        "ebitda": 28179000,
        "ebitdaratio": 0.0748505857,
        "operatingIncome": 28179000,
        "operatingIncomeRatio": 0.0748505857,
        "totalOtherIncomeExpensesNet": -3920000,
        "incomeBeforeTax": 24259000,
        "incomeBeforeTaxRatio": 0.0644380694,
        "incomeTaxExpense": 7763000,
        "netIncome": 16496000,
        "netIncomeRatio": 0.0438175685,
        "eps": 0.28,
        "epsdiluted": 0.28,
        "weightedAverageShsOut": 59400000,
        "weightedAverageShsOutDil": 59455000,
        "link": "https://www.sec.gov/Archives/edgar/data/25445/000119312503005100/0001193125-03-005100-index.htm",
        "finalLink": "https://www.sec.gov/Archives/edgar/data/25445/000119312503005100/d10q.htm"
    },
    {
        "date": "2002-12-31",
        "symbol": "CR",
        "reportedCurrency": "USD",
        "cik": "0001944013",
        "fillingDate": "2003-03-07",
        "acceptedDate": "2003-03-07 15:56:28",
        "calendarYear": "2002",
        "period": "Q4",
        "revenue": 367209000,
        "costOfRevenue": 383723000,
        "grossProfit": -16514000,
        "grossProfitRatio": -0.0449716646,
        "researchAndDevelopmentExpenses": 0,
        "generalAndAdministrativeExpenses": 0,
        "sellingAndMarketingExpenses": 0,
        "sellingGeneralAndAdministrativeExpenses": 92872000,
        "otherExpenses": -37006000,
        "operatingExpenses": 55866000,
        "costAndExpenses": 439589000,
        "interestIncome": 0,
        "interestExpense": 0,
        "depreciationAndAmortization": 12784000,
        "ebitda": -59596000,
        "ebitdaratio": -0.1622944971,
        "operatingIncome": -72380000,
        "operatingIncomeRatio": -0.1971084587,
        "totalOtherIncomeExpensesNet": -2927000,
        "incomeBeforeTax": -75307000,
        "incomeBeforeTaxRatio": -0.2050793962,
        "incomeTaxExpense": -24098000,
        "netIncome": -51209000,
        "netIncomeRatio": -0.139454643,
        "eps": -0.86,
        "epsdiluted": -0.86,
        "weightedAverageShsOut": 59400000,
        "weightedAverageShsOutDil": 59400000,
        "link": "https://www.sec.gov/Archives/edgar/data/25445/000095013003001890/0000950130-03-001890-index.htm",
        "finalLink": "https://www.sec.gov/Archives/edgar/data/25445/000095013003001890/d10k.htm"
    },
    {
        "date": "2002-09-30",
        "symbol": "CR",
        "reportedCurrency": "USD",
        "cik": "0001944013",
        "fillingDate": "2002-11-14",
        "acceptedDate": "2002-11-14 09:32:17",
        "calendarYear": "2002",
        "period": "Q3",
        "revenue": 385981000,
        "costOfRevenue": 265096000,
        "grossProfit": 120885000,
        "grossProfitRatio": 0.3131889912,
        "researchAndDevelopmentExpenses": 0,
        "generalAndAdministrativeExpenses": 0,
        "sellingAndMarketingExpenses": 0,
        "sellingGeneralAndAdministrativeExpenses": 76314000,
        "otherExpenses": 12632000,
        "operatingExpenses": 88946000,
        "costAndExpenses": 354042000,
        "interestIncome": 0,
        "interestExpense": 0,
        "depreciationAndAmortization": 12632000,
        "ebitda": 44571000,
        "ebitdaratio": 0.1154745959,
        "operatingIncome": 31939000,
        "operatingIncomeRatio": 0.0827475964,
        "totalOtherIncomeExpensesNet": -2884000,
        "incomeBeforeTax": 29055000,
        "incomeBeforeTaxRatio": 0.075275726,
        "incomeTaxExpense": 8578000,
        "netIncome": 20477000,
        "netIncomeRatio": 0.0530518342,
        "eps": 0.34,
        "epsdiluted": 0.34,
        "weightedAverageShsOut": 59815000,
        "weightedAverageShsOutDil": 60070000,
        "link": "https://www.sec.gov/Archives/edgar/data/25445/000095013002007886/0000950130-02-007886-index.htm",
        "finalLink": "https://www.sec.gov/Archives/edgar/data/25445/000095013002007886/d10q.htm"
    },
    {
        "date": "2002-06-30",
        "symbol": "CR",
        "reportedCurrency": "USD",
        "cik": "0001944013",
        "fillingDate": "2002-08-13",
        "acceptedDate": "2002-08-13 17:22:45",
        "calendarYear": "2002",
        "period": "Q2",
        "revenue": 391613000,
        "costOfRevenue": 258169000,
        "grossProfit": 133444000,
        "grossProfitRatio": 0.3407547758,
        "researchAndDevelopmentExpenses": 0,
        "generalAndAdministrativeExpenses": 0,
        "sellingAndMarketingExpenses": 0,
        "sellingGeneralAndAdministrativeExpenses": 77773000,
        "otherExpenses": 12372000,
        "operatingExpenses": 90145000,
        "costAndExpenses": 348314000,
        "interestIncome": 0,
        "interestExpense": 0,
        "depreciationAndAmortization": 12372000,
        "ebitda": 55671000,
        "ebitdaratio": 0.1421582021,
        "operatingIncome": 43299000,
        "operatingIncomeRatio": 0.1105657882,
        "totalOtherIncomeExpensesNet": -3635000,
        "incomeBeforeTax": 39664000,
        "incomeBeforeTaxRatio": 0.1012836653,
        "incomeTaxExpense": 13101000,
        "netIncome": 26563000,
        "netIncomeRatio": 0.0678297196,
        "eps": 0.44,
        "epsdiluted": 0.44,
        "weightedAverageShsOut": 59808000,
        "weightedAverageShsOutDil": 60371000,
        "link": "https://www.sec.gov/Archives/edgar/data/25445/000095013002005786/0000950130-02-005786-index.htm",
        "finalLink": "https://www.sec.gov/Archives/edgar/data/25445/000095013002005786/d10q.htm"
    },
    {
        "date": "2002-03-31",
        "symbol": "CR",
        "reportedCurrency": "USD",
        "cik": "0001944013",
        "fillingDate": "2002-05-15",
        "acceptedDate": "2002-05-15 13:15:01",
        "calendarYear": "2002",
        "period": "Q1",
        "revenue": 371545000,
        "costOfRevenue": 247563000,
        "grossProfit": 123982000,
        "grossProfitRatio": 0.3336930924,
        "researchAndDevelopmentExpenses": 0,
        "generalAndAdministrativeExpenses": 0,
        "sellingAndMarketingExpenses": 0,
        "sellingGeneralAndAdministrativeExpenses": 75166000,
        "otherExpenses": 12002000,
        "operatingExpenses": 87168000,
        "costAndExpenses": 334731000,
        "interestIncome": 0,
        "interestExpense": 0,
        "depreciationAndAmortization": 12002000,
        "ebitda": 48816000,
        "ebitdaratio": 0.1313865077,
        "operatingIncome": 36814000,
        "operatingIncomeRatio": 0.0990835565,
        "totalOtherIncomeExpensesNet": -5773000,
        "incomeBeforeTax": 31041000,
        "incomeBeforeTaxRatio": 0.0835457347,
        "incomeTaxExpense": 10244000,
        "netIncome": 20797000,
        "netIncomeRatio": 0.0559743773,
        "eps": 0.35,
        "epsdiluted": 0.35,
        "weightedAverageShsOut": 59786000,
        "weightedAverageShsOutDil": 60188000,
        "link": "https://www.sec.gov/Archives/edgar/data/25445/000002544502000003/0000025445-02-000003-index.htm",
        "finalLink": "https://www.sec.gov/Archives/edgar/data/25445/000002544502000003/form_10q-0302.txt"
    },
    {
        "date": "2001-12-31",
        "symbol": "CR",
        "reportedCurrency": "USD",
        "cik": "0001944013",
        "fillingDate": "2002-03-22",
        "acceptedDate": "2002-03-22 00:00:00",
        "calendarYear": "2001",
        "period": "Q4",
        "revenue": 372651000,
        "costOfRevenue": 246601000,
        "grossProfit": 126050000,
        "grossProfitRatio": 0.3382521448,
        "researchAndDevelopmentExpenses": 0,
        "generalAndAdministrativeExpenses": 0,
        "sellingAndMarketingExpenses": 0,
        "sellingGeneralAndAdministrativeExpenses": 72149000,
        "otherExpenses": 21663000,
        "operatingExpenses": 93812000,
        "costAndExpenses": 340413000,
        "interestIncome": 0,
        "interestExpense": 0,
        "depreciationAndAmortization": 22827000,
        "ebitda": 55065000,
        "ebitdaratio": 0.1477656037,
        "operatingIncome": 32238000,
        "operatingIncomeRatio": 0.086509898,
        "totalOtherIncomeExpensesNet": -4310000,
        "incomeBeforeTax": 27928000,
        "incomeBeforeTaxRatio": 0.0749441166,
        "incomeTaxExpense": 9919000,
        "netIncome": 18009000,
        "netIncomeRatio": 0.0483267186,
        "eps": 0.3,
        "epsdiluted": 0.3,
        "weightedAverageShsOut": 59696000,
        "weightedAverageShsOutDil": 59786000,
        "link": "https://www.sec.gov/Archives/edgar/data/25445/000095013002001812/0000950130-02-001812-index.htm",
        "finalLink": "https://www.sec.gov/Archives/edgar/data/25445/000095013002001812/d10k405.txt"
    },
    {
        "date": "2001-09-30",
        "symbol": "CR",
        "reportedCurrency": "USD",
        "cik": "0001944013",
        "fillingDate": "2001-11-14",
        "acceptedDate": "2001-11-14 00:00:00",
        "calendarYear": "2001",
        "period": "Q3",
        "revenue": 426212000,
        "costOfRevenue": 282714000,
        "grossProfit": 143498000,
        "grossProfitRatio": 0.3366822145,
        "researchAndDevelopmentExpenses": 0,
        "generalAndAdministrativeExpenses": 0,
        "sellingAndMarketingExpenses": 0,
        "sellingGeneralAndAdministrativeExpenses": 79306000,
        "otherExpenses": 17268000,
        "operatingExpenses": 96574000,
        "costAndExpenses": 379288000,
        "interestIncome": 0,
        "interestExpense": 0,
        "depreciationAndAmortization": 22237000,
        "ebitda": 69161000,
        "ebitdaratio": 0.1622690117,
        "operatingIncome": 46924000,
        "operatingIncomeRatio": 0.1100954455,
        "totalOtherIncomeExpensesNet": -20176000,
        "incomeBeforeTax": 26748000,
        "incomeBeforeTaxRatio": 0.062757501,
        "incomeTaxExpense": 8879000,
        "netIncome": 17869000,
        "netIncomeRatio": 0.0419251452,
        "eps": 0.3,
        "epsdiluted": 0.3,
        "weightedAverageShsOut": 59656000,
        "weightedAverageShsOutDil": 60475000,
        "link": "https://www.sec.gov/Archives/edgar/data/25445/000002544501500042/0000025445-01-500042-index.htm",
        "finalLink": "https://www.sec.gov/Archives/edgar/data/25445/000002544501500042/form_10q-0901.txt"
    },
    {
        "date": "2001-06-30",
        "symbol": "CR",
        "reportedCurrency": "USD",
        "cik": "0001944013",
        "fillingDate": "2001-08-14",
        "acceptedDate": "2001-08-14 00:00:00",
        "calendarYear": "2001",
        "period": "Q2",
        "revenue": 409034000,
        "costOfRevenue": 267441000,
        "grossProfit": 141593000,
        "grossProfitRatio": 0.3461643775,
        "researchAndDevelopmentExpenses": 0,
        "generalAndAdministrativeExpenses": 0,
        "sellingAndMarketingExpenses": 0,
        "sellingGeneralAndAdministrativeExpenses": 72220000,
        "otherExpenses": 14186000,
        "operatingExpenses": 86406000,
        "costAndExpenses": 353847000,
        "interestIncome": 0,
        "interestExpense": 0,
        "depreciationAndAmortization": 14186000,
        "ebitda": 69373000,
        "ebitdaratio": 0.169602038,
        "operatingIncome": 55187000,
        "operatingIncomeRatio": 0.1349203245,
        "totalOtherIncomeExpensesNet": -5244000,
        "incomeBeforeTax": 49943000,
        "incomeBeforeTaxRatio": 0.1220998743,
        "incomeTaxExpense": 17480000,
        "netIncome": 32463000,
        "netIncomeRatio": 0.0793650406,
        "eps": 0.54,
        "epsdiluted": 0.54,
        "weightedAverageShsOut": 59611000,
        "weightedAverageShsOutDil": 60240000,
        "link": "https://www.sec.gov/Archives/edgar/data/25445/000002544501500038/0000025445-01-500038-index.htm",
        "finalLink": "https://www.sec.gov/Archives/edgar/data/25445/000002544501500038/crane10q601.txt"
    },
    {
        "date": "2001-03-31",
        "symbol": "CR",
        "reportedCurrency": "USD",
        "cik": "0001944013",
        "fillingDate": "2001-05-15",
        "acceptedDate": "2001-05-15 00:00:00",
        "calendarYear": "2001",
        "period": "Q1",
        "revenue": 379283000,
        "costOfRevenue": 248954000,
        "grossProfit": 130329000,
        "grossProfitRatio": 0.3436194082,
        "researchAndDevelopmentExpenses": 0,
        "generalAndAdministrativeExpenses": 0,
        "sellingAndMarketingExpenses": 0,
        "sellingGeneralAndAdministrativeExpenses": 71502000,
        "otherExpenses": 21492000,
        "operatingExpenses": 92994000,
        "costAndExpenses": 341948000,
        "interestIncome": 0,
        "interestExpense": 0,
        "depreciationAndAmortization": 15360000,
        "ebitda": 58827000,
        "ebitdaratio": 0.155100545,
        "operatingIncome": 37335000,
        "operatingIncomeRatio": 0.0984357327,
        "totalOtherIncomeExpensesNet": -6137000,
        "incomeBeforeTax": 31198000,
        "incomeBeforeTaxRatio": 0.0822552026,
        "incomeTaxExpense": 10919000,
        "netIncome": 20279000,
        "netIncomeRatio": 0.0534666726,
        "eps": 0.34,
        "epsdiluted": 0.33,
        "weightedAverageShsOut": 60212000,
        "weightedAverageShsOutDil": 60774000,
        "link": "https://www.sec.gov/Archives/edgar/data/25445/000002544501500008/0000025445-01-500008-index.htm",
        "finalLink": "https://www.sec.gov/Archives/edgar/data/25445/000002544501500008/form_10q-0301.txt"
    },
    {
        "date": "2000-12-31",
        "symbol": "CR",
        "reportedCurrency": "USD",
        "cik": "0001944013",
        "fillingDate": "2001-03-13",
        "acceptedDate": "2001-03-13 00:00:00",
        "calendarYear": "2000",
        "period": "Q4",
        "revenue": 356340000,
        "costOfRevenue": 239147000,
        "grossProfit": 117193000,
        "grossProfitRatio": 0.3288797216,
        "researchAndDevelopmentExpenses": 0,
        "generalAndAdministrativeExpenses": 0,
        "sellingAndMarketingExpenses": 0,
        "sellingGeneralAndAdministrativeExpenses": 59489000,
        "otherExpenses": 14247000,
        "operatingExpenses": 73736000,
        "costAndExpenses": 312883000,
        "interestIncome": 0,
        "interestExpense": 0,
        "depreciationAndAmortization": 14247000,
        "ebitda": 57704000,
        "ebitdaratio": 0.1619352304,
        "operatingIncome": 43457000,
        "operatingIncomeRatio": 0.121953752,
        "totalOtherIncomeExpensesNet": -2164000,
        "incomeBeforeTax": 41293000,
        "incomeBeforeTaxRatio": 0.1158809003,
        "incomeTaxExpense": 14458000,
        "netIncome": 26835000,
        "netIncomeRatio": 0.0753072908,
        "eps": 0.45,
        "epsdiluted": 0.45,
        "weightedAverageShsOut": 60212000,
        "weightedAverageShsOutDil": 60212000,
        "link": "https://www.sec.gov/Archives/edgar/data/25445/000095013001001276/0000950130-01-001276-index.htm",
        "finalLink": "https://www.sec.gov/Archives/edgar/data/25445/000095013001001276/0000950130-01-001276-0001.txt"
    },
    {
        "date": "2000-09-30",
        "symbol": "CR",
        "reportedCurrency": "USD",
        "cik": "0001944013",
        "fillingDate": "2000-11-08",
        "acceptedDate": "2000-11-08 00:00:00",
        "calendarYear": "2000",
        "period": "Q3",
        "revenue": 363190000,
        "costOfRevenue": 245231000,
        "grossProfit": 117959000,
        "grossProfitRatio": 0.3247859247,
        "researchAndDevelopmentExpenses": 0,
        "generalAndAdministrativeExpenses": 0,
        "sellingAndMarketingExpenses": 0,
        "sellingGeneralAndAdministrativeExpenses": 65995000,
        "otherExpenses": 14296000,
        "operatingExpenses": 80291000,
        "costAndExpenses": 325522000,
        "interestIncome": 0,
        "interestExpense": 0,
        "depreciationAndAmortization": 14296000,
        "ebitda": 51964000,
        "ebitdaratio": 0.1430766266,
        "operatingIncome": 37668000,
        "operatingIncomeRatio": 0.1037143093,
        "totalOtherIncomeExpensesNet": -4735000,
        "incomeBeforeTax": 32933000,
        "incomeBeforeTaxRatio": 0.0906770561,
        "incomeTaxExpense": 11526000,
        "netIncome": 21407000,
        "netIncomeRatio": 0.0589416008,
        "eps": 0.35,
        "epsdiluted": 0.35,
        "weightedAverageShsOut": 60674000,
        "weightedAverageShsOutDil": 61168000,
        "link": "https://www.sec.gov/Archives/edgar/data/25445/000002544500000021/0000025445-00-000021-index.htm",
        "finalLink": "https://www.sec.gov/Archives/edgar/data/25445/000002544500000021/0000025445-00-000021-0001.txt"
    },
    {
        "date": "2000-06-30",
        "symbol": "CR",
        "reportedCurrency": "USD",
        "cik": "0001944013",
        "fillingDate": "2000-08-14",
        "acceptedDate": "2000-08-14 00:00:00",
        "calendarYear": "2000",
        "period": "Q2",
        "revenue": 387853000,
        "costOfRevenue": 251363000,
        "grossProfit": 136490000,
        "grossProfitRatio": 0.3519116779,
        "researchAndDevelopmentExpenses": 0,
        "generalAndAdministrativeExpenses": 0,
        "sellingAndMarketingExpenses": 0,
        "sellingGeneralAndAdministrativeExpenses": 68174000,
        "otherExpenses": 13459000,
        "operatingExpenses": 81633000,
        "costAndExpenses": 332996000,
        "interestIncome": 0,
        "interestExpense": 0,
        "depreciationAndAmortization": 13459000,
        "ebitda": 68316000,
        "ebitdaratio": 0.176138898,
        "operatingIncome": 54857000,
        "operatingIncomeRatio": 0.1414376065,
        "totalOtherIncomeExpensesNet": 18726000,
        "incomeBeforeTax": 73583000,
        "incomeBeforeTaxRatio": 0.1897187852,
        "incomeTaxExpense": 25758000,
        "netIncome": 47825000,
        "netIncomeRatio": 0.1233070261,
        "eps": 0.79,
        "epsdiluted": 0.78,
        "weightedAverageShsOut": 60703000,
        "weightedAverageShsOutDil": 61341000,
        "link": "https://www.sec.gov/Archives/edgar/data/25445/000002544500500001/0000025445-00-500001-index.htm",
        "finalLink": "https://www.sec.gov/Archives/edgar/data/25445/000002544500500001/0000025445-00-500001-0001.txt"
    },
    {
        "date": "2000-03-31",
        "symbol": "CR",
        "reportedCurrency": "USD",
        "cik": "0001944013",
        "fillingDate": "2000-05-15",
        "acceptedDate": "2000-05-15 00:00:00",
        "calendarYear": "2000",
        "period": "Q1",
        "revenue": 383807000,
        "costOfRevenue": 252777000,
        "grossProfit": 131030000,
        "grossProfitRatio": 0.3413955452,
        "researchAndDevelopmentExpenses": 0,
        "generalAndAdministrativeExpenses": 0,
        "sellingAndMarketingExpenses": 0,
        "sellingGeneralAndAdministrativeExpenses": 69707000,
        "otherExpenses": 13279000,
        "operatingExpenses": 82986000,
        "costAndExpenses": 335763000,
        "interestIncome": 0,
        "interestExpense": 0,
        "depreciationAndAmortization": 13279000,
        "ebitda": 61316000,
        "ebitdaratio": 0.1597573781,
        "operatingIncome": 48044000,
        "operatingIncomeRatio": 0.1251774981,
        "totalOtherIncomeExpensesNet": -5493000,
        "incomeBeforeTax": 42551000,
        "incomeBeforeTaxRatio": 0.1108656174,
        "incomeTaxExpense": 14889000,
        "netIncome": 27662000,
        "netIncomeRatio": 0.0720726824,
        "eps": 0.45,
        "epsdiluted": 0.45,
        "weightedAverageShsOut": 61656000,
        "weightedAverageShsOutDil": 61936000,
        "link": "https://www.sec.gov/Archives/edgar/data/25445/000002544500000008/0000025445-00-000008-index.html",
        "finalLink": "https://www.sec.gov/Archives/edgar/data/25445/000002544500000008/"
    },
    {
        "date": "1999-12-31",
        "symbol": "CR",
        "reportedCurrency": "USD",
        "cik": "0001944013",
        "fillingDate": "2000-03-15",
        "acceptedDate": "2000-03-15 00:00:00",
        "calendarYear": "1999",
        "period": "Q4",
        "revenue": 364200000,
        "costOfRevenue": 255500000,
        "grossProfit": 108700000,
        "grossProfitRatio": 0.2984623833,
        "researchAndDevelopmentExpenses": 0,
        "generalAndAdministrativeExpenses": 0,
        "sellingAndMarketingExpenses": 0,
        "sellingGeneralAndAdministrativeExpenses": 66800000,
        "otherExpenses": 15000000,
        "operatingExpenses": 81800000,
        "costAndExpenses": 337300000,
        "interestIncome": 0,
        "interestExpense": 0,
        "depreciationAndAmortization": 15000000,
        "ebitda": 41900000,
        "ebitdaratio": 0.1150466776,
        "operatingIncome": 26900000,
        "operatingIncomeRatio": 0.0738605162,
        "totalOtherIncomeExpensesNet": -5400000,
        "incomeBeforeTax": 21500000,
        "incomeBeforeTaxRatio": 0.0590334981,
        "incomeTaxExpense": 7500000,
        "netIncome": 19200000,
        "netIncomeRatio": 0.0527182867,
        "eps": 0.31,
        "epsdiluted": 0.31,
        "weightedAverageShsOut": 61656000,
        "weightedAverageShsOutDil": 61656000,
        "link": "https://www.sec.gov/Archives/edgar/data/25445/000095013000001311/0000950130-00-001311-index.html",
        "finalLink": "https://www.sec.gov/Archives/edgar/data/25445/000095013000001311/"
    },
    {
        "date": "1999-09-30",
        "symbol": "CR",
        "reportedCurrency": "USD",
        "cik": "0001944013",
        "fillingDate": "1999-11-15",
        "acceptedDate": "1999-11-15 00:00:00",
        "calendarYear": "1999",
        "period": "Q3",
        "revenue": 384200000,
        "costOfRevenue": 273900000,
        "grossProfit": 110300000,
        "grossProfitRatio": 0.2870900573,
        "researchAndDevelopmentExpenses": 0,
        "generalAndAdministrativeExpenses": 0,
        "sellingAndMarketingExpenses": 0,
        "sellingGeneralAndAdministrativeExpenses": 66000000,
        "otherExpenses": 12000000,
        "operatingExpenses": 78000000,
        "costAndExpenses": 351900000,
        "interestIncome": 0,
        "interestExpense": 0,
        "depreciationAndAmortization": 12000000,
        "ebitda": 44300000,
        "ebitdaratio": 0.1153045289,
        "operatingIncome": 32300000,
        "operatingIncomeRatio": 0.0840707965,
        "totalOtherIncomeExpensesNet": -4000000,
        "incomeBeforeTax": 28300000,
        "incomeBeforeTaxRatio": 0.0736595523,
        "incomeTaxExpense": 10000000,
        "netIncome": 22300000,
        "netIncomeRatio": 0.0580426861,
        "eps": 0.33,
        "epsdiluted": 0.33,
        "weightedAverageShsOut": 67575758,
        "weightedAverageShsOutDil": 67575758,
        "link": "https://www.sec.gov/Archives/edgar/data/25445/000002544599000016/0000025445-99-000016-index.html",
        "finalLink": "https://www.sec.gov/Archives/edgar/data/25445/000002544599000016/"
    },
    {
        "date": "1999-06-30",
        "symbol": "CR",
        "reportedCurrency": "USD",
        "cik": "0001944013",
        "fillingDate": "1999-08-13",
        "acceptedDate": "1999-08-13 00:00:00",
        "calendarYear": "1999",
        "period": "Q2",
        "revenue": 611200000,
        "costOfRevenue": 443300000,
        "grossProfit": 167900000,
        "grossProfitRatio": 0.2747054974,
        "researchAndDevelopmentExpenses": 0,
        "generalAndAdministrativeExpenses": 0,
        "sellingAndMarketingExpenses": 0,
        "sellingGeneralAndAdministrativeExpenses": 84600000,
        "otherExpenses": 18000000,
        "operatingExpenses": 102600000,
        "costAndExpenses": 545900000,
        "interestIncome": 0,
        "interestExpense": 0,
        "depreciationAndAmortization": 18000000,
        "ebitda": 73927000,
        "ebitdaratio": 0.1209538613,
        "operatingIncome": 57541000,
        "operatingIncomeRatio": 0.0941443063,
        "totalOtherIncomeExpensesNet": -1738000,
        "incomeBeforeTax": 60900000,
        "incomeBeforeTaxRatio": 0.0996400524,
        "incomeTaxExpense": 21600000,
        "netIncome": 39300000,
        "netIncomeRatio": 0.0642997382,
        "eps": 0.58,
        "epsdiluted": 0.58,
        "weightedAverageShsOut": 67777586,
        "weightedAverageShsOutDil": 67777586,
        "link": "https://www.sec.gov/Archives/edgar/data/25445/000002544599000010/0000025445-99-000010-index.html",
        "finalLink": "https://www.sec.gov/Archives/edgar/data/25445/000002544599000010/"
    },
    {
        "date": "1999-03-31",
        "symbol": "CR",
        "reportedCurrency": "USD",
        "cik": "0001944013",
        "fillingDate": "1999-05-14",
        "acceptedDate": "1999-05-14 00:00:00",
        "calendarYear": "1999",
        "period": "Q1",
        "revenue": 574800000,
        "costOfRevenue": 413600000,
        "grossProfit": 161200000,
        "grossProfitRatio": 0.2804453723,
        "researchAndDevelopmentExpenses": 0,
        "generalAndAdministrativeExpenses": 0,
        "sellingAndMarketingExpenses": 0,
        "sellingGeneralAndAdministrativeExpenses": 88100000,
        "otherExpenses": 16300000,
        "operatingExpenses": 104400000,
        "costAndExpenses": 518000000,
        "interestIncome": 0,
        "interestExpense": 0,
        "depreciationAndAmortization": 16300000,
        "ebitda": 67442000,
        "ebitdaratio": 0.1173312457,
        "operatingIncome": 52808000,
        "operatingIncomeRatio": 0.0918719555,
        "totalOtherIncomeExpensesNet": -2641000,
        "incomeBeforeTax": 52200000,
        "incomeBeforeTaxRatio": 0.0908141962,
        "incomeTaxExpense": 18500000,
        "netIncome": 33700000,
        "netIncomeRatio": 0.0586290884,
        "eps": 0.5,
        "epsdiluted": 0.5,
        "weightedAverageShsOut": 68781000,
        "weightedAverageShsOutDil": 68781000,
        "link": "https://www.sec.gov/Archives/edgar/data/25445/000002544599000003/0000025445-99-000003-index.html",
        "finalLink": "https://www.sec.gov/Archives/edgar/data/25445/"
    },
    {
        "date": "1998-12-31",
        "symbol": "CR",
        "reportedCurrency": "USD",
        "cik": "0001944013",
        "fillingDate": "1999-03-04",
        "acceptedDate": "1999-03-04 00:00:00",
        "calendarYear": "1998",
        "period": "Q4",
        "revenue": 582800000,
        "costOfRevenue": 413900000,
        "grossProfit": 168900000,
        "grossProfitRatio": 0.2898078243,
        "researchAndDevelopmentExpenses": 0,
        "generalAndAdministrativeExpenses": 0,
        "sellingAndMarketingExpenses": 0,
        "sellingGeneralAndAdministrativeExpenses": 90700000,
        "otherExpenses": 17200000,
        "operatingExpenses": 107900000,
        "costAndExpenses": 521800000,
        "interestIncome": 0,
        "interestExpense": 0,
        "depreciationAndAmortization": 17200000,
        "ebitda": 78200000,
        "ebitdaratio": 0.1341798216,
        "operatingIncome": 61000000,
        "operatingIncomeRatio": 0.1046671242,
        "totalOtherIncomeExpensesNet": -6400000,
        "incomeBeforeTax": 54600000,
        "incomeBeforeTaxRatio": 0.0936856555,
        "incomeTaxExpense": 19400000,
        "netIncome": 35200000,
        "netIncomeRatio": 0.0603980782,
        "eps": 0.51,
        "epsdiluted": 0.51,
        "weightedAverageShsOut": 68775510,
        "weightedAverageShsOutDil": 68775510,
        "link": "https://www.sec.gov/Archives/edgar/data/25445/000095013099001203/0000950130-99-001203-index.html",
        "finalLink": "https://www.sec.gov/Archives/edgar/data/25445/"
    },
    {
        "date": "1998-09-30",
        "symbol": "CR",
        "reportedCurrency": "USD",
        "cik": "0001944013",
        "fillingDate": "1998-11-24",
        "acceptedDate": "1998-11-24 00:00:00",
        "calendarYear": "1998",
        "period": "Q3",
        "revenue": 595400000,
        "costOfRevenue": 426900000,
        "grossProfit": 168500000,
        "grossProfitRatio": 0.2830030232,
        "researchAndDevelopmentExpenses": 0,
        "generalAndAdministrativeExpenses": 0,
        "sellingAndMarketingExpenses": 0,
        "sellingGeneralAndAdministrativeExpenses": 89400000,
        "otherExpenses": 15800000,
        "operatingExpenses": 105200000,
        "costAndExpenses": 532100000,
        "interestIncome": 0,
        "interestExpense": 0,
        "depreciationAndAmortization": 15800000,
        "ebitda": 64400000,
        "ebitdaratio": 0.1081625798,
        "operatingIncome": 52600000,
        "operatingIncomeRatio": 0.0883439704,
        "totalOtherIncomeExpensesNet": -4600000,
        "incomeBeforeTax": 56500000,
        "incomeBeforeTaxRatio": 0.0948941888,
        "incomeTaxExpense": 19700000,
        "netIncome": 36800000,
        "netIncomeRatio": 0.0618071884,
        "eps": 0.54,
        "epsdiluted": 0.53,
        "weightedAverageShsOut": 68148148,
        "weightedAverageShsOutDil": 69433962,
        "link": "https://www.sec.gov/Archives/edgar/data/25445/000002544598000019/0000025445-98-000019-index.html",
        "finalLink": "https://www.sec.gov/Archives/edgar/data/25445/"
    },
    {
        "date": "1998-06-30",
        "symbol": "CR",
        "reportedCurrency": "USD",
        "cik": "0001944013",
        "fillingDate": "1998-08-13",
        "acceptedDate": "1998-08-13 00:00:00",
        "calendarYear": "1998",
        "period": "Q2",
        "revenue": 563400000,
        "costOfRevenue": 403800000,
        "grossProfit": 159600000,
        "grossProfitRatio": 0.2832800852,
        "researchAndDevelopmentExpenses": 0,
        "generalAndAdministrativeExpenses": 0,
        "sellingAndMarketingExpenses": 0,
        "sellingGeneralAndAdministrativeExpenses": 83100000,
        "otherExpenses": 14200000,
        "operatingExpenses": 97300000,
        "costAndExpenses": 501100000,
        "interestIncome": 0,
        "interestExpense": 0,
        "depreciationAndAmortization": 14200000,
        "ebitda": 76500000,
        "ebitdaratio": 0.1357827476,
        "operatingIncome": 62300000,
        "operatingIncomeRatio": 0.1105786297,
        "totalOtherIncomeExpensesNet": -5600000,
        "incomeBeforeTax": 56700000,
        "incomeBeforeTaxRatio": 0.1006389776,
        "incomeTaxExpense": 20100000,
        "netIncome": 36600000,
        "netIncomeRatio": 0.0649627263,
        "eps": 0.53,
        "epsdiluted": 0.53,
        "weightedAverageShsOut": 69056604,
        "weightedAverageShsOutDil": 69056604,
        "link": "https://www.sec.gov/Archives/edgar/data/25445/000002544598000009/0000025445-98-000009-index.html",
        "finalLink": "https://www.sec.gov/Archives/edgar/data/25445/"
    },
    {
        "date": "1998-03-31",
        "symbol": "CR",
        "reportedCurrency": "USD",
        "cik": "0001944013",
        "fillingDate": "1998-05-13",
        "acceptedDate": "1998-05-13 00:00:00",
        "calendarYear": "1998",
        "period": "Q1",
        "revenue": 526800000,
        "costOfRevenue": 380000000,
        "grossProfit": 146800000,
        "grossProfitRatio": 0.2786636295,
        "researchAndDevelopmentExpenses": 0,
        "generalAndAdministrativeExpenses": 0,
        "sellingAndMarketingExpenses": 0,
        "sellingGeneralAndAdministrativeExpenses": 80200000,
        "otherExpenses": 14300000,
        "operatingExpenses": 94500000,
        "costAndExpenses": 474500000,
        "interestIncome": 0,
        "interestExpense": 0,
        "depreciationAndAmortization": 14300000,
        "ebitda": 66600000,
        "ebitdaratio": 0.1264236902,
        "operatingIncome": 52300000,
        "operatingIncomeRatio": 0.0992786636,
        "totalOtherIncomeExpensesNet": -5400000,
        "incomeBeforeTax": 46900000,
        "incomeBeforeTaxRatio": 0.0890280942,
        "incomeTaxExpense": 17000000,
        "netIncome": 29900000,
        "netIncomeRatio": 0.0567577828,
        "eps": 0.44,
        "epsdiluted": 0.43,
        "weightedAverageShsOut": 67954545,
        "weightedAverageShsOutDil": 69534884,
        "link": "https://www.sec.gov/Archives/edgar/data/25445/000002544598000006/0000025445-98-000006-index.html",
        "finalLink": "https://www.sec.gov/Archives/edgar/data/25445/"
    },
    {
        "date": "1997-12-31",
        "symbol": "CR",
        "reportedCurrency": "USD",
        "cik": "0001944013",
        "fillingDate": "1998-05-29",
        "acceptedDate": "1998-05-29 00:00:00",
        "calendarYear": "1997",
        "period": "Q4",
        "revenue": 515900000,
        "costOfRevenue": 372000000,
        "grossProfit": 143900000,
        "grossProfitRatio": 0.2789300252,
        "researchAndDevelopmentExpenses": 0,
        "generalAndAdministrativeExpenses": 0,
        "sellingAndMarketingExpenses": 0,
        "sellingGeneralAndAdministrativeExpenses": 79700000,
        "otherExpenses": 14000000,
        "operatingExpenses": 93700000,
        "costAndExpenses": 465700000,
        "interestIncome": 0,
        "interestExpense": 0,
        "depreciationAndAmortization": 14000000,
        "ebitda": 64200000,
        "ebitdaratio": 0.1244427215,
        "operatingIncome": 50200000,
        "operatingIncomeRatio": 0.0973056794,
        "totalOtherIncomeExpensesNet": -4800000,
        "incomeBeforeTax": 45400000,
        "incomeBeforeTaxRatio": 0.0880015507,
        "incomeTaxExpense": 15900000,
        "netIncome": 29500000,
        "netIncomeRatio": 0.0571816243,
        "eps": 0.43,
        "epsdiluted": 0.43,
        "weightedAverageShsOut": 67954545,
        "weightedAverageShsOutDil": 67954545,
        "link": "https://www.sec.gov/Archives/edgar/data/25445/000089843298000470/0000898432-98-000470-index.html",
        "finalLink": "https://www.sec.gov/Archives/edgar/data/25445/"
    },
    {
        "date": "1997-09-30",
        "symbol": "CR",
        "reportedCurrency": "USD",
        "cik": "0001944013",
        "fillingDate": "1997-11-12",
        "acceptedDate": "1997-11-12 00:00:00",
        "calendarYear": "1997",
        "period": "Q3",
        "revenue": 534800000,
        "costOfRevenue": 391000000,
        "grossProfit": 143800000,
        "grossProfitRatio": 0.2688855647,
        "researchAndDevelopmentExpenses": 0,
        "generalAndAdministrativeExpenses": 0,
        "sellingAndMarketingExpenses": 0,
        "sellingGeneralAndAdministrativeExpenses": 75400000,
        "otherExpenses": 14200000,
        "operatingExpenses": 89600000,
        "costAndExpenses": 480600000,
        "interestIncome": 0,
        "interestExpense": 0,
        "depreciationAndAmortization": 14200000,
        "ebitda": 68400000,
        "ebitdaratio": 0.1278982797,
        "operatingIncome": 54200000,
        "operatingIncomeRatio": 0.1013462977,
        "totalOtherIncomeExpensesNet": -5300000,
        "incomeBeforeTax": 48900000,
        "incomeBeforeTaxRatio": 0.0914360509,
        "incomeTaxExpense": 17500000,
        "netIncome": 31400000,
        "netIncomeRatio": 0.0587135378,
        "eps": 0.45,
        "epsdiluted": 0.45,
        "weightedAverageShsOut": 69777778,
        "weightedAverageShsOutDil": 69777778,
        "link": "https://www.sec.gov/Archives/edgar/data/25445/000002544597000011/0000025445-97-000011-index.html",
        "finalLink": "https://www.sec.gov/Archives/edgar/data/25445/"
    },
    {
        "date": "1997-06-30",
        "symbol": "CR",
        "reportedCurrency": "USD",
        "cik": "0001944013",
        "fillingDate": "1997-08-08",
        "acceptedDate": "1997-08-08 00:00:00",
        "calendarYear": "1997",
        "period": "Q2",
        "revenue": 518800000,
        "costOfRevenue": 375800000,
        "grossProfit": 143000000,
        "grossProfitRatio": 0.2756360833,
        "researchAndDevelopmentExpenses": 0,
        "generalAndAdministrativeExpenses": 0,
        "sellingAndMarketingExpenses": 0,
        "sellingGeneralAndAdministrativeExpenses": 77900000,
        "otherExpenses": 13800000,
        "operatingExpenses": 91700000,
        "costAndExpenses": 467500000,
        "interestIncome": 0,
        "interestExpense": 0,
        "depreciationAndAmortization": 13800000,
        "ebitda": 65100000,
        "ebitdaratio": 0.1254818813,
        "operatingIncome": 51300000,
        "operatingIncomeRatio": 0.0988820355,
        "totalOtherIncomeExpensesNet": -5500000,
        "incomeBeforeTax": 45800000,
        "incomeBeforeTaxRatio": 0.0882806476,
        "incomeTaxExpense": 16600000,
        "netIncome": 29200000,
        "netIncomeRatio": 0.0562837317,
        "eps": 0.43,
        "epsdiluted": 0.43,
        "weightedAverageShsOut": 67906977,
        "weightedAverageShsOutDil": 67906977,
        "link": "https://www.sec.gov/Archives/edgar/data/25445/000002544597000009/0000025445-97-000009-index.html",
        "finalLink": "https://www.sec.gov/Archives/edgar/data/25445/"
    },
    {
        "date": "1997-03-31",
        "symbol": "CR",
        "reportedCurrency": "USD",
        "cik": "0001944013",
        "fillingDate": "1997-05-05",
        "acceptedDate": "1997-05-05 00:00:00",
        "calendarYear": "1997",
        "period": "Q1",
        "revenue": 467300000,
        "costOfRevenue": 338200000,
        "grossProfit": 129100000,
        "grossProfitRatio": 0.2762679221,
        "researchAndDevelopmentExpenses": 0,
        "generalAndAdministrativeExpenses": 0,
        "sellingAndMarketingExpenses": 0,
        "sellingGeneralAndAdministrativeExpenses": 74800000,
        "otherExpenses": 13400000,
        "operatingExpenses": 88200000,
        "costAndExpenses": 426400000,
        "interestIncome": 0,
        "interestExpense": 0,
        "depreciationAndAmortization": 13400000,
        "ebitda": 54300000,
        "ebitdaratio": 0.1161994436,
        "operatingIncome": 40900000,
        "operatingIncomeRatio": 0.0875240745,
        "totalOtherIncomeExpensesNet": -5200000,
        "incomeBeforeTax": 35700000,
        "incomeBeforeTaxRatio": 0.0763963193,
        "incomeTaxExpense": 13100000,
        "netIncome": 22600000,
        "netIncomeRatio": 0.048362936,
        "eps": 0.33,
        "epsdiluted": 0.33,
        "weightedAverageShsOut": 68484848,
        "weightedAverageShsOutDil": 68484848,
        "link": "https://www.sec.gov/Archives/edgar/data/25445/000002544597000001/0000025445-97-000001-index.html",
        "finalLink": "https://www.sec.gov/Archives/edgar/data/25445/"
    },
    {
        "date": "1996-12-31",
        "symbol": "CR",
        "reportedCurrency": "USD",
        "cik": "0001944013",
        "fillingDate": "1997-03-14",
        "acceptedDate": "1997-03-14 00:00:00",
        "calendarYear": "1996",
        "period": "Q4",
        "revenue": 463900000,
        "costOfRevenue": 332500000,
        "grossProfit": 131400000,
        "grossProfitRatio": 0.2832507006,
        "researchAndDevelopmentExpenses": 0,
        "generalAndAdministrativeExpenses": 0,
        "sellingAndMarketingExpenses": 0,
        "sellingGeneralAndAdministrativeExpenses": 74700000,
        "otherExpenses": 13100000,
        "operatingExpenses": 87800000,
        "costAndExpenses": 420300000,
        "interestIncome": 0,
        "interestExpense": 0,
        "depreciationAndAmortization": 13100000,
        "ebitda": 56700000,
        "ebitdaratio": 0.1222246174,
        "operatingIncome": 43600000,
        "operatingIncomeRatio": 0.0939857728,
        "totalOtherIncomeExpensesNet": -5200000,
        "incomeBeforeTax": 38400000,
        "incomeBeforeTaxRatio": 0.0827764604,
        "incomeTaxExpense": 13500000,
        "netIncome": 24900000,
        "netIncomeRatio": 0.0536753611,
        "eps": 0.36,
        "epsdiluted": 0.36,
        "weightedAverageShsOut": 68484848,
        "weightedAverageShsOutDil": 68484848,
        "link": "https://www.sec.gov/Archives/edgar/data/25445/000095013097001012/0000950130-97-001012-index.html",
        "finalLink": "https://www.sec.gov/Archives/edgar/data/25445/"
    },
    {
        "date": "1996-09-30",
        "symbol": "CR",
        "reportedCurrency": "USD",
        "cik": "0001944013",
        "fillingDate": "1996-11-13",
        "acceptedDate": "1996-11-13 00:00:00",
        "calendarYear": "1996",
        "period": "Q3",
        "revenue": 481100000,
        "costOfRevenue": 352600000,
        "grossProfit": 128500000,
        "grossProfitRatio": 0.2670962378,
        "researchAndDevelopmentExpenses": 0,
        "generalAndAdministrativeExpenses": 0,
        "sellingAndMarketingExpenses": 0,
        "sellingGeneralAndAdministrativeExpenses": 71200000,
        "otherExpenses": 12200000,
        "operatingExpenses": 83400000,
        "costAndExpenses": 436000000,
        "interestIncome": 0,
        "interestExpense": 0,
        "depreciationAndAmortization": 12000000,
        "ebitda": 57300000,
        "ebitdaratio": 0.1191020578,
        "operatingIncome": 45100000,
        "operatingIncomeRatio": 0.0937435045,
        "totalOtherIncomeExpensesNet": -3000000,
        "incomeBeforeTax": 42100000,
        "incomeBeforeTaxRatio": 0.0875077946,
        "incomeTaxExpense": 15200000,
        "netIncome": 26900000,
        "netIncomeRatio": 0.0559135315,
        "eps": 0.4,
        "epsdiluted": 0.4,
        "weightedAverageShsOut": 67250000,
        "weightedAverageShsOutDil": 67250000,
        "link": "https://www.sec.gov/Archives/edgar/data/25445/000002544596000012/0000025445-96-000012-index.html",
        "finalLink": "https://www.sec.gov/Archives/edgar/data/25445/"
    },
    {
        "date": "1996-06-30",
        "symbol": "CR",
        "reportedCurrency": "USD",
        "cik": "0001944013",
        "fillingDate": "1996-08-14",
        "acceptedDate": "1996-08-14 00:00:00",
        "calendarYear": "1996",
        "period": "Q2",
        "revenue": 466200000,
        "costOfRevenue": 339400000,
        "grossProfit": 126800000,
        "grossProfitRatio": 0.271986272,
        "researchAndDevelopmentExpenses": 0,
        "generalAndAdministrativeExpenses": 0,
        "sellingAndMarketingExpenses": 0,
        "sellingGeneralAndAdministrativeExpenses": 71000000,
        "otherExpenses": 12300000,
        "operatingExpenses": 83300000,
        "costAndExpenses": 422700000,
        "interestIncome": 0,
        "interestExpense": 0,
        "depreciationAndAmortization": 12300000,
        "ebitda": 55800000,
        "ebitdaratio": 0.1196911197,
        "operatingIncome": 43500000,
        "operatingIncomeRatio": 0.0933075933,
        "totalOtherIncomeExpensesNet": -8500000,
        "incomeBeforeTax": 35000000,
        "incomeBeforeTaxRatio": 0.0750750751,
        "incomeTaxExpense": 12900000,
        "netIncome": 22100000,
        "netIncomeRatio": 0.0474045474,
        "eps": 0.33,
        "epsdiluted": 0.33,
        "weightedAverageShsOut": 66969697,
        "weightedAverageShsOutDil": 66969697,
        "link": "https://www.sec.gov/Archives/edgar/data/25445/000002544596000008/0000025445-96-000008-index.html",
        "finalLink": "https://www.sec.gov/Archives/edgar/data/25445/"
    },
    {
        "date": "1996-03-31",
        "symbol": "CR",
        "reportedCurrency": "USD",
        "cik": "0001944013",
        "fillingDate": "1996-05-15",
        "acceptedDate": "1996-05-15 00:00:00",
        "calendarYear": "1996",
        "period": "Q1",
        "revenue": 436500000,
        "costOfRevenue": 320000000,
        "grossProfit": 116500000,
        "grossProfitRatio": 0.2668957617,
        "researchAndDevelopmentExpenses": 0,
        "generalAndAdministrativeExpenses": 0,
        "sellingAndMarketingExpenses": 0,
        "sellingGeneralAndAdministrativeExpenses": 70500000,
        "otherExpenses": 12000000,
        "operatingExpenses": 82500000,
        "costAndExpenses": 402500000,
        "interestIncome": 0,
        "interestExpense": 0,
        "depreciationAndAmortization": 12000000,
        "ebitda": 46000000,
        "ebitdaratio": 0.1053837342,
        "operatingIncome": 34000000,
        "operatingIncomeRatio": 0.0778923253,
        "totalOtherIncomeExpensesNet": -4500000,
        "incomeBeforeTax": 29500000,
        "incomeBeforeTaxRatio": 0.067583047,
        "incomeTaxExpense": 11300000,
        "netIncome": 18200000,
        "netIncomeRatio": 0.0416953036,
        "eps": 0.27,
        "epsdiluted": 0.27,
        "weightedAverageShsOut": 67407407,
        "weightedAverageShsOutDil": 67407407,
        "link": "https://www.sec.gov/Archives/edgar/data/25445/000002544596000005/0000025445-96-000005-index.html",
        "finalLink": "https://www.sec.gov/Archives/edgar/data/25445/"
    },
    {
        "date": "1995-12-31",
        "symbol": "CR",
        "reportedCurrency": "USD",
        "cik": "0001944013",
        "fillingDate": "1996-04-18",
        "acceptedDate": "1996-04-18 00:00:00",
        "calendarYear": "1995",
        "period": "Q4",
        "revenue": 444900000,
        "costOfRevenue": 323200000,
        "grossProfit": 121700000,
        "grossProfitRatio": 0.2735446168,
        "researchAndDevelopmentExpenses": 0,
        "generalAndAdministrativeExpenses": 0,
        "sellingAndMarketingExpenses": 0,
        "sellingGeneralAndAdministrativeExpenses": 71900000,
        "otherExpenses": 12500000,
        "operatingExpenses": 84400000,
        "costAndExpenses": 407600000,
        "interestIncome": 0,
        "interestExpense": 0,
        "depreciationAndAmortization": 12500000,
        "ebitda": 49800000,
        "ebitdaratio": 0.1119352664,
        "operatingIncome": 37300000,
        "operatingIncomeRatio": 0.083839065,
        "totalOtherIncomeExpensesNet": -5500000,
        "incomeBeforeTax": 31800000,
        "incomeBeforeTaxRatio": 0.0714767363,
        "incomeTaxExpense": 10900000,
        "netIncome": 20900000,
        "netIncomeRatio": 0.0469768487,
        "eps": 0.31,
        "epsdiluted": 0.31,
        "weightedAverageShsOut": 67314815,
        "weightedAverageShsOutDil": 67407407,
        "link": "https://www.sec.gov/Archives/edgar/data/25445/000095013096001287/0000950130-96-001287-index.html",
        "finalLink": "https://www.sec.gov/Archives/edgar/data/25445/"
    },
    {
        "date": "1995-09-30",
        "symbol": "CR",
        "reportedCurrency": "USD",
        "cik": "0001944013",
        "fillingDate": "1995-11-14",
        "acceptedDate": "1995-11-14 00:00:00",
        "calendarYear": "1995",
        "period": "Q3",
        "revenue": 453300000,
        "costOfRevenue": 336900000,
        "grossProfit": 116400000,
        "grossProfitRatio": 0.256783587,
        "researchAndDevelopmentExpenses": 0,
        "generalAndAdministrativeExpenses": 0,
        "sellingAndMarketingExpenses": 0,
        "sellingGeneralAndAdministrativeExpenses": 65900000,
        "otherExpenses": 12400000,
        "operatingExpenses": 78300000,
        "costAndExpenses": 415200000,
        "interestIncome": 0,
        "interestExpense": 0,
        "depreciationAndAmortization": 12500000,
        "ebitda": 50600000,
        "ebitdaratio": 0.1116258548,
        "operatingIncome": 38100000,
        "operatingIncomeRatio": 0.0840502978,
        "totalOtherIncomeExpensesNet": -3000000,
        "incomeBeforeTax": 35100000,
        "incomeBeforeTaxRatio": 0.0774321641,
        "incomeTaxExpense": 13100000,
        "netIncome": 22000000,
        "netIncomeRatio": 0.0485329804,
        "eps": 0.31,
        "epsdiluted": 0.31,
        "weightedAverageShsOut": 70967742,
        "weightedAverageShsOutDil": 70967742,
        "link": "https://www.sec.gov/Archives/edgar/data/25445/000002544595000009/0000025445-95-000009-index.html",
        "finalLink": "https://www.sec.gov/Archives/edgar/data/25445/"
    },
    {
        "date": "1995-06-30",
        "symbol": "CR",
        "reportedCurrency": "USD",
        "cik": "0001944013",
        "fillingDate": "1995-08-14",
        "acceptedDate": "1995-08-14 00:00:00",
        "calendarYear": "1995",
        "period": "Q2",
        "revenue": 451500000,
        "costOfRevenue": 332800000,
        "grossProfit": 118700000,
        "grossProfitRatio": 0.2629014396,
        "researchAndDevelopmentExpenses": 0,
        "generalAndAdministrativeExpenses": 0,
        "sellingAndMarketingExpenses": 0,
        "sellingGeneralAndAdministrativeExpenses": 67900000,
        "otherExpenses": 11900000,
        "operatingExpenses": 79800000,
        "costAndExpenses": 412600000,
        "interestIncome": 0,
        "interestExpense": 0,
        "depreciationAndAmortization": 11900000,
        "ebitda": 50800000,
        "ebitdaratio": 0.1125138427,
        "operatingIncome": 38900000,
        "operatingIncomeRatio": 0.0861572536,
        "totalOtherIncomeExpensesNet": -6300000,
        "incomeBeforeTax": 32600000,
        "incomeBeforeTaxRatio": 0.0722037652,
        "incomeTaxExpense": 12500000,
        "netIncome": 20100000,
        "netIncomeRatio": 0.0445182724,
        "eps": 0.29,
        "epsdiluted": 0.29,
        "weightedAverageShsOut": 69310345,
        "weightedAverageShsOutDil": 69310345,
        "link": "https://www.sec.gov/Archives/edgar/data/25445/000002544595000007/0000025445-95-000007-index.html",
        "finalLink": "https://www.sec.gov/Archives/edgar/data/25445/"
    },
    {
        "date": "1995-03-31",
        "symbol": "CR",
        "reportedCurrency": "USD",
        "cik": "0001944013",
        "fillingDate": "1995-05-11",
        "acceptedDate": "1995-05-11 00:00:00",
        "calendarYear": "1995",
        "period": "Q1",
        "revenue": 432600000,
        "costOfRevenue": 323500000,
        "grossProfit": 109100000,
        "grossProfitRatio": 0.252196024,
        "researchAndDevelopmentExpenses": 0,
        "generalAndAdministrativeExpenses": 0,
        "sellingAndMarketingExpenses": 0,
        "sellingGeneralAndAdministrativeExpenses": 68600000,
        "otherExpenses": 11900000,
        "operatingExpenses": 80500000,
        "costAndExpenses": 404000000,
        "interestIncome": 0,
        "interestExpense": 0,
        "depreciationAndAmortization": 11900000,
        "ebitda": 40500000,
        "ebitdaratio": 0.0936199723,
        "operatingIncome": 28600000,
        "operatingIncomeRatio": 0.0661118816,
        "totalOtherIncomeExpensesNet": -6700000,
        "incomeBeforeTax": 21900000,
        "incomeBeforeTaxRatio": 0.0506241331,
        "incomeTaxExpense": 8600000,
        "netIncome": 13300000,
        "netIncomeRatio": 0.0307443366,
        "eps": 0.19,
        "epsdiluted": 0.19,
        "weightedAverageShsOut": 70000000,
        "weightedAverageShsOutDil": 70000000,
        "link": "https://www.sec.gov/Archives/edgar/data/25445/000002544595000001/0000025445-95-000001-index.html",
        "finalLink": "https://www.sec.gov/Archives/edgar/data/25445/"
    },
    {
        "date": "1994-12-31",
        "symbol": "CR",
        "reportedCurrency": "USD",
        "cik": "0001944013",
        "fillingDate": "1995-03-23",
        "acceptedDate": "1995-03-23 00:00:00",
        "calendarYear": "1994",
        "period": "Q4",
        "revenue": 442000000,
        "costOfRevenue": 329100000,
        "grossProfit": 112900000,
        "grossProfitRatio": 0.2554298643,
        "researchAndDevelopmentExpenses": 0,
        "generalAndAdministrativeExpenses": 0,
        "sellingAndMarketingExpenses": 0,
        "sellingGeneralAndAdministrativeExpenses": 68300000,
        "otherExpenses": 10900000,
        "operatingExpenses": 79200000,
        "costAndExpenses": 408300000,
        "interestIncome": 0,
        "interestExpense": 0,
        "depreciationAndAmortization": 10900000,
        "ebitda": 44600000,
        "ebitdaratio": 0.1009049774,
        "operatingIncome": 33700000,
        "operatingIncomeRatio": 0.0762443439,
        "totalOtherIncomeExpensesNet": -6100000,
        "incomeBeforeTax": 27600000,
        "incomeBeforeTaxRatio": 0.0624434389,
        "incomeTaxExpense": 10800000,
        "netIncome": 16800000,
        "netIncomeRatio": 0.0380090498,
        "eps": 0.24,
        "epsdiluted": 0.24,
        "weightedAverageShsOut": 69072621,
        "weightedAverageShsOutDil": 70000000,
        "link": "https://www.sec.gov/Archives/edgar/data/25445/000095010995000851/0000950109-95-000851-index.html",
        "finalLink": "https://www.sec.gov/Archives/edgar/data/25445/"
    },
    {
        "date": "1994-09-30",
        "symbol": "CR",
        "reportedCurrency": "USD",
        "cik": "0001944013",
        "fillingDate": "1994-11-14",
        "acceptedDate": "1994-11-14 00:00:00",
        "calendarYear": "1994",
        "period": "Q3",
        "revenue": 451100000,
        "costOfRevenue": 339800000,
        "grossProfit": 111300000,
        "grossProfitRatio": 0.246730215,
        "researchAndDevelopmentExpenses": 0,
        "generalAndAdministrativeExpenses": 0,
        "sellingAndMarketingExpenses": 0,
        "sellingGeneralAndAdministrativeExpenses": 65500000,
        "otherExpenses": 13300000,
        "operatingExpenses": 78800000,
        "costAndExpenses": 418600000,
        "interestIncome": 0,
        "interestExpense": 0,
        "depreciationAndAmortization": 13300000,
        "ebitda": 45800000,
        "ebitdaratio": 0.1015295943,
        "operatingIncome": 32500000,
        "operatingIncomeRatio": 0.0720461095,
        "totalOtherIncomeExpensesNet": -6600000,
        "incomeBeforeTax": 25900000,
        "incomeBeforeTaxRatio": 0.0574152073,
        "incomeTaxExpense": 9900000,
        "netIncome": 16000000,
        "netIncomeRatio": 0.0354688539,
        "eps": 0.23,
        "epsdiluted": 0.23,
        "weightedAverageShsOut": 69565217,
        "weightedAverageShsOutDil": 69565217,
        "link": "https://www.sec.gov/Archives/edgar/data/25445/000002544594000029/0000025445-94-000029-index.html",
        "finalLink": "https://www.sec.gov/Archives/edgar/data/25445/"
    },
    {
        "date": "1994-06-30",
        "symbol": "CR",
        "reportedCurrency": "USD",
        "cik": "0001944013",
        "fillingDate": "1994-08-15",
        "acceptedDate": "1994-08-15 00:00:00",
        "calendarYear": "1994",
        "period": "Q2",
        "revenue": 428700000,
        "costOfRevenue": 324800000,
        "grossProfit": 103900000,
        "grossProfitRatio": 0.2423606251,
        "researchAndDevelopmentExpenses": 0,
        "generalAndAdministrativeExpenses": 0,
        "sellingAndMarketingExpenses": 0,
        "sellingGeneralAndAdministrativeExpenses": 62900000,
        "otherExpenses": 12100000,
        "operatingExpenses": 75000000,
        "costAndExpenses": 399800000,
        "interestIncome": 0,
        "interestExpense": 0,
        "depreciationAndAmortization": 12200000,
        "ebitda": 41100000,
        "ebitdaratio": 0.0958712386,
        "operatingIncome": 28900000,
        "operatingIncomeRatio": 0.0674131094,
        "totalOtherIncomeExpensesNet": -3700000,
        "incomeBeforeTax": 25200000,
        "incomeBeforeTaxRatio": 0.0587823653,
        "incomeTaxExpense": 9500000,
        "netIncome": 15700000,
        "netIncomeRatio": 0.0366223466,
        "eps": 0.23,
        "epsdiluted": 0.23,
        "weightedAverageShsOut": 68260870,
        "weightedAverageShsOutDil": 68260870,
        "link": "https://www.sec.gov/Archives/edgar/data/25445/000002544594000028/0000025445-94-000028-index.html",
        "finalLink": "https://www.sec.gov/Archives/edgar/data/25445/"
    },
    {
        "date": "1994-03-31",
        "symbol": "CR",
        "reportedCurrency": "USD",
        "cik": "0001944013",
        "fillingDate": "1994-05-16",
        "acceptedDate": "1994-05-16 00:00:00",
        "calendarYear": "1994",
        "period": "Q1",
        "revenue": 331700000,
        "costOfRevenue": 259800000,
        "grossProfit": 71900000,
        "grossProfitRatio": 0.2167621345,
        "researchAndDevelopmentExpenses": 0,
        "generalAndAdministrativeExpenses": 0,
        "sellingAndMarketingExpenses": 0,
        "sellingGeneralAndAdministrativeExpenses": 48800000,
        "otherExpenses": 8300000,
        "operatingExpenses": 57100000,
        "costAndExpenses": 316900000,
        "interestIncome": 0,
        "interestExpense": 0,
        "depreciationAndAmortization": 8300000,
        "ebitda": 23100000,
        "ebitdaratio": 0.0696412421,
        "operatingIncome": 14800000,
        "operatingIncomeRatio": 0.0446186313,
        "totalOtherIncomeExpensesNet": -2400000,
        "incomeBeforeTax": 12400000,
        "incomeBeforeTaxRatio": 0.0373831776,
        "incomeTaxExpense": 5000000,
        "netIncome": 7400000,
        "netIncomeRatio": 0.0223093156,
        "eps": 0.11,
        "epsdiluted": 0.11,
        "weightedAverageShsOut": 67272727,
        "weightedAverageShsOutDil": 67272727,
        "link": "https://www.sec.gov/Archives/edgar/data/25445/000002544594000020/0000025445-94-000020-index.html",
        "finalLink": "https://www.sec.gov/Archives/edgar/data/25445/"
    },
    {
        "date": "1993-12-31",
        "symbol": "CR",
        "reportedCurrency": "USD",
        "cik": "0001944013",
        "fillingDate": "1994-03-30",
        "acceptedDate": "1994-03-30 00:00:00",
        "calendarYear": "1993",
        "period": "Q4",
        "revenue": 322300000,
        "costOfRevenue": 251400000,
        "grossProfit": 70900000,
        "grossProfitRatio": 0.2199813838,
        "researchAndDevelopmentExpenses": 0,
        "generalAndAdministrativeExpenses": 0,
        "sellingAndMarketingExpenses": 0,
        "sellingGeneralAndAdministrativeExpenses": 43800000,
        "otherExpenses": 7600000,
        "operatingExpenses": 51400000,
        "costAndExpenses": 302800000,
        "interestIncome": 0,
        "interestExpense": 0,
        "depreciationAndAmortization": 7600000,
        "ebitda": 27100000,
        "ebitdaratio": 0.0840831523,
        "operatingIncome": 19500000,
        "operatingIncomeRatio": 0.0605026373,
        "totalOtherIncomeExpensesNet": -2400000,
        "incomeBeforeTax": 17100000,
        "incomeBeforeTaxRatio": 0.0530561589,
        "incomeTaxExpense": 7500000,
        "netIncome": 9600000,
        "netIncomeRatio": 0.0297859137,
        "eps": 0.14,
        "epsdiluted": 0.14,
        "weightedAverageShsOut": 64669343,
        "weightedAverageShsOutDil": 67368421,
        "link": "https://www.sec.gov/Archives/edgar/data/25445/000095013094000538/0000950130-94-000538-index.html",
        "finalLink": "https://www.sec.gov/Archives/edgar/data/25445/"
    },
    {
        "date": "1993-09-30",
        "symbol": "CR",
        "reportedCurrency": "USD",
        "cik": "0001944013",
        "fillingDate": "1993-09-30",
        "acceptedDate": "1993-09-29 20:00:00",
        "calendarYear": "1993",
        "period": "Q3",
        "revenue": 337900000,
        "costOfRevenue": 263900000,
        "grossProfit": 74000000,
        "grossProfitRatio": 0.2189997041,
        "researchAndDevelopmentExpenses": 0,
        "generalAndAdministrativeExpenses": 0,
        "sellingAndMarketingExpenses": 0,
        "sellingGeneralAndAdministrativeExpenses": 44600000,
        "otherExpenses": 7300000,
        "operatingExpenses": 51900000,
        "costAndExpenses": 315800000,
        "interestIncome": 0,
        "interestExpense": 0,
        "depreciationAndAmortization": 7300000,
        "ebitda": 29400000,
        "ebitdaratio": 0.0870079905,
        "operatingIncome": 22100000,
        "operatingIncomeRatio": 0.0654039657,
        "totalOtherIncomeExpensesNet": -1000000,
        "incomeBeforeTax": 21100000,
        "incomeBeforeTaxRatio": 0.0624445102,
        "incomeTaxExpense": 8300000,
        "netIncome": 12800000,
        "netIncomeRatio": 0.0378810299,
        "eps": 0.19,
        "epsdiluted": 0.19,
        "weightedAverageShsOut": 67368421,
        "weightedAverageShsOutDil": 67368421,
        "link": "",
        "finalLink": ""
    },
    {
        "date": "1993-06-30",
        "symbol": "CR",
        "reportedCurrency": "USD",
        "cik": "0001944013",
        "fillingDate": "1993-06-30",
        "acceptedDate": "1993-06-29 20:00:00",
        "calendarYear": "1993",
        "period": "Q2",
        "revenue": 337700000,
        "costOfRevenue": 259500000,
        "grossProfit": 78200000,
        "grossProfitRatio": 0.2315664791,
        "researchAndDevelopmentExpenses": 0,
        "generalAndAdministrativeExpenses": 0,
        "sellingAndMarketingExpenses": 0,
        "sellingGeneralAndAdministrativeExpenses": 45500000,
        "otherExpenses": 7200000,
        "operatingExpenses": 52700000,
        "costAndExpenses": 312200000,
        "interestIncome": 0,
        "interestExpense": 0,
        "depreciationAndAmortization": 7200000,
        "ebitda": 32700000,
        "ebitdaratio": 0.0968315073,
        "operatingIncome": 25500000,
        "operatingIncomeRatio": 0.0755108084,
        "totalOtherIncomeExpensesNet": -1000000,
        "incomeBeforeTax": 24500000,
        "incomeBeforeTaxRatio": 0.0725496002,
        "incomeTaxExpense": 8800000,
        "netIncome": 15700000,
        "netIncomeRatio": 0.0464909683,
        "eps": 0.23,
        "epsdiluted": 0.23,
        "weightedAverageShsOut": 68260870,
        "weightedAverageShsOutDil": 68260870,
        "link": "",
        "finalLink": ""
    },
    {
        "date": "1993-03-31",
        "symbol": "CR",
        "reportedCurrency": "USD",
        "cik": "0001944013",
        "fillingDate": "1993-03-31",
        "acceptedDate": "1993-03-30 19:00:00",
        "calendarYear": "1993",
        "period": "Q1",
        "revenue": 312300000,
        "costOfRevenue": 241800000,
        "grossProfit": 70500000,
        "grossProfitRatio": 0.2257444765,
        "researchAndDevelopmentExpenses": 0,
        "generalAndAdministrativeExpenses": 0,
        "sellingAndMarketingExpenses": 0,
        "sellingGeneralAndAdministrativeExpenses": 44500000,
        "otherExpenses": 7300000,
        "operatingExpenses": 51800000,
        "costAndExpenses": 293600000,
        "interestIncome": 0,
        "interestExpense": 0,
        "depreciationAndAmortization": 7300000,
        "ebitda": 26000000,
        "ebitdaratio": 0.0832532821,
        "operatingIncome": 18700000,
        "operatingIncomeRatio": 0.0598783221,
        "totalOtherIncomeExpensesNet": -1600000,
        "incomeBeforeTax": 17100000,
        "incomeBeforeTaxRatio": 0.0547550432,
        "incomeTaxExpense": 6300000,
        "netIncome": 10800000,
        "netIncomeRatio": 0.0345821326,
        "eps": 0.16,
        "epsdiluted": 0.16,
        "weightedAverageShsOut": 67500000,
        "weightedAverageShsOutDil": 67500000,
        "link": "",
        "finalLink": ""
    },
    {
        "date": "1992-12-31",
        "symbol": "CR",
        "reportedCurrency": "USD",
        "cik": "0001944013",
        "fillingDate": "1992-12-31",
        "acceptedDate": "1992-12-30 19:00:00",
        "calendarYear": "1992",
        "period": "Q4",
        "revenue": 316000000,
        "costOfRevenue": 240100000,
        "grossProfit": 75900000,
        "grossProfitRatio": 0.2401898734,
        "researchAndDevelopmentExpenses": 0,
        "generalAndAdministrativeExpenses": 0,
        "sellingAndMarketingExpenses": 0,
        "sellingGeneralAndAdministrativeExpenses": 44600000,
        "otherExpenses": 6800000,
        "operatingExpenses": 51400000,
        "costAndExpenses": 291500000,
        "interestIncome": 0,
        "interestExpense": 0,
        "depreciationAndAmortization": 6800000,
        "ebitda": 31300000,
        "ebitdaratio": 0.0990506329,
        "operatingIncome": 24500000,
        "operatingIncomeRatio": 0.0775316456,
        "totalOtherIncomeExpensesNet": -2200000,
        "incomeBeforeTax": 22300000,
        "incomeBeforeTaxRatio": 0.0705696203,
        "incomeTaxExpense": 8000000,
        "netIncome": 14300000,
        "netIncomeRatio": 0.0452531646,
        "eps": 0.2,
        "epsdiluted": 0.2,
        "weightedAverageShsOut": 70000000,
        "weightedAverageShsOutDil": 70000000,
        "link": "",
        "finalLink": ""
    },
    {
        "date": "1992-09-30",
        "symbol": "CR",
        "reportedCurrency": "USD",
        "cik": "0001944013",
        "fillingDate": "1992-09-30",
        "acceptedDate": "1992-09-29 20:00:00",
        "calendarYear": "1992",
        "period": "Q3",
        "revenue": 338900000,
        "costOfRevenue": 262400000,
        "grossProfit": 76500000,
        "grossProfitRatio": 0.2257303039,
        "researchAndDevelopmentExpenses": 0,
        "generalAndAdministrativeExpenses": 0,
        "sellingAndMarketingExpenses": 0,
        "sellingGeneralAndAdministrativeExpenses": 48600000,
        "otherExpenses": 7000000,
        "operatingExpenses": 55600000,
        "costAndExpenses": 318000000,
        "interestIncome": 0,
        "interestExpense": 0,
        "depreciationAndAmortization": 7000000,
        "ebitda": 27900000,
        "ebitdaratio": 0.0823251697,
        "operatingIncome": 20900000,
        "operatingIncomeRatio": 0.0616701092,
        "totalOtherIncomeExpensesNet": -3700000,
        "incomeBeforeTax": 17200000,
        "incomeBeforeTaxRatio": 0.0507524343,
        "incomeTaxExpense": 6700000,
        "netIncome": 10500000,
        "netIncomeRatio": 0.0309825907,
        "eps": 0.15,
        "epsdiluted": 0.15,
        "weightedAverageShsOut": 70000000,
        "weightedAverageShsOutDil": 70000000,
        "link": "",
        "finalLink": ""
    },
    {
        "date": "1992-06-30",
        "symbol": "CR",
        "reportedCurrency": "USD",
        "cik": "0001944013",
        "fillingDate": "1992-06-30",
        "acceptedDate": "1992-06-29 20:00:00",
        "calendarYear": "1992",
        "period": "Q2",
        "revenue": 338600000,
        "costOfRevenue": 261100000,
        "grossProfit": 77500000,
        "grossProfitRatio": 0.2288836385,
        "researchAndDevelopmentExpenses": 0,
        "generalAndAdministrativeExpenses": 0,
        "sellingAndMarketingExpenses": 0,
        "sellingGeneralAndAdministrativeExpenses": 47600000,
        "otherExpenses": 7300000,
        "operatingExpenses": 54900000,
        "costAndExpenses": 316000000,
        "interestIncome": 0,
        "interestExpense": 0,
        "depreciationAndAmortization": 7400000,
        "ebitda": 30000000,
        "ebitdaratio": 0.0886001181,
        "operatingIncome": 22600000,
        "operatingIncomeRatio": 0.0667454223,
        "totalOtherIncomeExpensesNet": -38100000,
        "incomeBeforeTax": -15500000,
        "incomeBeforeTaxRatio": -0.0457767277,
        "incomeTaxExpense": -6000000,
        "netIncome": -9500000,
        "netIncomeRatio": -0.0280567041,
        "eps": -0.14,
        "epsdiluted": -0.14,
        "weightedAverageShsOut": 67857143,
        "weightedAverageShsOutDil": 67857143,
        "link": "",
        "finalLink": ""
    },
    {
        "date": "1992-03-31",
        "symbol": "CR",
        "reportedCurrency": "USD",
        "cik": "0001944013",
        "fillingDate": "1992-03-31",
        "acceptedDate": "1992-03-30 19:00:00",
        "calendarYear": "1992",
        "period": "Q1",
        "revenue": 313500000,
        "costOfRevenue": 242400000,
        "grossProfit": 71100000,
        "grossProfitRatio": 0.2267942584,
        "researchAndDevelopmentExpenses": 0,
        "generalAndAdministrativeExpenses": 0,
        "sellingAndMarketingExpenses": 0,
        "sellingGeneralAndAdministrativeExpenses": 47000000,
        "otherExpenses": 7300000,
        "operatingExpenses": 54300000,
        "costAndExpenses": 296700000,
        "interestIncome": 0,
        "interestExpense": 0,
        "depreciationAndAmortization": 7300000,
        "ebitda": 24100000,
        "ebitdaratio": 0.0768740032,
        "operatingIncome": 16800000,
        "operatingIncomeRatio": 0.0535885167,
        "totalOtherIncomeExpensesNet": -2100000,
        "incomeBeforeTax": 14700000,
        "incomeBeforeTaxRatio": 0.0468899522,
        "incomeTaxExpense": 5700000,
        "netIncome": 9000000,
        "netIncomeRatio": 0.028708134,
        "eps": 0.13,
        "epsdiluted": 0.13,
        "weightedAverageShsOut": 69230769,
        "weightedAverageShsOutDil": 69230769,
        "link": "",
        "finalLink": ""
    },
    {
        "date": "1991-12-31",
        "symbol": "CR",
        "reportedCurrency": "USD",
        "cik": "0001944013",
        "fillingDate": "1991-12-31",
        "acceptedDate": "1991-12-30 19:00:00",
        "calendarYear": "1991",
        "period": "Q4",
        "revenue": 315400000,
        "costOfRevenue": 243100000,
        "grossProfit": 72300000,
        "grossProfitRatio": 0.2292327204,
        "researchAndDevelopmentExpenses": 0,
        "generalAndAdministrativeExpenses": 0,
        "sellingAndMarketingExpenses": 0,
        "sellingGeneralAndAdministrativeExpenses": 49600000,
        "otherExpenses": 6700000,
        "operatingExpenses": 56300000,
        "costAndExpenses": 299400000,
        "interestIncome": 0,
        "interestExpense": 0,
        "depreciationAndAmortization": 6700000,
        "ebitda": 22700000,
        "ebitdaratio": 0.0719720989,
        "operatingIncome": 16000000,
        "operatingIncomeRatio": 0.0507292327,
        "totalOtherIncomeExpensesNet": -1600000,
        "incomeBeforeTax": 14400000,
        "incomeBeforeTaxRatio": 0.0456563094,
        "incomeTaxExpense": 4600000,
        "netIncome": 9800000,
        "netIncomeRatio": 0.031071655,
        "eps": 0.14,
        "epsdiluted": 0.14,
        "weightedAverageShsOut": 70204082,
        "weightedAverageShsOutDil": 72222222,
        "link": "",
        "finalLink": ""
    },
    {
        "date": "1991-09-30",
        "symbol": "CR",
        "reportedCurrency": "USD",
        "cik": "0001944013",
        "fillingDate": "1991-09-30",
        "acceptedDate": "1991-09-29 20:00:00",
        "calendarYear": "1991",
        "period": "Q3",
        "revenue": 341700000,
        "costOfRevenue": 265100000,
        "grossProfit": 76600000,
        "grossProfitRatio": 0.2241732514,
        "researchAndDevelopmentExpenses": 0,
        "generalAndAdministrativeExpenses": 0,
        "sellingAndMarketingExpenses": 0,
        "sellingGeneralAndAdministrativeExpenses": 48100000,
        "otherExpenses": 7300000,
        "operatingExpenses": 55400000,
        "costAndExpenses": 320500000,
        "interestIncome": 0,
        "interestExpense": 0,
        "depreciationAndAmortization": 7200000,
        "ebitda": 28500000,
        "ebitdaratio": 0.0834064969,
        "operatingIncome": 21200000,
        "operatingIncomeRatio": 0.0620427275,
        "totalOtherIncomeExpensesNet": 100000,
        "incomeBeforeTax": 21300000,
        "incomeBeforeTaxRatio": 0.0623353819,
        "incomeTaxExpense": 8300000,
        "netIncome": 13000000,
        "netIncomeRatio": 0.0380450688,
        "eps": 0.18,
        "epsdiluted": 0.18,
        "weightedAverageShsOut": 72222222,
        "weightedAverageShsOutDil": 72222222,
        "link": "",
        "finalLink": ""
    },
    {
        "date": "1991-06-30",
        "symbol": "CR",
        "reportedCurrency": "USD",
        "cik": "0001944013",
        "fillingDate": "1991-06-30",
        "acceptedDate": "1991-06-29 20:00:00",
        "calendarYear": "1991",
        "period": "Q2",
        "revenue": 339200000,
        "costOfRevenue": 260100000,
        "grossProfit": 79100000,
        "grossProfitRatio": 0.2331957547,
        "researchAndDevelopmentExpenses": 0,
        "generalAndAdministrativeExpenses": 0,
        "sellingAndMarketingExpenses": 0,
        "sellingGeneralAndAdministrativeExpenses": 48100000,
        "otherExpenses": 7200000,
        "operatingExpenses": 55300000,
        "costAndExpenses": 315400000,
        "interestIncome": 0,
        "interestExpense": 0,
        "depreciationAndAmortization": 7300000,
        "ebitda": 31100000,
        "ebitdaratio": 0.0916863208,
        "operatingIncome": 23800000,
        "operatingIncomeRatio": 0.0701650943,
        "totalOtherIncomeExpensesNet": -2500000,
        "incomeBeforeTax": 21300000,
        "incomeBeforeTaxRatio": 0.0627948113,
        "incomeTaxExpense": 8500000,
        "netIncome": 12800000,
        "netIncomeRatio": 0.0377358491,
        "eps": 0.18,
        "epsdiluted": 0.18,
        "weightedAverageShsOut": 71111111,
        "weightedAverageShsOutDil": 71111111,
        "link": "",
        "finalLink": ""
    },
    {
        "date": "1991-03-31",
        "symbol": "CR",
        "reportedCurrency": "USD",
        "cik": "0001944013",
        "fillingDate": "1991-03-31",
        "acceptedDate": "1991-03-30 19:00:00",
        "calendarYear": "1991",
        "period": "Q1",
        "revenue": 306200000,
        "costOfRevenue": 234600000,
        "grossProfit": 71600000,
        "grossProfitRatio": 0.2338340954,
        "researchAndDevelopmentExpenses": 0,
        "generalAndAdministrativeExpenses": 0,
        "sellingAndMarketingExpenses": 0,
        "sellingGeneralAndAdministrativeExpenses": 46600000,
        "otherExpenses": 7200000,
        "operatingExpenses": 53800000,
        "costAndExpenses": 288400000,
        "interestIncome": 0,
        "interestExpense": 0,
        "depreciationAndAmortization": 7200000,
        "ebitda": 25000000,
        "ebitdaratio": 0.081645983,
        "operatingIncome": 17800000,
        "operatingIncomeRatio": 0.0581319399,
        "totalOtherIncomeExpensesNet": -2500000,
        "incomeBeforeTax": 15300000,
        "incomeBeforeTaxRatio": 0.0499673416,
        "incomeTaxExpense": 6000000,
        "netIncome": 9300000,
        "netIncomeRatio": 0.0303723057,
        "eps": 0.13,
        "epsdiluted": 0.13,
        "weightedAverageShsOut": 71538462,
        "weightedAverageShsOutDil": 71538462,
        "link": "",
        "finalLink": ""
    },
    {
        "date": "1990-12-31",
        "symbol": "CR",
        "reportedCurrency": "USD",
        "cik": "0001944013",
        "fillingDate": "1990-12-31",
        "acceptedDate": "1990-12-30 19:00:00",
        "calendarYear": "1990",
        "period": "Q4",
        "revenue": 333200000,
        "costOfRevenue": 251800000,
        "grossProfit": 81400000,
        "grossProfitRatio": 0.2442977191,
        "researchAndDevelopmentExpenses": 0,
        "generalAndAdministrativeExpenses": 0,
        "sellingAndMarketingExpenses": 0,
        "sellingGeneralAndAdministrativeExpenses": 48600000,
        "otherExpenses": 6800000,
        "operatingExpenses": 55400000,
        "costAndExpenses": 307200000,
        "interestIncome": 0,
        "interestExpense": 0,
        "depreciationAndAmortization": 6800000,
        "ebitda": 32800000,
        "ebitdaratio": 0.0984393758,
        "operatingIncome": 26000000,
        "operatingIncomeRatio": 0.0780312125,
        "totalOtherIncomeExpensesNet": -1000000,
        "incomeBeforeTax": 25000000,
        "incomeBeforeTaxRatio": 0.075030012,
        "incomeTaxExpense": 9000000,
        "netIncome": 16000000,
        "netIncomeRatio": 0.0480192077,
        "eps": 0.22,
        "epsdiluted": 0.22,
        "weightedAverageShsOut": 72737401,
        "weightedAverageShsOutDil": 74347826,
        "link": "",
        "finalLink": ""
    },
    {
        "date": "1990-09-30",
        "symbol": "CR",
        "reportedCurrency": "USD",
        "cik": "0001944013",
        "fillingDate": "1990-09-30",
        "acceptedDate": "1990-09-29 20:00:00",
        "calendarYear": "1990",
        "period": "Q3",
        "revenue": 372500000,
        "costOfRevenue": 286100000,
        "grossProfit": 86400000,
        "grossProfitRatio": 0.2319463087,
        "researchAndDevelopmentExpenses": 0,
        "generalAndAdministrativeExpenses": 0,
        "sellingAndMarketingExpenses": 0,
        "sellingGeneralAndAdministrativeExpenses": 47700000,
        "otherExpenses": 7100000,
        "operatingExpenses": 54800000,
        "costAndExpenses": 340900000,
        "interestIncome": 0,
        "interestExpense": 0,
        "depreciationAndAmortization": 7100000,
        "ebitda": 38700000,
        "ebitdaratio": 0.1038926174,
        "operatingIncome": 31600000,
        "operatingIncomeRatio": 0.0848322148,
        "totalOtherIncomeExpensesNet": -3100000,
        "incomeBeforeTax": 28500000,
        "incomeBeforeTaxRatio": 0.0765100671,
        "incomeTaxExpense": 11400000,
        "netIncome": 17100000,
        "netIncomeRatio": 0.0459060403,
        "eps": 0.23,
        "epsdiluted": 0.23,
        "weightedAverageShsOut": 74347826,
        "weightedAverageShsOutDil": 74347826,
        "link": "",
        "finalLink": ""
    },
    {
        "date": "1990-06-30",
        "symbol": "CR",
        "reportedCurrency": "USD",
        "cik": "0001944013",
        "fillingDate": "1990-06-30",
        "acceptedDate": "1990-06-29 20:00:00",
        "calendarYear": "1990",
        "period": "Q2",
        "revenue": 380400000,
        "costOfRevenue": 290400000,
        "grossProfit": 90000000,
        "grossProfitRatio": 0.2365930599,
        "researchAndDevelopmentExpenses": 0,
        "generalAndAdministrativeExpenses": 0,
        "sellingAndMarketingExpenses": 0,
        "sellingGeneralAndAdministrativeExpenses": 50300000,
        "otherExpenses": 8900000,
        "operatingExpenses": 59200000,
        "costAndExpenses": 349600000,
        "interestIncome": 0,
        "interestExpense": 0,
        "depreciationAndAmortization": 8900000,
        "ebitda": 39700000,
        "ebitdaratio": 0.1043638275,
        "operatingIncome": 30800000,
        "operatingIncomeRatio": 0.0809674027,
        "totalOtherIncomeExpensesNet": -4100000,
        "incomeBeforeTax": 26700000,
        "incomeBeforeTaxRatio": 0.0701892744,
        "incomeTaxExpense": 10600000,
        "netIncome": 16100000,
        "netIncomeRatio": 0.0423238696,
        "eps": 0.22,
        "epsdiluted": 0.22,
        "weightedAverageShsOut": 73181818,
        "weightedAverageShsOutDil": 73181818,
        "link": "",
        "finalLink": ""
    },
    {
        "date": "1990-03-31",
        "symbol": "CR",
        "reportedCurrency": "USD",
        "cik": "0001944013",
        "fillingDate": "1990-03-31",
        "acceptedDate": "1990-03-30 19:00:00",
        "calendarYear": "1990",
        "period": "Q1",
        "revenue": 352200000,
        "costOfRevenue": 271400000,
        "grossProfit": 80800000,
        "grossProfitRatio": 0.2294151051,
        "researchAndDevelopmentExpenses": 0,
        "generalAndAdministrativeExpenses": 0,
        "sellingAndMarketingExpenses": 0,
        "sellingGeneralAndAdministrativeExpenses": 48600000,
        "otherExpenses": 7300000,
        "operatingExpenses": 55900000,
        "costAndExpenses": 327300000,
        "interestIncome": 0,
        "interestExpense": 0,
        "depreciationAndAmortization": 7300000,
        "ebitda": 32200000,
        "ebitdaratio": 0.0914253265,
        "operatingIncome": 24900000,
        "operatingIncomeRatio": 0.0706984668,
        "totalOtherIncomeExpensesNet": -2600000,
        "incomeBeforeTax": 22300000,
        "incomeBeforeTaxRatio": 0.0633162976,
        "incomeTaxExpense": 8800000,
        "netIncome": 13500000,
        "netIncomeRatio": 0.038330494,
        "eps": 0.19,
        "epsdiluted": 0.19,
        "weightedAverageShsOut": 71052632,
        "weightedAverageShsOutDil": 71052632,
        "link": "",
        "finalLink": ""
    },
    {
        "date": "1989-12-31",
        "symbol": "CR",
        "reportedCurrency": "USD",
        "cik": "0001944013",
        "fillingDate": "1989-12-31",
        "acceptedDate": "1989-12-30 19:00:00",
        "calendarYear": "1989",
        "period": "Q4",
        "revenue": 347200000,
        "costOfRevenue": 265900000,
        "grossProfit": 81300000,
        "grossProfitRatio": 0.2341589862,
        "researchAndDevelopmentExpenses": 0,
        "generalAndAdministrativeExpenses": 0,
        "sellingAndMarketingExpenses": 0,
        "sellingGeneralAndAdministrativeExpenses": 51900000,
        "otherExpenses": 4900000,
        "operatingExpenses": 56800000,
        "costAndExpenses": 322700000,
        "interestIncome": 0,
        "interestExpense": 0,
        "depreciationAndAmortization": 4900000,
        "ebitda": 29400000,
        "ebitdaratio": 0.0846774194,
        "operatingIncome": 24500000,
        "operatingIncomeRatio": 0.0705645161,
        "totalOtherIncomeExpensesNet": -2800000,
        "incomeBeforeTax": 21700000,
        "incomeBeforeTaxRatio": 0.0625,
        "incomeTaxExpense": 8100000,
        "netIncome": 13600000,
        "netIncomeRatio": 0.0391705069,
        "eps": 0.18,
        "epsdiluted": 0.18,
        "weightedAverageShsOut": 71596507,
        "weightedAverageShsOutDil": 73809524,
        "link": "",
        "finalLink": ""
    },
    {
        "date": "1989-09-30",
        "symbol": "CR",
        "reportedCurrency": "USD",
        "cik": "0001944013",
        "fillingDate": "1989-09-30",
        "acceptedDate": "1989-09-29 20:00:00",
        "calendarYear": "1989",
        "period": "Q3",
        "revenue": 376300000,
        "costOfRevenue": 295800000,
        "grossProfit": 80500000,
        "grossProfitRatio": 0.2139250598,
        "researchAndDevelopmentExpenses": 0,
        "generalAndAdministrativeExpenses": 0,
        "sellingAndMarketingExpenses": 0,
        "sellingGeneralAndAdministrativeExpenses": 46000000,
        "otherExpenses": 5300000,
        "operatingExpenses": 51300000,
        "costAndExpenses": 347100000,
        "interestIncome": 0,
        "interestExpense": 0,
        "depreciationAndAmortization": 5300000,
        "ebitda": 34500000,
        "ebitdaratio": 0.0916821685,
        "operatingIncome": 29200000,
        "operatingIncomeRatio": 0.0775976614,
        "totalOtherIncomeExpensesNet": -3600000,
        "incomeBeforeTax": 25600000,
        "incomeBeforeTaxRatio": 0.0680308265,
        "incomeTaxExpense": 10100000,
        "netIncome": 15500000,
        "netIncomeRatio": 0.0411905395,
        "eps": 0.21,
        "epsdiluted": 0.21,
        "weightedAverageShsOut": 73809524,
        "weightedAverageShsOutDil": 73809524,
        "link": "",
        "finalLink": ""
    },
    {
        "date": "1989-06-30",
        "symbol": "CR",
        "reportedCurrency": "USD",
        "cik": "0001944013",
        "fillingDate": "1989-06-30",
        "acceptedDate": "1989-06-29 20:00:00",
        "calendarYear": "1989",
        "period": "Q2",
        "revenue": 383900000,
        "costOfRevenue": 0,
        "grossProfit": 383900000,
        "grossProfitRatio": 1,
        "researchAndDevelopmentExpenses": 0,
        "generalAndAdministrativeExpenses": 0,
        "sellingAndMarketingExpenses": 0,
        "sellingGeneralAndAdministrativeExpenses": 0,
        "otherExpenses": 0,
        "operatingExpenses": 0,
        "costAndExpenses": 0,
        "interestIncome": 0,
        "interestExpense": 0,
        "depreciationAndAmortization": 0,
        "ebitda": 383900000,
        "ebitdaratio": 1,
        "operatingIncome": 383900000,
        "operatingIncomeRatio": 1,
        "totalOtherIncomeExpensesNet": 0,
        "incomeBeforeTax": 0,
        "incomeBeforeTaxRatio": 0,
        "incomeTaxExpense": 0,
        "netIncome": 16100000,
        "netIncomeRatio": 0.0419380047,
        "eps": 0.22,
        "epsdiluted": 0.22,
        "weightedAverageShsOut": 73766000,
        "weightedAverageShsOutDil": 73766000,
        "link": "",
        "finalLink": ""
    },
    {
        "date": "1989-03-31",
        "symbol": "CR",
        "reportedCurrency": "USD",
        "cik": "0001944013",
        "fillingDate": "1989-03-31",
        "acceptedDate": "1989-03-30 19:00:00",
        "calendarYear": "1989",
        "period": "Q1",
        "revenue": 348100000,
        "costOfRevenue": 0,
        "grossProfit": 348100000,
        "grossProfitRatio": 1,
        "researchAndDevelopmentExpenses": 0,
        "generalAndAdministrativeExpenses": 0,
        "sellingAndMarketingExpenses": 0,
        "sellingGeneralAndAdministrativeExpenses": 0,
        "otherExpenses": 0,
        "operatingExpenses": 0,
        "costAndExpenses": 0,
        "interestIncome": 0,
        "interestExpense": 0,
        "depreciationAndAmortization": 0,
        "ebitda": 348100000,
        "ebitdaratio": 1,
        "operatingIncome": 348100000,
        "operatingIncomeRatio": 1,
        "totalOtherIncomeExpensesNet": 0,
        "incomeBeforeTax": 0,
        "incomeBeforeTaxRatio": 0,
        "incomeTaxExpense": 0,
        "netIncome": 10700000,
        "netIncomeRatio": 0.0307382936,
        "eps": 0.15,
        "epsdiluted": 0.15,
        "weightedAverageShsOut": 73309000,
        "weightedAverageShsOutDil": 73309000,
        "link": "",
        "finalLink": ""
    },
    {
        "date": "1988-12-31",
        "symbol": "CR",
        "reportedCurrency": "USD",
        "cik": "0001944013",
        "fillingDate": "1988-12-31",
        "acceptedDate": "1988-12-30 19:00:00",
        "calendarYear": "1988",
        "period": "Q4",
        "revenue": 343800000,
        "costOfRevenue": 0,
        "grossProfit": 343800000,
        "grossProfitRatio": 1,
        "researchAndDevelopmentExpenses": 0,
        "generalAndAdministrativeExpenses": 0,
        "sellingAndMarketingExpenses": 0,
        "sellingGeneralAndAdministrativeExpenses": 0,
        "otherExpenses": -1217400000,
        "operatingExpenses": -1217400000,
        "costAndExpenses": -1217400000,
        "interestIncome": 0,
        "interestExpense": 0,
        "depreciationAndAmortization": 0,
        "ebitda": -873600000,
        "ebitdaratio": -2.5410122164,
        "operatingIncome": -873600000,
        "operatingIncomeRatio": -2.5410122164,
        "totalOtherIncomeExpensesNet": 0,
        "incomeBeforeTax": 0,
        "incomeBeforeTaxRatio": 0,
        "incomeTaxExpense": 0,
        "netIncome": 12500000,
        "netIncomeRatio": 0.0363583479,
        "eps": 0.16,
        "epsdiluted": 0.16,
        "weightedAverageShsOut": 73658000,
        "weightedAverageShsOutDil": 74925000,
        "link": "",
        "finalLink": ""
    },
    {
        "date": "1988-09-30",
        "symbol": "CR",
        "reportedCurrency": "USD",
        "cik": "0001944013",
        "fillingDate": "1988-09-30",
        "acceptedDate": "1988-09-29 20:00:00",
        "calendarYear": "1988",
        "period": "Q3",
        "revenue": 378300000,
        "costOfRevenue": 0,
        "grossProfit": 378300000,
        "grossProfitRatio": 1,
        "researchAndDevelopmentExpenses": 0,
        "generalAndAdministrativeExpenses": 0,
        "sellingAndMarketingExpenses": 0,
        "sellingGeneralAndAdministrativeExpenses": 0,
        "otherExpenses": 0,
        "operatingExpenses": 0,
        "costAndExpenses": 0,
        "interestIncome": 0,
        "interestExpense": 0,
        "depreciationAndAmortization": 0,
        "ebitda": 378300000,
        "ebitdaratio": 1,
        "operatingIncome": 378300000,
        "operatingIncomeRatio": 1,
        "totalOtherIncomeExpensesNet": 0,
        "incomeBeforeTax": 0,
        "incomeBeforeTaxRatio": 0,
        "incomeTaxExpense": 0,
        "netIncome": 0,
        "netIncomeRatio": 0,
        "eps": 0.27,
        "epsdiluted": 0.27,
        "weightedAverageShsOut": 74925000,
        "weightedAverageShsOutDil": 74925000,
        "link": "",
        "finalLink": ""
    },
    {
        "date": "1988-06-30",
        "symbol": "CR",
        "reportedCurrency": "USD",
        "cik": "0001944013",
        "fillingDate": "1988-06-30",
        "acceptedDate": "1988-06-29 20:00:00",
        "calendarYear": "1988",
        "period": "Q2",
        "revenue": 315800000,
        "costOfRevenue": 0,
        "grossProfit": 315800000,
        "grossProfitRatio": 1,
        "researchAndDevelopmentExpenses": 0,
        "generalAndAdministrativeExpenses": 0,
        "sellingAndMarketingExpenses": 0,
        "sellingGeneralAndAdministrativeExpenses": 0,
        "otherExpenses": 0,
        "operatingExpenses": 0,
        "costAndExpenses": 0,
        "interestIncome": 0,
        "interestExpense": 0,
        "depreciationAndAmortization": 0,
        "ebitda": 315800000,
        "ebitdaratio": 1,
        "operatingIncome": 315800000,
        "operatingIncomeRatio": 1,
        "totalOtherIncomeExpensesNet": 0,
        "incomeBeforeTax": 0,
        "incomeBeforeTaxRatio": 0,
        "incomeTaxExpense": 0,
        "netIncome": 13400000,
        "netIncomeRatio": 0.0424319189,
        "eps": 0.18,
        "epsdiluted": 0.17,
        "weightedAverageShsOut": 75115000,
        "weightedAverageShsOutDil": 75115000,
        "link": "",
        "finalLink": ""
    },
    {
        "date": "1988-03-31",
        "symbol": "CR",
        "reportedCurrency": "USD",
        "cik": "0001944013",
        "fillingDate": "1988-03-31",
        "acceptedDate": "1988-03-30 19:00:00",
        "calendarYear": "1988",
        "period": "Q1",
        "revenue": 275200000,
        "costOfRevenue": 0,
        "grossProfit": 275200000,
        "grossProfitRatio": 1,
        "researchAndDevelopmentExpenses": 0,
        "generalAndAdministrativeExpenses": 0,
        "sellingAndMarketingExpenses": 0,
        "sellingGeneralAndAdministrativeExpenses": 0,
        "otherExpenses": 0,
        "operatingExpenses": 0,
        "costAndExpenses": 0,
        "interestIncome": 0,
        "interestExpense": 0,
        "depreciationAndAmortization": 0,
        "ebitda": 275200000,
        "ebitdaratio": 1,
        "operatingIncome": 275200000,
        "operatingIncomeRatio": 1,
        "totalOtherIncomeExpensesNet": 0,
        "incomeBeforeTax": 0,
        "incomeBeforeTaxRatio": 0,
        "incomeTaxExpense": 0,
        "netIncome": 0,
        "netIncomeRatio": 0,
        "eps": 0.11,
        "epsdiluted": 0.11,
        "weightedAverageShsOut": 75574000,
        "weightedAverageShsOutDil": 75574000,
        "link": "",
        "finalLink": ""
    },
    {
        "date": "1987-12-31",
        "symbol": "CR",
        "reportedCurrency": "USD",
        "cik": "0001944013",
        "fillingDate": "1987-12-31",
        "acceptedDate": "1987-12-30 19:00:00",
        "calendarYear": "1987",
        "period": "Q4",
        "revenue": 323400000,
        "costOfRevenue": 0,
        "grossProfit": 323400000,
        "grossProfitRatio": 1,
        "researchAndDevelopmentExpenses": 0,
        "generalAndAdministrativeExpenses": 0,
        "sellingAndMarketingExpenses": 0,
        "sellingGeneralAndAdministrativeExpenses": 0,
        "otherExpenses": -1179600000,
        "operatingExpenses": -1179600000,
        "costAndExpenses": -1179600000,
        "interestIncome": 0,
        "interestExpense": 0,
        "depreciationAndAmortization": 0,
        "ebitda": -856200000,
        "ebitdaratio": -2.6474953618,
        "operatingIncome": -856200000,
        "operatingIncomeRatio": -2.6474953618,
        "totalOtherIncomeExpensesNet": 0,
        "incomeBeforeTax": 0,
        "incomeBeforeTaxRatio": 0,
        "incomeTaxExpense": 0,
        "netIncome": 13500000,
        "netIncomeRatio": 0.0417439703,
        "eps": 0.19,
        "epsdiluted": 0.16,
        "weightedAverageShsOut": 75574000,
        "weightedAverageShsOutDil": 75574000,
        "link": "",
        "finalLink": ""
    },
    {
        "date": "1987-09-30",
        "symbol": "CR",
        "reportedCurrency": "USD",
        "cik": "0001944013",
        "fillingDate": "1987-09-30",
        "acceptedDate": "1987-09-29 20:00:00",
        "calendarYear": "1987",
        "period": "Q3",
        "revenue": 343600000,
        "costOfRevenue": 0,
        "grossProfit": 343600000,
        "grossProfitRatio": 1,
        "researchAndDevelopmentExpenses": 0,
        "generalAndAdministrativeExpenses": 0,
        "sellingAndMarketingExpenses": 0,
        "sellingGeneralAndAdministrativeExpenses": 0,
        "otherExpenses": 0,
        "operatingExpenses": 0,
        "costAndExpenses": 0,
        "interestIncome": 0,
        "interestExpense": 0,
        "depreciationAndAmortization": 0,
        "ebitda": 343600000,
        "ebitdaratio": 1,
        "operatingIncome": 343600000,
        "operatingIncomeRatio": 1,
        "totalOtherIncomeExpensesNet": 0,
        "incomeBeforeTax": 0,
        "incomeBeforeTaxRatio": 0,
        "incomeTaxExpense": 0,
        "netIncome": 16700000,
        "netIncomeRatio": 0.0486030268,
        "eps": 0.21,
        "epsdiluted": 0.21,
        "weightedAverageShsOut": 75574000,
        "weightedAverageShsOutDil": 75574000,
        "link": "",
        "finalLink": ""
    },
    {
        "date": "1987-06-30",
        "symbol": "CR",
        "reportedCurrency": "USD",
        "cik": "0001944013",
        "fillingDate": "1987-06-30",
        "acceptedDate": "1987-06-29 20:00:00",
        "calendarYear": "1987",
        "period": "Q2",
        "revenue": 337300000,
        "costOfRevenue": 0,
        "grossProfit": 337300000,
        "grossProfitRatio": 1,
        "researchAndDevelopmentExpenses": 0,
        "generalAndAdministrativeExpenses": 0,
        "sellingAndMarketingExpenses": 0,
        "sellingGeneralAndAdministrativeExpenses": 0,
        "otherExpenses": 0,
        "operatingExpenses": 0,
        "costAndExpenses": 0,
        "interestIncome": 0,
        "interestExpense": 0,
        "depreciationAndAmortization": 0,
        "ebitda": 337300000,
        "ebitdaratio": 1,
        "operatingIncome": 337300000,
        "operatingIncomeRatio": 1,
        "totalOtherIncomeExpensesNet": 0,
        "incomeBeforeTax": 0,
        "incomeBeforeTaxRatio": 0,
        "incomeTaxExpense": 0,
        "netIncome": 14900000,
        "netIncomeRatio": 0.0441743255,
        "eps": 0.19,
        "epsdiluted": 0.18,
        "weightedAverageShsOut": 75574000,
        "weightedAverageShsOutDil": 75574000,
        "link": "",
        "finalLink": ""
    },
    {
        "date": "1987-03-31",
        "symbol": "CR",
        "reportedCurrency": "USD",
        "cik": "0001944013",
        "fillingDate": "1987-03-31",
        "acceptedDate": "1987-03-30 19:00:00",
        "calendarYear": "1987",
        "period": "Q1",
        "revenue": 279700000,
        "costOfRevenue": 0,
        "grossProfit": 279700000,
        "grossProfitRatio": 1,
        "researchAndDevelopmentExpenses": 0,
        "generalAndAdministrativeExpenses": 0,
        "sellingAndMarketingExpenses": 0,
        "sellingGeneralAndAdministrativeExpenses": 0,
        "otherExpenses": 0,
        "operatingExpenses": 0,
        "costAndExpenses": 0,
        "interestIncome": 0,
        "interestExpense": 0,
        "depreciationAndAmortization": 0,
        "ebitda": 279700000,
        "ebitdaratio": 1,
        "operatingIncome": 279700000,
        "operatingIncomeRatio": 1,
        "totalOtherIncomeExpensesNet": 0,
        "incomeBeforeTax": 0,
        "incomeBeforeTaxRatio": 0,
        "incomeTaxExpense": 0,
        "netIncome": 5200000,
        "netIncomeRatio": 0.0185913479,
        "eps": 0.07,
        "epsdiluted": 0.07,
        "weightedAverageShsOut": 75574000,
        "weightedAverageShsOutDil": 75574000,
        "link": "",
        "finalLink": ""
    },
    {
        "date": "1986-12-31",
        "symbol": "CR",
        "reportedCurrency": "USD",
        "cik": "0001944013",
        "fillingDate": "1986-12-31",
        "acceptedDate": "1986-12-30 19:00:00",
        "calendarYear": "1986",
        "period": "Q4",
        "revenue": 311000000,
        "costOfRevenue": 0,
        "grossProfit": 311000000,
        "grossProfitRatio": 1,
        "researchAndDevelopmentExpenses": 0,
        "generalAndAdministrativeExpenses": 0,
        "sellingAndMarketingExpenses": 0,
        "sellingGeneralAndAdministrativeExpenses": 0,
        "otherExpenses": -1112800000,
        "operatingExpenses": -1112800000,
        "costAndExpenses": -1112800000,
        "interestIncome": 0,
        "interestExpense": 0,
        "depreciationAndAmortization": 0,
        "ebitda": -801800000,
        "ebitdaratio": -2.5781350482,
        "operatingIncome": -801800000,
        "operatingIncomeRatio": -2.5781350482,
        "totalOtherIncomeExpensesNet": 0,
        "incomeBeforeTax": 0,
        "incomeBeforeTaxRatio": 0,
        "incomeTaxExpense": 0,
        "netIncome": 10700000,
        "netIncomeRatio": 0.0344051447,
        "eps": 0.15,
        "epsdiluted": 0.14,
        "weightedAverageShsOut": 45055000,
        "weightedAverageShsOutDil": 45055000,
        "link": "",
        "finalLink": ""
    },
    {
        "date": "1986-09-30",
        "symbol": "CR",
        "reportedCurrency": "USD",
        "cik": "0001944013",
        "fillingDate": "1986-09-30",
        "acceptedDate": "1986-09-29 20:00:00",
        "calendarYear": "1986",
        "period": "Q3",
        "revenue": 323100000,
        "costOfRevenue": 0,
        "grossProfit": 323100000,
        "grossProfitRatio": 1,
        "researchAndDevelopmentExpenses": 0,
        "generalAndAdministrativeExpenses": 0,
        "sellingAndMarketingExpenses": 0,
        "sellingGeneralAndAdministrativeExpenses": 0,
        "otherExpenses": 0,
        "operatingExpenses": 0,
        "costAndExpenses": 0,
        "interestIncome": 0,
        "interestExpense": 0,
        "depreciationAndAmortization": 0,
        "ebitda": 323100000,
        "ebitdaratio": 1,
        "operatingIncome": 323100000,
        "operatingIncomeRatio": 1,
        "totalOtherIncomeExpensesNet": 0,
        "incomeBeforeTax": 0,
        "incomeBeforeTaxRatio": 0,
        "incomeTaxExpense": 0,
        "netIncome": 12500000,
        "netIncomeRatio": 0.0386877128,
        "eps": 0.18,
        "epsdiluted": 0.16,
        "weightedAverageShsOut": 45055000,
        "weightedAverageShsOutDil": 45055000,
        "link": "",
        "finalLink": ""
    },
    {
        "date": "1986-06-30",
        "symbol": "CR",
        "reportedCurrency": "USD",
        "cik": "0001944013",
        "fillingDate": "1986-06-30",
        "acceptedDate": "1986-06-29 20:00:00",
        "calendarYear": "1986",
        "period": "Q2",
        "revenue": 310800000,
        "costOfRevenue": 0,
        "grossProfit": 310800000,
        "grossProfitRatio": 1,
        "researchAndDevelopmentExpenses": 0,
        "generalAndAdministrativeExpenses": 0,
        "sellingAndMarketingExpenses": 0,
        "sellingGeneralAndAdministrativeExpenses": 0,
        "otherExpenses": 0,
        "operatingExpenses": 0,
        "costAndExpenses": 0,
        "interestIncome": 0,
        "interestExpense": 0,
        "depreciationAndAmortization": 0,
        "ebitda": 310800000,
        "ebitdaratio": 1,
        "operatingIncome": 310800000,
        "operatingIncomeRatio": 1,
        "totalOtherIncomeExpensesNet": 0,
        "incomeBeforeTax": 0,
        "incomeBeforeTaxRatio": 0,
        "incomeTaxExpense": 0,
        "netIncome": 11000000,
        "netIncomeRatio": 0.0353925354,
        "eps": 0.15,
        "epsdiluted": 0.14,
        "weightedAverageShsOut": 45055000,
        "weightedAverageShsOutDil": 45055000,
        "link": "",
        "finalLink": ""
    },
    {
        "date": "1986-03-31",
        "symbol": "CR",
        "reportedCurrency": "USD",
        "cik": "0001944013",
        "fillingDate": "1986-03-31",
        "acceptedDate": "1986-03-30 19:00:00",
        "calendarYear": "1986",
        "period": "Q1",
        "revenue": 259300000,
        "costOfRevenue": 0,
        "grossProfit": 259300000,
        "grossProfitRatio": 1,
        "researchAndDevelopmentExpenses": 0,
        "generalAndAdministrativeExpenses": 0,
        "sellingAndMarketingExpenses": 0,
        "sellingGeneralAndAdministrativeExpenses": 0,
        "otherExpenses": 0,
        "operatingExpenses": 0,
        "costAndExpenses": 0,
        "interestIncome": 0,
        "interestExpense": 0,
        "depreciationAndAmortization": 0,
        "ebitda": 259300000,
        "ebitdaratio": 1,
        "operatingIncome": 259300000,
        "operatingIncomeRatio": 1,
        "totalOtherIncomeExpensesNet": 0,
        "incomeBeforeTax": 0,
        "incomeBeforeTaxRatio": 0,
        "incomeTaxExpense": 0,
        "netIncome": 4200000,
        "netIncomeRatio": 0.0161974547,
        "eps": 0.06,
        "epsdiluted": 0.06,
        "weightedAverageShsOut": 45055000,
        "weightedAverageShsOutDil": 45055000,
        "link": "",
        "finalLink": ""
    },
    {
        "date": "1985-12-31",
        "symbol": "CR",
        "reportedCurrency": "USD",
        "cik": "0001944013",
        "fillingDate": "1985-12-31",
        "acceptedDate": "1985-12-30 19:00:00",
        "calendarYear": "1985",
        "period": "Q4",
        "revenue": 280200000,
        "costOfRevenue": 0,
        "grossProfit": 280200000,
        "grossProfitRatio": 1,
        "researchAndDevelopmentExpenses": 0,
        "generalAndAdministrativeExpenses": 0,
        "sellingAndMarketingExpenses": 0,
        "sellingGeneralAndAdministrativeExpenses": 0,
        "otherExpenses": -1028400000,
        "operatingExpenses": -1028400000,
        "costAndExpenses": -1028400000,
        "interestIncome": 0,
        "interestExpense": 0,
        "depreciationAndAmortization": 0,
        "ebitda": -748200000,
        "ebitdaratio": -2.670235546,
        "operatingIncome": -748200000,
        "operatingIncomeRatio": -2.670235546,
        "totalOtherIncomeExpensesNet": 0,
        "incomeBeforeTax": 0,
        "incomeBeforeTaxRatio": 0,
        "incomeTaxExpense": 0,
        "netIncome": -3500000,
        "netIncomeRatio": -0.0124910778,
        "eps": -0.06,
        "epsdiluted": -0.06,
        "weightedAverageShsOut": 45960000,
        "weightedAverageShsOutDil": 45960000,
        "link": "",
        "finalLink": ""
    },
    {
        "date": "1985-09-30",
        "symbol": "CR",
        "reportedCurrency": "USD",
        "cik": "0001944013",
        "fillingDate": "1985-09-30",
        "acceptedDate": "1985-09-29 20:00:00",
        "calendarYear": "1985",
        "period": "Q3",
        "revenue": 297400000,
        "costOfRevenue": 0,
        "grossProfit": 297400000,
        "grossProfitRatio": 1,
        "researchAndDevelopmentExpenses": 0,
        "generalAndAdministrativeExpenses": 0,
        "sellingAndMarketingExpenses": 0,
        "sellingGeneralAndAdministrativeExpenses": 0,
        "otherExpenses": 0,
        "operatingExpenses": 0,
        "costAndExpenses": 0,
        "interestIncome": 0,
        "interestExpense": 0,
        "depreciationAndAmortization": 0,
        "ebitda": 297400000,
        "ebitdaratio": 1,
        "operatingIncome": 297400000,
        "operatingIncomeRatio": 1,
        "totalOtherIncomeExpensesNet": 0,
        "incomeBeforeTax": 0,
        "incomeBeforeTaxRatio": 0,
        "incomeTaxExpense": 0,
        "netIncome": 9200000,
        "netIncomeRatio": 0.030934768,
        "eps": 0.13,
        "epsdiluted": 0.13,
        "weightedAverageShsOut": 45960000,
        "weightedAverageShsOutDil": 45960000,
        "link": "",
        "finalLink": ""
    }
]