[
    {
        "date": "2019-09-30",
        "symbol": "CRR",
        "reportedCurrency": "USD",
        "cik": "0000000000",
        "fillingDate": "2019-09-30",
        "acceptedDate": "2019-09-29 20:00:00",
        "calendarYear": "2019",
        "period": "Q3",
        "revenue": 43505000,
        "costOfRevenue": 48840000,
        "grossProfit": -5335000,
        "grossProfitRatio": -0.1226295828,
        "researchAndDevelopmentExpenses": 0,
        "generalAndAdministrativeExpenses": 10145000,
        "sellingAndMarketingExpenses": 0,
        "sellingGeneralAndAdministrativeExpenses": 10145000,
        "otherExpenses": 0,
        "operatingExpenses": 10145000,
        "costAndExpenses": 58985000,
        "interestIncome": 0,
        "interestExpense": 0,
        "depreciationAndAmortization": 8241000,
        "ebitda": -22225000,
        "ebitdaratio": -0.5108608206,
        "operatingIncome": -28803000,
        "operatingIncomeRatio": -0.662061832,
        "totalOtherIncomeExpensesNet": -1663000,
        "incomeBeforeTax": -30466000,
        "incomeBeforeTaxRatio": -0.7002873233,
        "incomeTaxExpense": -1038000,
        "netIncome": -29428000,
        "netIncomeRatio": -0.6764279968,
        "eps": -1.04,
        "epsdiluted": -1.04,
        "weightedAverageShsOut": 28245170,
        "weightedAverageShsOutDil": 28245170,
        "link": "updating...",
        "finalLink": "processing..."
    },
    {
        "date": "2019-06-30",
        "symbol": "CRR",
        "reportedCurrency": "USD",
        "cik": "0000000000",
        "fillingDate": "2019-06-30",
        "acceptedDate": "2019-06-29 20:00:00",
        "calendarYear": "2019",
        "period": "Q2",
        "revenue": 43099000,
        "costOfRevenue": 46880000,
        "grossProfit": -3781000,
        "grossProfitRatio": -0.0877282536,
        "researchAndDevelopmentExpenses": 0,
        "generalAndAdministrativeExpenses": 9782000,
        "sellingAndMarketingExpenses": 0,
        "sellingGeneralAndAdministrativeExpenses": 9782000,
        "otherExpenses": 0,
        "operatingExpenses": 9782000,
        "costAndExpenses": 56662000,
        "interestIncome": 0,
        "interestExpense": 0,
        "depreciationAndAmortization": 8601000,
        "ebitda": -7604000,
        "ebitdaratio": -0.1764310077,
        "operatingIncome": -14050000,
        "operatingIncomeRatio": -0.3259936425,
        "totalOtherIncomeExpensesNet": -2155000,
        "incomeBeforeTax": -16205000,
        "incomeBeforeTaxRatio": -0.3759948027,
        "incomeTaxExpense": 0,
        "netIncome": -16205000,
        "netIncomeRatio": -0.3759948027,
        "eps": -0.58,
        "epsdiluted": -0.58,
        "weightedAverageShsOut": 28043040,
        "weightedAverageShsOutDil": 28043040,
        "link": "updating...",
        "finalLink": "processing..."
    },
    {
        "date": "2019-03-31",
        "symbol": "CRR",
        "reportedCurrency": "USD",
        "cik": "0000000000",
        "fillingDate": "2019-03-31",
        "acceptedDate": "2019-03-30 20:00:00",
        "calendarYear": "2019",
        "period": "Q1",
        "revenue": 47458000,
        "costOfRevenue": 55308000,
        "grossProfit": -7850000,
        "grossProfitRatio": -0.1654094146,
        "researchAndDevelopmentExpenses": 0,
        "generalAndAdministrativeExpenses": 10034000,
        "sellingAndMarketingExpenses": 0,
        "sellingGeneralAndAdministrativeExpenses": 10034000,
        "otherExpenses": 0,
        "operatingExpenses": 10034000,
        "costAndExpenses": 65342000,
        "interestIncome": 0,
        "interestExpense": 0,
        "depreciationAndAmortization": 7970000,
        "ebitda": -12024000,
        "ebitdaratio": -0.2533608665,
        "operatingIncome": -18211000,
        "operatingIncomeRatio": -0.3837287707,
        "totalOtherIncomeExpensesNet": -1783000,
        "incomeBeforeTax": -19994000,
        "incomeBeforeTaxRatio": -0.4212988327,
        "incomeTaxExpense": 0,
        "netIncome": -19994000,
        "netIncomeRatio": -0.4212988327,
        "eps": -0.73,
        "epsdiluted": -0.73,
        "weightedAverageShsOut": 27464717,
        "weightedAverageShsOutDil": 27464717,
        "link": "",
        "finalLink": "processing..."
    },
    {
        "date": "2018-12-31",
        "symbol": "CRR",
        "reportedCurrency": "USD",
        "cik": "0000000000",
        "fillingDate": "2018-12-31",
        "acceptedDate": "2018-12-30 19:00:00",
        "calendarYear": "2018",
        "period": "Q4",
        "revenue": 49570000,
        "costOfRevenue": 56338000,
        "grossProfit": -6768000,
        "grossProfitRatio": -0.1365341941,
        "researchAndDevelopmentExpenses": 3823000,
        "generalAndAdministrativeExpenses": 8815000,
        "sellingAndMarketingExpenses": 0,
        "sellingGeneralAndAdministrativeExpenses": 8815000,
        "otherExpenses": 0,
        "operatingExpenses": 12638000,
        "costAndExpenses": 68976000,
        "interestIncome": 0,
        "interestExpense": 0,
        "depreciationAndAmortization": 8125000,
        "ebitda": -12431000,
        "ebitdaratio": -0.2507766794,
        "operatingIncome": -18810000,
        "operatingIncomeRatio": -0.3794633851,
        "totalOtherIncomeExpensesNet": -1746000,
        "incomeBeforeTax": -20556000,
        "incomeBeforeTaxRatio": -0.4146863022,
        "incomeTaxExpense": 1056000,
        "netIncome": -21612000,
        "netIncomeRatio": -0.4359895098,
        "eps": -0.8,
        "epsdiluted": -0.8,
        "weightedAverageShsOut": 27015994,
        "weightedAverageShsOutDil": 27015994,
        "link": "",
        "finalLink": "processing..."
    },
    {
        "date": "2018-09-30",
        "symbol": "CRR",
        "reportedCurrency": "USD",
        "cik": "0000000000",
        "fillingDate": "2018-09-30",
        "acceptedDate": "2018-09-29 20:00:00",
        "calendarYear": "2018",
        "period": "Q3",
        "revenue": 53819000,
        "costOfRevenue": 58573000,
        "grossProfit": -4754000,
        "grossProfitRatio": -0.0883331166,
        "researchAndDevelopmentExpenses": 0,
        "generalAndAdministrativeExpenses": 10120000,
        "sellingAndMarketingExpenses": 0,
        "sellingGeneralAndAdministrativeExpenses": 10120000,
        "otherExpenses": 0,
        "operatingExpenses": 10120000,
        "costAndExpenses": 68693000,
        "interestIncome": 0,
        "interestExpense": 0,
        "depreciationAndAmortization": 8856000,
        "ebitda": -8052000,
        "ebitdaratio": -0.1496125903,
        "operatingIncome": -14781000,
        "operatingIncomeRatio": -0.2746427841,
        "totalOtherIncomeExpensesNet": -2127000,
        "incomeBeforeTax": -16908000,
        "incomeBeforeTaxRatio": -0.3141641428,
        "incomeTaxExpense": -171000,
        "netIncome": -16737000,
        "netIncomeRatio": -0.3109868262,
        "eps": -0.62,
        "epsdiluted": -0.62,
        "weightedAverageShsOut": 26964330,
        "weightedAverageShsOutDil": 26964330,
        "link": "",
        "finalLink": "processing..."
    },
    {
        "date": "2018-06-30",
        "symbol": "CRR",
        "reportedCurrency": "USD",
        "cik": "0000000000",
        "fillingDate": "2018-06-30",
        "acceptedDate": "2018-06-29 20:00:00",
        "calendarYear": "2018",
        "period": "Q2",
        "revenue": 57989000,
        "costOfRevenue": 59141000,
        "grossProfit": -1152000,
        "grossProfitRatio": -0.0198658366,
        "researchAndDevelopmentExpenses": 0,
        "generalAndAdministrativeExpenses": 10071000,
        "sellingAndMarketingExpenses": 0,
        "sellingGeneralAndAdministrativeExpenses": 10071000,
        "otherExpenses": 0,
        "operatingExpenses": 10071000,
        "costAndExpenses": 69212000,
        "interestIncome": 0,
        "interestExpense": 0,
        "depreciationAndAmortization": 9115000,
        "ebitda": -5690000,
        "ebitdaratio": -0.0981220576,
        "operatingIncome": -12752000,
        "operatingIncomeRatio": -0.2199037749,
        "totalOtherIncomeExpensesNet": -2053000,
        "incomeBeforeTax": -14805000,
        "incomeBeforeTaxRatio": -0.255307041,
        "incomeTaxExpense": 7000,
        "netIncome": -14812000,
        "netIncomeRatio": -0.2554277535,
        "eps": -0.55,
        "epsdiluted": -0.55,
        "weightedAverageShsOut": 26860146,
        "weightedAverageShsOutDil": 26860146,
        "link": "",
        "finalLink": "processing..."
    },
    {
        "date": "2018-03-31",
        "symbol": "CRR",
        "reportedCurrency": "USD",
        "cik": "0000000000",
        "fillingDate": "2018-03-31",
        "acceptedDate": "2018-03-30 20:00:00",
        "calendarYear": "2018",
        "period": "Q1",
        "revenue": 49367000,
        "costOfRevenue": 59382000,
        "grossProfit": -10015000,
        "grossProfitRatio": -0.2028683128,
        "researchAndDevelopmentExpenses": 0,
        "generalAndAdministrativeExpenses": 10221000,
        "sellingAndMarketingExpenses": 0,
        "sellingGeneralAndAdministrativeExpenses": 10221000,
        "otherExpenses": 0,
        "operatingExpenses": 10221000,
        "costAndExpenses": 69603000,
        "interestIncome": 0,
        "interestExpense": 0,
        "depreciationAndAmortization": 9194000,
        "ebitda": -13078000,
        "ebitdaratio": -0.2649138088,
        "operatingIncome": -20232000,
        "operatingIncomeRatio": -0.4098284279,
        "totalOtherIncomeExpensesNet": -2040000,
        "incomeBeforeTax": -22272000,
        "incomeBeforeTaxRatio": -0.451151579,
        "incomeTaxExpense": 0,
        "netIncome": -22272000,
        "netIncomeRatio": -0.451151579,
        "eps": -0.83,
        "epsdiluted": -0.83,
        "weightedAverageShsOut": 26788591,
        "weightedAverageShsOutDil": 26788591,
        "link": "",
        "finalLink": "processing..."
    },
    {
        "date": "2017-12-31",
        "symbol": "CRR",
        "reportedCurrency": "USD",
        "cik": "0000000000",
        "fillingDate": "2017-12-31",
        "acceptedDate": "2017-12-30 19:00:00",
        "calendarYear": "2017",
        "period": "Q4",
        "revenue": 60341000,
        "costOfRevenue": 66252000,
        "grossProfit": -5911000,
        "grossProfitRatio": -0.0979599277,
        "researchAndDevelopmentExpenses": 4417000,
        "generalAndAdministrativeExpenses": 11337000,
        "sellingAndMarketingExpenses": 0,
        "sellingGeneralAndAdministrativeExpenses": 11337000,
        "otherExpenses": 0,
        "operatingExpenses": 15754000,
        "costAndExpenses": 82006000,
        "interestIncome": 0,
        "interestExpense": 0,
        "depreciationAndAmortization": 9532000,
        "ebitda": -9353000,
        "ebitdaratio": -0.155002403,
        "operatingIncome": -17307000,
        "operatingIncomeRatio": -0.2868199069,
        "totalOtherIncomeExpensesNet": -1578000,
        "incomeBeforeTax": -18885000,
        "incomeBeforeTaxRatio": -0.3129712799,
        "incomeTaxExpense": -1500000,
        "netIncome": -17385000,
        "netIncomeRatio": -0.2881125603,
        "eps": -0.65,
        "epsdiluted": -0.65,
        "weightedAverageShsOut": 26664247,
        "weightedAverageShsOutDil": 26664247,
        "link": "",
        "finalLink": "processing..."
    },
    {
        "date": "2017-09-30",
        "symbol": "CRR",
        "reportedCurrency": "USD",
        "cik": "0000000000",
        "fillingDate": "2017-09-30",
        "acceptedDate": "2017-09-29 20:00:00",
        "calendarYear": "2017",
        "period": "Q3",
        "revenue": 50173000,
        "costOfRevenue": 64696000,
        "grossProfit": -14523000,
        "grossProfitRatio": -0.2894584737,
        "researchAndDevelopmentExpenses": 0,
        "generalAndAdministrativeExpenses": 10134000,
        "sellingAndMarketingExpenses": 0,
        "sellingGeneralAndAdministrativeExpenses": 10134000,
        "otherExpenses": 0,
        "operatingExpenses": 10134000,
        "costAndExpenses": 74830000,
        "interestIncome": 0,
        "interestExpense": 0,
        "depreciationAndAmortization": 11704000,
        "ebitda": -167077000,
        "ebitdaratio": -3.3300181372,
        "operatingIncome": -177123000,
        "operatingIncomeRatio": -3.5302453511,
        "totalOtherIncomeExpensesNet": -1658000,
        "incomeBeforeTax": -178781000,
        "incomeBeforeTaxRatio": -3.5632910131,
        "incomeTaxExpense": -316000,
        "netIncome": -178465000,
        "netIncomeRatio": -3.5569928049,
        "eps": -6.7,
        "epsdiluted": -6.7,
        "weightedAverageShsOut": 26654728,
        "weightedAverageShsOutDil": 26654728,
        "link": "",
        "finalLink": "processing..."
    },
    {
        "date": "2017-06-30",
        "symbol": "CRR",
        "reportedCurrency": "USD",
        "cik": "0000000000",
        "fillingDate": "2017-06-30",
        "acceptedDate": "2017-06-29 20:00:00",
        "calendarYear": "2017",
        "period": "Q2",
        "revenue": 43572000,
        "costOfRevenue": 57005000,
        "grossProfit": -13433000,
        "grossProfitRatio": -0.3082943175,
        "researchAndDevelopmentExpenses": 0,
        "generalAndAdministrativeExpenses": 10265000,
        "sellingAndMarketingExpenses": 0,
        "sellingGeneralAndAdministrativeExpenses": 10265000,
        "otherExpenses": 0,
        "operatingExpenses": 10265000,
        "costAndExpenses": 67270000,
        "interestIncome": 0,
        "interestExpense": 0,
        "depreciationAndAmortization": 11671000,
        "ebitda": -13650000,
        "ebitdaratio": -0.31327458,
        "operatingIncome": -23698000,
        "operatingIncomeRatio": -0.5438813917,
        "totalOtherIncomeExpensesNet": -1623000,
        "incomeBeforeTax": -25321000,
        "incomeBeforeTaxRatio": -0.5811300835,
        "incomeTaxExpense": -499000,
        "netIncome": -24822000,
        "netIncomeRatio": -0.5696777747,
        "eps": -0.93,
        "epsdiluted": -0.93,
        "weightedAverageShsOut": 26636394,
        "weightedAverageShsOutDil": 26636394,
        "link": "",
        "finalLink": "processing..."
    },
    {
        "date": "2017-03-31",
        "symbol": "CRR",
        "reportedCurrency": "USD",
        "cik": "0000000000",
        "fillingDate": "2017-03-31",
        "acceptedDate": "2017-03-30 20:00:00",
        "calendarYear": "2017",
        "period": "Q1",
        "revenue": 34670000,
        "costOfRevenue": 54128000,
        "grossProfit": -19458000,
        "grossProfitRatio": -0.5612344967,
        "researchAndDevelopmentExpenses": 0,
        "generalAndAdministrativeExpenses": 10797000,
        "sellingAndMarketingExpenses": 0,
        "sellingGeneralAndAdministrativeExpenses": 10797000,
        "otherExpenses": 0,
        "operatingExpenses": 10797000,
        "costAndExpenses": 64925000,
        "interestIncome": 0,
        "interestExpense": 0,
        "depreciationAndAmortization": 12430000,
        "ebitda": -19726000,
        "ebitdaratio": -0.5689645226,
        "operatingIncome": -30255000,
        "operatingIncomeRatio": -0.8726564753,
        "totalOtherIncomeExpensesNet": -1901000,
        "incomeBeforeTax": -32156000,
        "incomeBeforeTaxRatio": -0.9274877416,
        "incomeTaxExpense": 288000,
        "netIncome": -32444000,
        "netIncomeRatio": -0.9357946351,
        "eps": -1.22,
        "epsdiluted": -1.22,
        "weightedAverageShsOut": 26607377,
        "weightedAverageShsOutDil": 26607377,
        "link": "",
        "finalLink": "processing..."
    },
    {
        "date": "2016-12-31",
        "symbol": "CRR",
        "reportedCurrency": "USD",
        "cik": "0000000000",
        "fillingDate": "2016-12-31",
        "acceptedDate": "2016-12-30 19:00:00",
        "calendarYear": "2016",
        "period": "Q4",
        "revenue": 29058000,
        "costOfRevenue": 49553000,
        "grossProfit": -20495000,
        "grossProfitRatio": -0.7053135109,
        "researchAndDevelopmentExpenses": 3817000,
        "generalAndAdministrativeExpenses": 8836000,
        "sellingAndMarketingExpenses": 0,
        "sellingGeneralAndAdministrativeExpenses": 8836000,
        "otherExpenses": 0,
        "operatingExpenses": 12653000,
        "costAndExpenses": 62206000,
        "interestIncome": 0,
        "interestExpense": 0,
        "depreciationAndAmortization": 11952000,
        "ebitda": -18953000,
        "ebitdaratio": -0.6522472297,
        "operatingIncome": -29325000,
        "operatingIncomeRatio": -1.0091885195,
        "totalOtherIncomeExpensesNet": -1580000,
        "incomeBeforeTax": -30905000,
        "incomeBeforeTaxRatio": -1.0635625301,
        "incomeTaxExpense": -15708000,
        "netIncome": -15197000,
        "netIncomeRatio": -0.5229885057,
        "eps": -0.62,
        "epsdiluted": -0.0006,
        "weightedAverageShsOut": 24377839,
        "weightedAverageShsOutDil": 24377839000,
        "link": "",
        "finalLink": "processing..."
    },
    {
        "date": "2016-09-30",
        "symbol": "CRR",
        "reportedCurrency": "USD",
        "cik": "0000000000",
        "fillingDate": "2016-09-30",
        "acceptedDate": "2016-09-29 20:00:00",
        "calendarYear": "2016",
        "period": "Q3",
        "revenue": 20240000,
        "costOfRevenue": 41106000,
        "grossProfit": -20866000,
        "grossProfitRatio": -1.0309288538,
        "researchAndDevelopmentExpenses": 0,
        "generalAndAdministrativeExpenses": 9639000,
        "sellingAndMarketingExpenses": 0,
        "sellingGeneralAndAdministrativeExpenses": 9639000,
        "otherExpenses": 0,
        "operatingExpenses": 9639000,
        "costAndExpenses": 50745000,
        "interestIncome": 0,
        "interestExpense": 0,
        "depreciationAndAmortization": 12051000,
        "ebitda": -19829000,
        "ebitdaratio": -0.9796936759,
        "operatingIncome": -30490000,
        "operatingIncomeRatio": -1.5064229249,
        "totalOtherIncomeExpensesNet": -1390000,
        "incomeBeforeTax": -31880000,
        "incomeBeforeTaxRatio": -1.5750988142,
        "incomeTaxExpense": -11930000,
        "netIncome": -19950000,
        "netIncomeRatio": -0.9856719368,
        "eps": -0.84,
        "epsdiluted": -0.84,
        "weightedAverageShsOut": 23651332,
        "weightedAverageShsOutDil": 23651332,
        "link": "",
        "finalLink": "processing..."
    },
    {
        "date": "2016-06-30",
        "symbol": "CRR",
        "reportedCurrency": "USD",
        "cik": "0000000000",
        "fillingDate": "2016-06-30",
        "acceptedDate": "2016-06-29 20:00:00",
        "calendarYear": "2016",
        "period": "Q2",
        "revenue": 20651000,
        "costOfRevenue": 40663000,
        "grossProfit": -20012000,
        "grossProfitRatio": -0.9690571885,
        "researchAndDevelopmentExpenses": 0,
        "generalAndAdministrativeExpenses": 10034000,
        "sellingAndMarketingExpenses": 0,
        "sellingGeneralAndAdministrativeExpenses": 10034000,
        "otherExpenses": 0,
        "operatingExpenses": 10034000,
        "costAndExpenses": 50697000,
        "interestIncome": 0,
        "interestExpense": 0,
        "depreciationAndAmortization": 12157000,
        "ebitda": -19481000,
        "ebitdaratio": -0.943344148,
        "operatingIncome": -30023000,
        "operatingIncomeRatio": -1.4538279018,
        "totalOtherIncomeExpensesNet": -1615000,
        "incomeBeforeTax": -31638000,
        "incomeBeforeTaxRatio": -1.5320323471,
        "incomeTaxExpense": -11342000,
        "netIncome": -20296000,
        "netIncomeRatio": -0.9828095492,
        "eps": -0.88,
        "epsdiluted": -0.88,
        "weightedAverageShsOut": 23085725,
        "weightedAverageShsOutDil": 23085725,
        "link": "",
        "finalLink": "processing..."
    },
    {
        "date": "2016-03-31",
        "symbol": "CRR",
        "reportedCurrency": "USD",
        "cik": "0000000000",
        "fillingDate": "2016-03-31",
        "acceptedDate": "2016-03-30 20:00:00",
        "calendarYear": "2016",
        "period": "Q1",
        "revenue": 33102000,
        "costOfRevenue": 56743000,
        "grossProfit": -23641000,
        "grossProfitRatio": -0.714186454,
        "researchAndDevelopmentExpenses": 0,
        "generalAndAdministrativeExpenses": 11475000,
        "sellingAndMarketingExpenses": 0,
        "sellingGeneralAndAdministrativeExpenses": 11475000,
        "otherExpenses": 0,
        "operatingExpenses": 11475000,
        "costAndExpenses": 68218000,
        "interestIncome": 0,
        "interestExpense": 0,
        "depreciationAndAmortization": 12291000,
        "ebitda": -24494000,
        "ebitdaratio": -0.7399552897,
        "operatingIncome": -36064000,
        "operatingIncomeRatio": -1.0894809981,
        "totalOtherIncomeExpensesNet": -721000,
        "incomeBeforeTax": -36785000,
        "incomeBeforeTaxRatio": -1.1112621594,
        "incomeTaxExpense": -12101000,
        "netIncome": -24684000,
        "netIncomeRatio": -0.7456951242,
        "eps": -1.07,
        "epsdiluted": -1.07,
        "weightedAverageShsOut": 23062560,
        "weightedAverageShsOutDil": 23062560,
        "link": "",
        "finalLink": ""
    },
    {
        "date": "2015-12-31",
        "symbol": "CRR",
        "reportedCurrency": "USD",
        "cik": "0000000000",
        "fillingDate": "2015-12-31",
        "acceptedDate": "2015-12-30 19:00:00",
        "calendarYear": "2015",
        "period": "Q4",
        "revenue": 56768000,
        "costOfRevenue": 71996000,
        "grossProfit": -15228000,
        "grossProfitRatio": -0.2682497182,
        "researchAndDevelopmentExpenses": 7047000,
        "generalAndAdministrativeExpenses": 16297000,
        "sellingAndMarketingExpenses": 0,
        "sellingGeneralAndAdministrativeExpenses": 16297000,
        "otherExpenses": 0,
        "operatingExpenses": 23344000,
        "costAndExpenses": 95340000,
        "interestIncome": 0,
        "interestExpense": 0,
        "depreciationAndAmortization": 13564000,
        "ebitda": -63335000,
        "ebitdaratio": -1.1156813698,
        "operatingIncome": -76581000,
        "operatingIncomeRatio": -1.3490170519,
        "totalOtherIncomeExpensesNet": -318000,
        "incomeBeforeTax": -76899000,
        "incomeBeforeTaxRatio": -1.3546187993,
        "incomeTaxExpense": -26859000,
        "netIncome": -50040000,
        "netIncomeRatio": -0.8814825254,
        "eps": -2.18,
        "epsdiluted": -2.18,
        "weightedAverageShsOut": 22999318,
        "weightedAverageShsOutDil": 22999318,
        "link": "",
        "finalLink": ""
    },
    {
        "date": "2015-09-30",
        "symbol": "CRR",
        "reportedCurrency": "USD",
        "cik": "0000000000",
        "fillingDate": "2015-09-30",
        "acceptedDate": "2015-09-29 20:00:00",
        "calendarYear": "2015",
        "period": "Q3",
        "revenue": 75807000,
        "costOfRevenue": 80404000,
        "grossProfit": -4597000,
        "grossProfitRatio": -0.0606408379,
        "researchAndDevelopmentExpenses": 0,
        "generalAndAdministrativeExpenses": 45902000,
        "sellingAndMarketingExpenses": -31129000,
        "sellingGeneralAndAdministrativeExpenses": 14773000,
        "otherExpenses": 0,
        "operatingExpenses": 14773000,
        "costAndExpenses": 95177000,
        "interestIncome": 0,
        "interestExpense": 0,
        "depreciationAndAmortization": 13887000,
        "ebitda": -5398000,
        "ebitdaratio": -0.0712071445,
        "operatingIncome": -19222000,
        "operatingIncomeRatio": -0.2535649742,
        "totalOtherIncomeExpensesNet": -63000,
        "incomeBeforeTax": -19285000,
        "incomeBeforeTaxRatio": -0.254396032,
        "incomeTaxExpense": -5387000,
        "netIncome": -13898000,
        "netIncomeRatio": -0.1833339929,
        "eps": -0.6,
        "epsdiluted": -0.6,
        "weightedAverageShsOut": 22994445,
        "weightedAverageShsOutDil": 22994445,
        "link": "",
        "finalLink": ""
    },
    {
        "date": "2015-06-30",
        "symbol": "CRR",
        "reportedCurrency": "USD",
        "cik": "0000000000",
        "fillingDate": "2015-06-30",
        "acceptedDate": "2015-06-29 20:00:00",
        "calendarYear": "2015",
        "period": "Q2",
        "revenue": 73252000,
        "costOfRevenue": 83554000,
        "grossProfit": -10302000,
        "grossProfitRatio": -0.1406377983,
        "researchAndDevelopmentExpenses": 0,
        "generalAndAdministrativeExpenses": 0,
        "sellingAndMarketingExpenses": 0,
        "sellingGeneralAndAdministrativeExpenses": 14614000,
        "otherExpenses": 0,
        "operatingExpenses": 14614000,
        "costAndExpenses": 98168000,
        "interestIncome": 0,
        "interestExpense": 0,
        "depreciationAndAmortization": 14012000,
        "ebitda": -10909000,
        "ebitdaratio": -0.1489242615,
        "operatingIncome": -24916000,
        "operatingIncomeRatio": -0.3401408835,
        "totalOtherIncomeExpensesNet": -5000,
        "incomeBeforeTax": -24921000,
        "incomeBeforeTaxRatio": -0.340209141,
        "incomeTaxExpense": -7917000,
        "netIncome": -17004000,
        "netIncomeRatio": -0.2321301807,
        "eps": -0.74,
        "epsdiluted": -0.74,
        "weightedAverageShsOut": 22987086,
        "weightedAverageShsOutDil": 22987086,
        "link": "",
        "finalLink": ""
    },
    {
        "date": "2015-03-31",
        "symbol": "CRR",
        "reportedCurrency": "USD",
        "cik": "0000000000",
        "fillingDate": "2015-03-31",
        "acceptedDate": "2015-03-30 20:00:00",
        "calendarYear": "2015",
        "period": "Q1",
        "revenue": 73747000,
        "costOfRevenue": 99745000,
        "grossProfit": -25998000,
        "grossProfitRatio": -0.3525295944,
        "researchAndDevelopmentExpenses": 0,
        "generalAndAdministrativeExpenses": 0,
        "sellingAndMarketingExpenses": 0,
        "sellingGeneralAndAdministrativeExpenses": 16515000,
        "otherExpenses": 0,
        "operatingExpenses": 16515000,
        "costAndExpenses": 116260000,
        "interestIncome": 0,
        "interestExpense": 0,
        "depreciationAndAmortization": 12994000,
        "ebitda": -29650000,
        "ebitdaratio": -0.4020502529,
        "operatingIncome": -42513000,
        "operatingIncomeRatio": -0.5764709073,
        "totalOtherIncomeExpensesNet": -131000,
        "incomeBeforeTax": -42644000,
        "incomeBeforeTaxRatio": -0.5782472507,
        "incomeTaxExpense": -14042000,
        "netIncome": -28602000,
        "netIncomeRatio": -0.3878395053,
        "eps": -1.24,
        "epsdiluted": -1.24,
        "weightedAverageShsOut": 22974880,
        "weightedAverageShsOutDil": 22974880,
        "link": "",
        "finalLink": ""
    },
    {
        "date": "2014-12-31",
        "symbol": "CRR",
        "reportedCurrency": "USD",
        "cik": "0000000000",
        "fillingDate": "2014-12-31",
        "acceptedDate": "2014-12-30 19:00:00",
        "calendarYear": "2014",
        "period": "Q4",
        "revenue": 167798000,
        "costOfRevenue": 126680000,
        "grossProfit": 41118000,
        "grossProfitRatio": 0.245044637,
        "researchAndDevelopmentExpenses": 10855000,
        "generalAndAdministrativeExpenses": 18575000,
        "sellingAndMarketingExpenses": 0,
        "sellingGeneralAndAdministrativeExpenses": 18575000,
        "otherExpenses": 0,
        "operatingExpenses": 29430000,
        "costAndExpenses": 156110000,
        "interestIncome": 0,
        "interestExpense": 0,
        "depreciationAndAmortization": 13801000,
        "ebitda": 25803000,
        "ebitdaratio": 0.1537741809,
        "operatingIncome": 12328000,
        "operatingIncomeRatio": 0.0734692905,
        "totalOtherIncomeExpensesNet": -326000,
        "incomeBeforeTax": 12002000,
        "incomeBeforeTaxRatio": 0.0715264783,
        "incomeTaxExpense": 11603000,
        "netIncome": 399000,
        "netIncomeRatio": 0.0023778591,
        "eps": 0.0174,
        "epsdiluted": 0.0174,
        "weightedAverageShsOut": 22946395,
        "weightedAverageShsOutDil": 22946395,
        "link": "",
        "finalLink": ""
    },
    {
        "date": "2014-09-30",
        "symbol": "CRR",
        "reportedCurrency": "USD",
        "cik": "0000000000",
        "fillingDate": "2014-09-30",
        "acceptedDate": "2014-09-29 20:00:00",
        "calendarYear": "2014",
        "period": "Q3",
        "revenue": 155402000,
        "costOfRevenue": 113252000,
        "grossProfit": 42150000,
        "grossProfitRatio": 0.2712320305,
        "researchAndDevelopmentExpenses": 0,
        "generalAndAdministrativeExpenses": 53960000,
        "sellingAndMarketingExpenses": -35681000,
        "sellingGeneralAndAdministrativeExpenses": 18279000,
        "otherExpenses": 0,
        "operatingExpenses": 18279000,
        "costAndExpenses": 131531000,
        "interestIncome": 0,
        "interestExpense": 0,
        "depreciationAndAmortization": 13353000,
        "ebitda": 32410000,
        "ebitdaratio": 0.2085558744,
        "operatingIncome": 19007000,
        "operatingIncomeRatio": 0.1223085932,
        "totalOtherIncomeExpensesNet": 50000,
        "incomeBeforeTax": 19057000,
        "incomeBeforeTaxRatio": 0.1226303394,
        "incomeTaxExpense": 5312000,
        "netIncome": 13745000,
        "netIncomeRatio": 0.0884480251,
        "eps": 0.6,
        "epsdiluted": 0.6,
        "weightedAverageShsOut": 22946956,
        "weightedAverageShsOutDil": 22946956,
        "link": "",
        "finalLink": ""
    },
    {
        "date": "2014-06-30",
        "symbol": "CRR",
        "reportedCurrency": "USD",
        "cik": "0000000000",
        "fillingDate": "2014-06-30",
        "acceptedDate": "2014-06-29 20:00:00",
        "calendarYear": "2014",
        "period": "Q2",
        "revenue": 176561000,
        "costOfRevenue": 122913000,
        "grossProfit": 53648000,
        "grossProfitRatio": 0.303849661,
        "researchAndDevelopmentExpenses": 0,
        "generalAndAdministrativeExpenses": 0,
        "sellingAndMarketingExpenses": 0,
        "sellingGeneralAndAdministrativeExpenses": 18728000,
        "otherExpenses": 0,
        "operatingExpenses": 18728000,
        "costAndExpenses": 141641000,
        "interestIncome": 0,
        "interestExpense": 0,
        "depreciationAndAmortization": 11903000,
        "ebitda": 46212000,
        "ebitdaratio": 0.261733905,
        "operatingIncome": 34109000,
        "operatingIncomeRatio": 0.193185358,
        "totalOtherIncomeExpensesNet": 200000,
        "incomeBeforeTax": 34309000,
        "incomeBeforeTaxRatio": 0.194318111,
        "incomeTaxExpense": 11292000,
        "netIncome": 23017000,
        "netIncomeRatio": 0.1303628774,
        "eps": 1,
        "epsdiluted": 1,
        "weightedAverageShsOut": 22948032,
        "weightedAverageShsOutDil": 22948032,
        "link": "",
        "finalLink": ""
    },
    {
        "date": "2014-03-31",
        "symbol": "CRR",
        "reportedCurrency": "USD",
        "cik": "0000000000",
        "fillingDate": "2014-03-31",
        "acceptedDate": "2014-03-30 20:00:00",
        "calendarYear": "2014",
        "period": "Q1",
        "revenue": 148564000,
        "costOfRevenue": 104200000,
        "grossProfit": 44364000,
        "grossProfitRatio": 0.2986187771,
        "researchAndDevelopmentExpenses": 0,
        "generalAndAdministrativeExpenses": 0,
        "sellingAndMarketingExpenses": 0,
        "sellingGeneralAndAdministrativeExpenses": 16953000,
        "otherExpenses": 0,
        "operatingExpenses": 16953000,
        "costAndExpenses": 121153000,
        "interestIncome": 0,
        "interestExpense": 0,
        "depreciationAndAmortization": 11803000,
        "ebitda": 39306000,
        "ebitdaratio": 0.264572844,
        "operatingIncome": 27411000,
        "operatingIncomeRatio": 0.1845063407,
        "totalOtherIncomeExpensesNet": 92000,
        "incomeBeforeTax": 27503000,
        "incomeBeforeTaxRatio": 0.1851256024,
        "incomeTaxExpense": 9076000,
        "netIncome": 18427000,
        "netIncomeRatio": 0.1240340863,
        "eps": 0.8,
        "epsdiluted": 0.8,
        "weightedAverageShsOut": 22948109,
        "weightedAverageShsOutDil": 22948109,
        "link": "",
        "finalLink": ""
    },
    {
        "date": "2013-12-31",
        "symbol": "CRR",
        "reportedCurrency": "USD",
        "cik": "0000000000",
        "fillingDate": "2013-12-31",
        "acceptedDate": "2013-12-30 19:00:00",
        "calendarYear": "2013",
        "period": "Q4",
        "revenue": 164519000,
        "costOfRevenue": 116001000,
        "grossProfit": 48518000,
        "grossProfitRatio": 0.2949081869,
        "researchAndDevelopmentExpenses": 8416000,
        "generalAndAdministrativeExpenses": 68447000,
        "sellingAndMarketingExpenses": -51013000,
        "sellingGeneralAndAdministrativeExpenses": 17434000,
        "otherExpenses": 0,
        "operatingExpenses": 25850000,
        "costAndExpenses": 141851000,
        "interestIncome": 0,
        "interestExpense": 0,
        "depreciationAndAmortization": 12326000,
        "ebitda": 43536000,
        "ebitdaratio": 0.2646259703,
        "operatingIncome": 31127000,
        "operatingIncomeRatio": 0.1892000316,
        "totalOtherIncomeExpensesNet": 83000,
        "incomeBeforeTax": 31210000,
        "incomeBeforeTaxRatio": 0.1897045326,
        "incomeTaxExpense": 10355000,
        "netIncome": 20855000,
        "netIncomeRatio": 0.1267634741,
        "eps": 0.91,
        "epsdiluted": 0.91,
        "weightedAverageShsOut": 22957013,
        "weightedAverageShsOutDil": 22957013,
        "link": "",
        "finalLink": ""
    },
    {
        "date": "2013-09-30",
        "symbol": "CRR",
        "reportedCurrency": "USD",
        "cik": "0000000000",
        "fillingDate": "2013-09-30",
        "acceptedDate": "2013-09-29 20:00:00",
        "calendarYear": "2013",
        "period": "Q3",
        "revenue": 201477000,
        "costOfRevenue": 138718000,
        "grossProfit": 62759000,
        "grossProfitRatio": 0.3114946123,
        "researchAndDevelopmentExpenses": 0,
        "generalAndAdministrativeExpenses": 0,
        "sellingAndMarketingExpenses": 0,
        "sellingGeneralAndAdministrativeExpenses": 18562000,
        "otherExpenses": 0,
        "operatingExpenses": 18562000,
        "costAndExpenses": 157280000,
        "interestIncome": 0,
        "interestExpense": 0,
        "depreciationAndAmortization": 11752000,
        "ebitda": 56151000,
        "ebitdaratio": 0.278696824,
        "operatingIncome": 44197000,
        "operatingIncomeRatio": 0.2193649896,
        "totalOtherIncomeExpensesNet": 202000,
        "incomeBeforeTax": 44399000,
        "incomeBeforeTaxRatio": 0.2203675854,
        "incomeTaxExpense": 14251000,
        "netIncome": 30148000,
        "netIncomeRatio": 0.1496349459,
        "eps": 1.31,
        "epsdiluted": 1.31,
        "weightedAverageShsOut": 22961251,
        "weightedAverageShsOutDil": 22961251,
        "link": "updating...",
        "finalLink": ""
    },
    {
        "date": "2013-06-30",
        "symbol": "CRR",
        "reportedCurrency": "USD",
        "cik": "0000000000",
        "fillingDate": "2013-06-30",
        "acceptedDate": "2013-06-29 20:00:00",
        "calendarYear": "2013",
        "period": "Q2",
        "revenue": 153745000,
        "costOfRevenue": 114411000,
        "grossProfit": 39334000,
        "grossProfitRatio": 0.2558392143,
        "researchAndDevelopmentExpenses": 0,
        "generalAndAdministrativeExpenses": 0,
        "sellingAndMarketingExpenses": 0,
        "sellingGeneralAndAdministrativeExpenses": 15458000,
        "otherExpenses": 0,
        "operatingExpenses": 15458000,
        "costAndExpenses": 129869000,
        "interestIncome": 0,
        "interestExpense": 0,
        "depreciationAndAmortization": 11486000,
        "ebitda": 35575000,
        "ebitdaratio": 0.2313896387,
        "operatingIncome": 23876000,
        "operatingIncomeRatio": 0.1552961072,
        "totalOtherIncomeExpensesNet": 213000,
        "incomeBeforeTax": 24089000,
        "incomeBeforeTaxRatio": 0.1566815181,
        "incomeTaxExpense": 7783000,
        "netIncome": 16306000,
        "netIncomeRatio": 0.1060587336,
        "eps": 0.71,
        "epsdiluted": 0.71,
        "weightedAverageShsOut": 22971649,
        "weightedAverageShsOutDil": 22971649,
        "link": "updating...",
        "finalLink": ""
    },
    {
        "date": "2013-03-31",
        "symbol": "CRR",
        "reportedCurrency": "USD",
        "cik": "0000000000",
        "fillingDate": "2013-03-31",
        "acceptedDate": "2013-03-30 20:00:00",
        "calendarYear": "2013",
        "period": "Q1",
        "revenue": 147657000,
        "costOfRevenue": 105273000,
        "grossProfit": 42384000,
        "grossProfitRatio": 0.2870436214,
        "researchAndDevelopmentExpenses": 0,
        "generalAndAdministrativeExpenses": 0,
        "sellingAndMarketingExpenses": 0,
        "sellingGeneralAndAdministrativeExpenses": 16993000,
        "otherExpenses": 0,
        "operatingExpenses": 16993000,
        "costAndExpenses": 122266000,
        "interestIncome": 0,
        "interestExpense": 0,
        "depreciationAndAmortization": 11908000,
        "ebitda": 37411000,
        "ebitdaratio": 0.2533642157,
        "operatingIncome": 25391000,
        "operatingIncomeRatio": 0.1719593382,
        "totalOtherIncomeExpensesNet": 112000,
        "incomeBeforeTax": 25503000,
        "incomeBeforeTaxRatio": 0.1727178529,
        "incomeTaxExpense": 7926000,
        "netIncome": 17577000,
        "netIncomeRatio": 0.1190393954,
        "eps": 0.76,
        "epsdiluted": 0.76,
        "weightedAverageShsOut": 22990048,
        "weightedAverageShsOutDil": 22990048,
        "link": "updating...",
        "finalLink": ""
    },
    {
        "date": "2012-12-31",
        "symbol": "CRR",
        "reportedCurrency": "USD",
        "cik": "0000000000",
        "fillingDate": "2012-12-31",
        "acceptedDate": "2012-12-30 19:00:00",
        "calendarYear": "2012",
        "period": "Q4",
        "revenue": 153622000,
        "costOfRevenue": 107984000,
        "grossProfit": 45638000,
        "grossProfitRatio": 0.2970798453,
        "researchAndDevelopmentExpenses": 6916000,
        "generalAndAdministrativeExpenses": 15232000,
        "sellingAndMarketingExpenses": 0,
        "sellingGeneralAndAdministrativeExpenses": 15232000,
        "otherExpenses": 0,
        "operatingExpenses": 22148000,
        "costAndExpenses": 130132000,
        "interestIncome": 0,
        "interestExpense": 0,
        "depreciationAndAmortization": 11560000,
        "ebitda": 41403000,
        "ebitdaratio": 0.2695121792,
        "operatingIncome": 29876000,
        "operatingIncomeRatio": 0.1944773535,
        "totalOtherIncomeExpensesNet": -33000,
        "incomeBeforeTax": 29843000,
        "incomeBeforeTaxRatio": 0.1942625405,
        "incomeTaxExpense": 10016000,
        "netIncome": 19827000,
        "netIncomeRatio": 0.1290635456,
        "eps": 0.86,
        "epsdiluted": 0.86,
        "weightedAverageShsOut": 22968696,
        "weightedAverageShsOutDil": 22969321,
        "link": "updating...",
        "finalLink": ""
    },
    {
        "date": "2012-09-30",
        "symbol": "CRR",
        "reportedCurrency": "USD",
        "cik": "0000000000",
        "fillingDate": "2012-09-30",
        "acceptedDate": "2012-09-29 20:00:00",
        "calendarYear": "2012",
        "period": "Q3",
        "revenue": 151134000,
        "costOfRevenue": 100984000,
        "grossProfit": 50150000,
        "grossProfitRatio": 0.3318247383,
        "researchAndDevelopmentExpenses": 0,
        "generalAndAdministrativeExpenses": 15093000,
        "sellingAndMarketingExpenses": 0,
        "sellingGeneralAndAdministrativeExpenses": 15093000,
        "otherExpenses": 0,
        "operatingExpenses": 15093000,
        "costAndExpenses": 116077000,
        "interestIncome": 0,
        "interestExpense": 0,
        "depreciationAndAmortization": 11532000,
        "ebitda": 46387000,
        "ebitdaratio": 0.3069263038,
        "operatingIncome": 35015000,
        "operatingIncomeRatio": 0.2316818188,
        "totalOtherIncomeExpensesNet": -160000,
        "incomeBeforeTax": 34855000,
        "incomeBeforeTaxRatio": 0.2306231556,
        "incomeTaxExpense": 10957000,
        "netIncome": 23898000,
        "netIncomeRatio": 0.1581245782,
        "eps": 1.04,
        "epsdiluted": 1.04,
        "weightedAverageShsOut": 22966134,
        "weightedAverageShsOutDil": 22966967,
        "link": "updating...",
        "finalLink": ""
    },
    {
        "date": "2012-06-30",
        "symbol": "CRR",
        "reportedCurrency": "USD",
        "cik": "0000000000",
        "fillingDate": "2012-06-30",
        "acceptedDate": "2012-06-29 20:00:00",
        "calendarYear": "2012",
        "period": "Q2",
        "revenue": 177614000,
        "costOfRevenue": 113361000,
        "grossProfit": 64253000,
        "grossProfitRatio": 0.3617563931,
        "researchAndDevelopmentExpenses": 0,
        "generalAndAdministrativeExpenses": 17056000,
        "sellingAndMarketingExpenses": 0,
        "sellingGeneralAndAdministrativeExpenses": 17056000,
        "otherExpenses": 0,
        "operatingExpenses": 17056000,
        "costAndExpenses": 130417000,
        "interestIncome": 0,
        "interestExpense": 0,
        "depreciationAndAmortization": 11197000,
        "ebitda": 59082000,
        "ebitdaratio": 0.3326426971,
        "operatingIncome": 47250000,
        "operatingIncomeRatio": 0.2660263268,
        "totalOtherIncomeExpensesNet": 635000,
        "incomeBeforeTax": 47885000,
        "incomeBeforeTaxRatio": 0.2696014954,
        "incomeTaxExpense": 15968000,
        "netIncome": 31917000,
        "netIncomeRatio": 0.1796986724,
        "eps": 1.39,
        "epsdiluted": 1.39,
        "weightedAverageShsOut": 22967558,
        "weightedAverageShsOutDil": 22968808,
        "link": "updating...",
        "finalLink": ""
    },
    {
        "date": "2012-03-31",
        "symbol": "CRR",
        "reportedCurrency": "USD",
        "cik": "0000000000",
        "fillingDate": "2012-03-31",
        "acceptedDate": "2012-03-30 20:00:00",
        "calendarYear": "2012",
        "period": "Q1",
        "revenue": 163166000,
        "costOfRevenue": 99702000,
        "grossProfit": 63464000,
        "grossProfitRatio": 0.388953581,
        "researchAndDevelopmentExpenses": 0,
        "generalAndAdministrativeExpenses": 16652000,
        "sellingAndMarketingExpenses": 0,
        "sellingGeneralAndAdministrativeExpenses": 16652000,
        "otherExpenses": 0,
        "operatingExpenses": 16652000,
        "costAndExpenses": 116354000,
        "interestIncome": 0,
        "interestExpense": 0,
        "depreciationAndAmortization": 10604000,
        "ebitda": 56611000,
        "ebitdaratio": 0.3469534094,
        "operatingIncome": 46745000,
        "operatingIncomeRatio": 0.2864873809,
        "totalOtherIncomeExpensesNet": -738000,
        "incomeBeforeTax": 46007000,
        "incomeBeforeTaxRatio": 0.2819643798,
        "incomeTaxExpense": 15716000,
        "netIncome": 30291000,
        "netIncomeRatio": 0.1856452937,
        "eps": 1.32,
        "epsdiluted": 1.32,
        "weightedAverageShsOut": 22973986,
        "weightedAverageShsOutDil": 22975266,
        "link": "updating...",
        "finalLink": ""
    },
    {
        "date": "2011-12-31",
        "symbol": "CRR",
        "reportedCurrency": "USD",
        "cik": "0000000000",
        "fillingDate": "2011-12-31",
        "acceptedDate": "2011-12-30 19:00:00",
        "calendarYear": "2011",
        "period": "Q4",
        "revenue": 158123000,
        "costOfRevenue": 93275000,
        "grossProfit": 64848000,
        "grossProfitRatio": 0.410111116,
        "researchAndDevelopmentExpenses": 7335000,
        "generalAndAdministrativeExpenses": 15627000,
        "sellingAndMarketingExpenses": 0,
        "sellingGeneralAndAdministrativeExpenses": 15627000,
        "otherExpenses": 0,
        "operatingExpenses": 22962000,
        "costAndExpenses": 116237000,
        "interestIncome": 0,
        "interestExpense": 0,
        "depreciationAndAmortization": 10354000,
        "ebitda": 59542000,
        "ebitdaratio": 0.3765549604,
        "operatingIncome": 49153000,
        "operatingIncomeRatio": 0.3108529436,
        "totalOtherIncomeExpensesNet": 35000,
        "incomeBeforeTax": 49188000,
        "incomeBeforeTaxRatio": 0.3110742903,
        "incomeTaxExpense": 16071000,
        "netIncome": 33117000,
        "netIncomeRatio": 0.2094382221,
        "eps": 1.44,
        "epsdiluted": 1.44,
        "weightedAverageShsOut": 23011087,
        "weightedAverageShsOutDil": 23012419,
        "link": "updating...",
        "finalLink": ""
    },
    {
        "date": "2011-09-30",
        "symbol": "CRR",
        "reportedCurrency": "USD",
        "cik": "0000000000",
        "fillingDate": "2011-09-30",
        "acceptedDate": "2011-09-29 20:00:00",
        "calendarYear": "2011",
        "period": "Q3",
        "revenue": 167083000,
        "costOfRevenue": 94390000,
        "grossProfit": 72693000,
        "grossProfitRatio": 0.4350711922,
        "researchAndDevelopmentExpenses": 0,
        "generalAndAdministrativeExpenses": 16622000,
        "sellingAndMarketingExpenses": 0,
        "sellingGeneralAndAdministrativeExpenses": 16622000,
        "otherExpenses": 0,
        "operatingExpenses": 16622000,
        "costAndExpenses": 111012000,
        "interestIncome": 0,
        "interestExpense": 0,
        "depreciationAndAmortization": 9174000,
        "ebitda": 65387000,
        "ebitdaratio": 0.3913444216,
        "operatingIncome": 56056000,
        "operatingIncomeRatio": 0.3354979262,
        "totalOtherIncomeExpensesNet": 157000,
        "incomeBeforeTax": 56213000,
        "incomeBeforeTaxRatio": 0.3364375789,
        "incomeTaxExpense": 19302000,
        "netIncome": 36911000,
        "netIncomeRatio": 0.2209141564,
        "eps": 1.6,
        "epsdiluted": 1.6,
        "weightedAverageShsOut": 23022836,
        "weightedAverageShsOutDil": 23024169,
        "link": "updating...",
        "finalLink": ""
    },
    {
        "date": "2011-06-30",
        "symbol": "CRR",
        "reportedCurrency": "USD",
        "cik": "0000000000",
        "fillingDate": "2011-06-30",
        "acceptedDate": "2011-06-29 20:00:00",
        "calendarYear": "2011",
        "period": "Q2",
        "revenue": 300499000,
        "costOfRevenue": 176325000,
        "grossProfit": 124174000,
        "grossProfitRatio": 0.4132260008,
        "researchAndDevelopmentExpenses": 0,
        "generalAndAdministrativeExpenses": 30132000,
        "sellingAndMarketingExpenses": 0,
        "sellingGeneralAndAdministrativeExpenses": 30132000,
        "otherExpenses": 0,
        "operatingExpenses": 30132000,
        "costAndExpenses": 206457000,
        "interestIncome": 0,
        "interestExpense": 0,
        "depreciationAndAmortization": 16487000,
        "ebitda": 108536000,
        "ebitdaratio": 0.3611858941,
        "operatingIncome": 92393000,
        "operatingIncomeRatio": 0.3074652495,
        "totalOtherIncomeExpensesNet": -344000,
        "incomeBeforeTax": 92049000,
        "incomeBeforeTaxRatio": 0.3063204869,
        "incomeTaxExpense": 31941000,
        "netIncome": 60108000,
        "netIncomeRatio": 0.2000272879,
        "eps": 2.61,
        "epsdiluted": 2.61,
        "weightedAverageShsOut": 23020851,
        "weightedAverageShsOutDil": 23022175,
        "link": "updating...",
        "finalLink": ""
    },
    {
        "date": "2010-06-30",
        "symbol": "CRR",
        "reportedCurrency": "USD",
        "cik": "0000000000",
        "fillingDate": "2010-06-30",
        "acceptedDate": "2010-06-29 20:00:00",
        "calendarYear": "2010",
        "period": "Q2",
        "revenue": -1230593000,
        "costOfRevenue": 613537000,
        "grossProfit": -1844130000,
        "grossProfitRatio": 1.4985702015,
        "researchAndDevelopmentExpenses": -11800000,
        "generalAndAdministrativeExpenses": -488407000,
        "sellingAndMarketingExpenses": 0,
        "sellingGeneralAndAdministrativeExpenses": -488407000,
        "otherExpenses": 0,
        "operatingExpenses": -500207000,
        "costAndExpenses": -1101944000,
        "interestIncome": 0,
        "interestExpense": -8636000,
        "depreciationAndAmortization": -24213000,
        "ebitda": -152171000,
        "ebitdaratio": 0.1236566436,
        "operatingIncome": -128649000,
        "operatingIncomeRatio": 0.1045422816,
        "totalOtherIncomeExpensesNet": 9327000,
        "incomeBeforeTax": -119322000,
        "incomeBeforeTaxRatio": 0.0969630089,
        "incomeTaxExpense": 175000,
        "netIncome": -119497000,
        "netIncomeRatio": 0.0971052168,
        "eps": -5.19,
        "epsdiluted": -5.19,
        "weightedAverageShsOut": 23020851,
        "weightedAverageShsOutDil": 23020851,
        "link": "updating...",
        "finalLink": ""
    }
]