[
    {
        "date": "2022-12-31",
        "symbol": "CS",
        "reportedCurrency": "CHF",
        "cik": "0001159510",
        "fillingDate": "2022-12-31",
        "acceptedDate": "2022-12-30 19:00:00",
        "calendarYear": "2022",
        "period": "Q4",
        "revenue": 2945000000,
        "costOfRevenue": 0,
        "grossProfit": 2945000000,
        "grossProfitRatio": 1,
        "researchAndDevelopmentExpenses": 0,
        "generalAndAdministrativeExpenses": 3772000000,
        "sellingAndMarketingExpenses": 0,
        "sellingGeneralAndAdministrativeExpenses": 3772000000,
        "otherExpenses": -5736000000,
        "operatingExpenses": -1964000000,
        "costAndExpenses": -1964000000,
        "interestIncome": 4214000000,
        "interestExpense": 2730000000,
        "depreciationAndAmortization": 438000000,
        "ebitda": 1419000000,
        "ebitdaratio": 0.4818336163,
        "operatingIncome": 981000000,
        "operatingIncomeRatio": 0.333106961,
        "totalOtherIncomeExpensesNet": -2296000000,
        "incomeBeforeTax": -1315000000,
        "incomeBeforeTaxRatio": -0.4465195246,
        "incomeTaxExpense": 82000000,
        "netIncome": -1397000000,
        "netIncomeRatio": -0.4743633277,
        "eps": -0.46,
        "epsdiluted": -0.46,
        "weightedAverageShsOut": 3039000000,
        "weightedAverageShsOutDil": 3039000000,
        "link": "https://www.six-group.com/en/products-services/the-swiss-stock-exchange.html",
        "finalLink": "https://www.six-group.com/en/products-services/the-swiss-stock-exchange.html"
    },
    {
        "date": "2022-09-30",
        "symbol": "CS",
        "reportedCurrency": "CHF",
        "cik": "0001159510",
        "fillingDate": "2022-09-30",
        "acceptedDate": "2022-09-29 20:00:00",
        "calendarYear": "2022",
        "period": "Q3",
        "revenue": 3493000000,
        "costOfRevenue": 0,
        "grossProfit": 3493000000,
        "grossProfitRatio": 1,
        "researchAndDevelopmentExpenses": 0,
        "generalAndAdministrativeExpenses": 2186000000,
        "sellingAndMarketingExpenses": 0,
        "sellingGeneralAndAdministrativeExpenses": 2186000000,
        "otherExpenses": -4413000000,
        "operatingExpenses": -2227000000,
        "costAndExpenses": -2227000000,
        "interestIncome": 3329000000,
        "interestExpense": 2126000000,
        "depreciationAndAmortization": 524000000,
        "ebitda": 1790000000,
        "ebitdaratio": 0.5124534784,
        "operatingIncome": 1266000000,
        "operatingIncomeRatio": 0.362439164,
        "totalOtherIncomeExpensesNet": -1608000000,
        "incomeBeforeTax": -342000000,
        "incomeBeforeTaxRatio": -0.0979101059,
        "incomeTaxExpense": 3698000000,
        "netIncome": -4040000000,
        "netIncomeRatio": -1.1565989121,
        "eps": -1.45,
        "epsdiluted": -1.45,
        "weightedAverageShsOut": 2792655869,
        "weightedAverageShsOutDil": 2792655869,
        "link": "https://www.six-group.com/en/products-services/the-swiss-stock-exchange.html",
        "finalLink": "https://www.six-group.com/en/products-services/the-swiss-stock-exchange.html"
    },
    {
        "date": "2022-06-30",
        "symbol": "CS",
        "reportedCurrency": "CHF",
        "cik": "0001159510",
        "fillingDate": "2022-06-30",
        "acceptedDate": "2022-06-29 20:00:00",
        "calendarYear": "2022",
        "period": "Q2",
        "revenue": 3508000000,
        "costOfRevenue": 0,
        "grossProfit": 3508000000,
        "grossProfitRatio": 1,
        "researchAndDevelopmentExpenses": 0,
        "generalAndAdministrativeExpenses": 2656000000,
        "sellingAndMarketingExpenses": 0,
        "sellingGeneralAndAdministrativeExpenses": 2656000000,
        "otherExpenses": -6474000000,
        "operatingExpenses": -3818000000,
        "costAndExpenses": -3818000000,
        "interestIncome": 2474000000,
        "interestExpense": 1279000000,
        "depreciationAndAmortization": 415000000,
        "ebitda": 105000000,
        "ebitdaratio": 0.0299315849,
        "operatingIncome": -310000000,
        "operatingIncomeRatio": -0.0883694413,
        "totalOtherIncomeExpensesNet": -863000000,
        "incomeBeforeTax": -1173000000,
        "incomeBeforeTaxRatio": -0.3343785633,
        "incomeTaxExpense": 419000000,
        "netIncome": -1592000000,
        "netIncomeRatio": -0.4538198404,
        "eps": -0.57,
        "epsdiluted": -0.57,
        "weightedAverageShsOut": 2795930906,
        "weightedAverageShsOutDil": 2795930906,
        "link": "https://www.six-group.com/en/products-services/the-swiss-stock-exchange.html",
        "finalLink": "https://www.six-group.com/en/products-services/the-swiss-stock-exchange.html"
    },
    {
        "date": "2022-03-31",
        "symbol": "CS",
        "reportedCurrency": "CHF",
        "cik": "0001159510",
        "fillingDate": "2022-03-31",
        "acceptedDate": "2022-03-30 20:00:00",
        "calendarYear": "2022",
        "period": "Q1",
        "revenue": 4399000000,
        "costOfRevenue": 0,
        "grossProfit": 4399000000,
        "grossProfitRatio": 1,
        "researchAndDevelopmentExpenses": 0,
        "generalAndAdministrativeExpenses": 2730000000,
        "sellingAndMarketingExpenses": 0,
        "sellingGeneralAndAdministrativeExpenses": 2730000000,
        "otherExpenses": -6778000000,
        "operatingExpenses": -4048000000,
        "costAndExpenses": -4048000000,
        "interestIncome": 2234000000,
        "interestExpense": 775000000,
        "depreciationAndAmortization": 360000000,
        "ebitda": 8803000000,
        "ebitdaratio": 2.001136622,
        "operatingIncome": 351000000,
        "operatingIncomeRatio": 0.0797908616,
        "totalOtherIncomeExpensesNet": -779000000,
        "incomeBeforeTax": -428000000,
        "incomeBeforeTaxRatio": -0.0972948397,
        "incomeTaxExpense": -151000000,
        "netIncome": -277000000,
        "netIncomeRatio": -0.0629688566,
        "eps": -0.1,
        "epsdiluted": -0.1,
        "weightedAverageShsOut": 2765716047,
        "weightedAverageShsOutDil": 2765716047,
        "link": "https://www.six-group.com/en/products-services/the-swiss-stock-exchange.html",
        "finalLink": "https://www.six-group.com/en/products-services/the-swiss-stock-exchange.html"
    },
    {
        "date": "2021-12-31",
        "symbol": "CS",
        "reportedCurrency": "CHF",
        "cik": "0001159510",
        "fillingDate": "2021-12-31",
        "acceptedDate": "2021-12-30 19:00:00",
        "calendarYear": "2021",
        "period": "Q4",
        "revenue": 4031000000,
        "costOfRevenue": 0,
        "grossProfit": 4031000000,
        "grossProfitRatio": 1,
        "researchAndDevelopmentExpenses": 0,
        "generalAndAdministrativeExpenses": 4249000000,
        "sellingAndMarketingExpenses": 0,
        "sellingGeneralAndAdministrativeExpenses": 4249000000,
        "otherExpenses": -8936000000,
        "operatingExpenses": -4687000000,
        "costAndExpenses": -4687000000,
        "interestIncome": 2253000000,
        "interestExpense": 935000000,
        "depreciationAndAmortization": 2020000000,
        "ebitda": 1364000000,
        "ebitdaratio": 0.3383775738,
        "operatingIncome": -656000000,
        "operatingIncomeRatio": -0.1627387745,
        "totalOtherIncomeExpensesNet": -930000000,
        "incomeBeforeTax": -1586000000,
        "incomeBeforeTaxRatio": -0.3934507566,
        "incomeTaxExpense": 416000000,
        "netIncome": -2002000000,
        "netIncomeRatio": -0.4966509551,
        "eps": -0.8,
        "epsdiluted": -0.8,
        "weightedAverageShsOut": 2511300000,
        "weightedAverageShsOutDil": 2511300000,
        "link": "https://www.six-group.com/en/products-services/the-swiss-stock-exchange.html",
        "finalLink": "https://www.six-group.com/en/products-services/the-swiss-stock-exchange.html"
    },
    {
        "date": "2021-09-30",
        "symbol": "CS",
        "reportedCurrency": "CHF",
        "cik": "0001159510",
        "fillingDate": "2021-09-30",
        "acceptedDate": "2021-09-29 20:00:00",
        "calendarYear": "2021",
        "period": "Q3",
        "revenue": 5374000000,
        "costOfRevenue": 0,
        "grossProfit": 5374000000,
        "grossProfitRatio": 1,
        "researchAndDevelopmentExpenses": 0,
        "generalAndAdministrativeExpenses": 2925000000,
        "sellingAndMarketingExpenses": 0,
        "sellingGeneralAndAdministrativeExpenses": 2925000000,
        "otherExpenses": -6326000000,
        "operatingExpenses": -3401000000,
        "costAndExpenses": -3401000000,
        "interestIncome": 2392000000,
        "interestExpense": 969000000,
        "depreciationAndAmortization": 315000000,
        "ebitda": 2288000000,
        "ebitdaratio": 0.4257536286,
        "operatingIncome": 1973000000,
        "operatingIncomeRatio": 0.3671380722,
        "totalOtherIncomeExpensesNet": -965000000,
        "incomeBeforeTax": 1008000000,
        "incomeBeforeTaxRatio": 0.1875697804,
        "incomeTaxExpense": 570000000,
        "netIncome": 434000000,
        "netIncomeRatio": 0.080759211,
        "eps": 0.18,
        "epsdiluted": 0.17,
        "weightedAverageShsOut": 2430100000,
        "weightedAverageShsOutDil": 2502000000,
        "link": "https://www.six-group.com/en/products-services/the-swiss-stock-exchange.html",
        "finalLink": "https://www.six-group.com/en/products-services/the-swiss-stock-exchange.html"
    },
    {
        "date": "2021-06-30",
        "symbol": "CS",
        "reportedCurrency": "CHF",
        "cik": "0001159510",
        "fillingDate": "2021-06-30",
        "acceptedDate": "2021-06-29 20:00:00",
        "calendarYear": "2021",
        "period": "Q2",
        "revenue": 4298000000,
        "costOfRevenue": 0,
        "grossProfit": 4298000000,
        "grossProfitRatio": 1,
        "researchAndDevelopmentExpenses": 0,
        "generalAndAdministrativeExpenses": 2985000000,
        "sellingAndMarketingExpenses": 0,
        "sellingGeneralAndAdministrativeExpenses": 2985000000,
        "otherExpenses": -5001000000,
        "operatingExpenses": -2016000000,
        "costAndExpenses": -2016000000,
        "interestIncome": 2879000000,
        "interestExpense": 1463000000,
        "depreciationAndAmortization": 2000000,
        "ebitda": 2284000000,
        "ebitdaratio": 0.5314099581,
        "operatingIncome": 2282000000,
        "operatingIncomeRatio": 0.5309446254,
        "totalOtherIncomeExpensesNet": -1469000000,
        "incomeBeforeTax": 813000000,
        "incomeBeforeTaxRatio": 0.1891577478,
        "incomeTaxExpense": 566000000,
        "netIncome": 253000000,
        "netIncomeRatio": 0.0588645882,
        "eps": 0.1,
        "epsdiluted": 0.1,
        "weightedAverageShsOut": 2453900000,
        "weightedAverageShsOutDil": 2509800000,
        "link": "https://www.six-group.com/en/products-services/the-swiss-stock-exchange.html",
        "finalLink": "https://www.six-group.com/en/products-services/the-swiss-stock-exchange.html"
    },
    {
        "date": "2021-03-31",
        "symbol": "CS",
        "reportedCurrency": "CHF",
        "cik": "0001159510",
        "fillingDate": "2021-03-31",
        "acceptedDate": "2021-03-30 20:00:00",
        "calendarYear": "2021",
        "period": "Q1",
        "revenue": 7101000000,
        "costOfRevenue": 0,
        "grossProfit": 7101000000,
        "grossProfitRatio": 1,
        "researchAndDevelopmentExpenses": 0,
        "generalAndAdministrativeExpenses": 3583000000,
        "sellingAndMarketingExpenses": 0,
        "sellingGeneralAndAdministrativeExpenses": 3583000000,
        "otherExpenses": -10061000000,
        "operatingExpenses": -6478000000,
        "costAndExpenses": -6478000000,
        "interestIncome": 3055000000,
        "interestExpense": 1401000000,
        "depreciationAndAmortization": 55213,
        "ebitda": 623000000,
        "ebitdaratio": 0.087734122,
        "operatingIncome": 623000000,
        "operatingIncomeRatio": 0.087734122,
        "totalOtherIncomeExpensesNet": -1380000000,
        "incomeBeforeTax": -757000000,
        "incomeBeforeTaxRatio": -0.1066047036,
        "incomeTaxExpense": -526000000,
        "netIncome": -252000000,
        "netIncomeRatio": -0.0354879594,
        "eps": -0.1,
        "epsdiluted": -0.1,
        "weightedAverageShsOut": 2446600000,
        "weightedAverageShsOutDil": 2446600000,
        "link": "https://www.six-group.com/en/products-services/the-swiss-stock-exchange.html",
        "finalLink": "https://www.six-group.com/en/products-services/the-swiss-stock-exchange.html"
    },
    {
        "date": "2020-12-31",
        "symbol": "CS",
        "reportedCurrency": "CHF",
        "cik": "0001159510",
        "fillingDate": "2020-12-31",
        "acceptedDate": "2020-12-30 19:00:00",
        "calendarYear": "2020",
        "period": "Q4",
        "revenue": 4633000000,
        "costOfRevenue": 0,
        "grossProfit": 4633000000,
        "grossProfitRatio": 1,
        "researchAndDevelopmentExpenses": 0,
        "generalAndAdministrativeExpenses": 4818000000,
        "sellingAndMarketingExpenses": 0,
        "sellingGeneralAndAdministrativeExpenses": 4818000000,
        "otherExpenses": -8200000000,
        "operatingExpenses": -3382000000,
        "costAndExpenses": -3382000000,
        "interestIncome": 2790000000,
        "interestExpense": 1342000000,
        "depreciationAndAmortization": 356000000,
        "ebitda": 1607000000,
        "ebitdaratio": 0.3468594863,
        "operatingIncome": 1251000000,
        "operatingIncomeRatio": 0.2700194259,
        "totalOtherIncomeExpensesNet": -1339000000,
        "incomeBeforeTax": -88000000,
        "incomeBeforeTaxRatio": -0.0189941722,
        "incomeTaxExpense": 262000000,
        "netIncome": -353000000,
        "netIncomeRatio": -0.0761925318,
        "eps": -0.15,
        "epsdiluted": -0.15,
        "weightedAverageShsOut": 2433400000,
        "weightedAverageShsOutDil": 2433400000,
        "link": "https://www.six-group.com/en/products-services/the-swiss-stock-exchange.html",
        "finalLink": "https://www.six-group.com/en/products-services/the-swiss-stock-exchange.html"
    },
    {
        "date": "2020-09-30",
        "symbol": "CS",
        "reportedCurrency": "CHF",
        "cik": "0001159510",
        "fillingDate": "2020-09-30",
        "acceptedDate": "2020-09-29 20:00:00",
        "calendarYear": "2020",
        "period": "Q3",
        "revenue": 4860000000,
        "costOfRevenue": 0,
        "grossProfit": 4860000000,
        "grossProfitRatio": 1,
        "researchAndDevelopmentExpenses": 0,
        "generalAndAdministrativeExpenses": 3069000000,
        "sellingAndMarketingExpenses": 0,
        "sellingGeneralAndAdministrativeExpenses": 3069000000,
        "otherExpenses": -5276000000,
        "operatingExpenses": -2207000000,
        "costAndExpenses": -2207000000,
        "interestIncome": 3245000000,
        "interestExpense": 1849000000,
        "depreciationAndAmortization": 340000000,
        "ebitda": 2993000000,
        "ebitdaratio": 0.6158436214,
        "operatingIncome": 2653000000,
        "operatingIncomeRatio": 0.5458847737,
        "totalOtherIncomeExpensesNet": -1850000000,
        "incomeBeforeTax": 803000000,
        "incomeBeforeTaxRatio": 0.1652263374,
        "incomeTaxExpense": 258000000,
        "netIncome": 546000000,
        "netIncomeRatio": 0.112345679,
        "eps": 0.22,
        "epsdiluted": 0.22,
        "weightedAverageShsOut": 2455000000,
        "weightedAverageShsOutDil": 2530800000,
        "link": "https://www.six-group.com/en/products-services/the-swiss-stock-exchange.html",
        "finalLink": "https://www.six-group.com/en/products-services/the-swiss-stock-exchange.html"
    },
    {
        "date": "2020-06-30",
        "symbol": "CS",
        "reportedCurrency": "CHF",
        "cik": "0001159510",
        "fillingDate": "2020-06-30",
        "acceptedDate": "2020-06-29 20:00:00",
        "calendarYear": "2020",
        "period": "Q2",
        "revenue": 5831000000,
        "costOfRevenue": 0,
        "grossProfit": 5831000000,
        "grossProfitRatio": 1,
        "researchAndDevelopmentExpenses": 0,
        "generalAndAdministrativeExpenses": 3286000000,
        "sellingAndMarketingExpenses": 0,
        "sellingGeneralAndAdministrativeExpenses": 3286000000,
        "otherExpenses": -5545000000,
        "operatingExpenses": -2259000000,
        "costAndExpenses": -2259000000,
        "interestIncome": 3589000000,
        "interestExpense": 2019000000,
        "depreciationAndAmortization": 344000000,
        "ebitda": 3916000000,
        "ebitdaratio": 0.6715829189,
        "operatingIncome": 3572000000,
        "operatingIncomeRatio": 0.6125878923,
        "totalOtherIncomeExpensesNet": -2021000000,
        "incomeBeforeTax": 1551000000,
        "incomeBeforeTaxRatio": 0.2659921111,
        "incomeTaxExpense": 391000000,
        "netIncome": 1162000000,
        "netIncomeRatio": 0.1992797119,
        "eps": 0.47,
        "epsdiluted": 0.46,
        "weightedAverageShsOut": 2473600000,
        "weightedAverageShsOutDil": 2511400000,
        "link": "https://www.six-group.com/en/products-services/the-swiss-stock-exchange.html",
        "finalLink": "https://www.six-group.com/en/products-services/the-swiss-stock-exchange.html"
    },
    {
        "date": "2020-03-31",
        "symbol": "CS",
        "reportedCurrency": "CHF",
        "cik": "0001159510",
        "fillingDate": "2020-03-31",
        "acceptedDate": "2020-03-30 20:00:00",
        "calendarYear": "2020",
        "period": "Q1",
        "revenue": 5376000000,
        "costOfRevenue": 0,
        "grossProfit": 5376000000,
        "grossProfitRatio": 1,
        "researchAndDevelopmentExpenses": 0,
        "generalAndAdministrativeExpenses": 2985000000,
        "sellingAndMarketingExpenses": 0,
        "sellingGeneralAndAdministrativeExpenses": 2985000000,
        "otherExpenses": -4396000000,
        "operatingExpenses": -1411000000,
        "costAndExpenses": -1411000000,
        "interestIncome": 4295000000,
        "interestExpense": 2761000000,
        "depreciationAndAmortization": 316000000,
        "ebitda": 4281000000,
        "ebitdaratio": 0.7963169643,
        "operatingIncome": 3965000000,
        "operatingIncomeRatio": 0.7375372024,
        "totalOtherIncomeExpensesNet": -2764000000,
        "incomeBeforeTax": 1201000000,
        "incomeBeforeTaxRatio": 0.2234002976,
        "incomeTaxExpense": -110000000,
        "netIncome": 1314000000,
        "netIncomeRatio": 0.2444196429,
        "eps": 0.53,
        "epsdiluted": 0.52,
        "weightedAverageShsOut": 2465900000,
        "weightedAverageShsOutDil": 2527600000,
        "link": "https://www.six-group.com/en/products-services/the-swiss-stock-exchange.html",
        "finalLink": "https://www.six-group.com/en/products-services/the-swiss-stock-exchange.html"
    },
    {
        "date": "2019-12-31",
        "symbol": "CS",
        "reportedCurrency": "CHF",
        "cik": "0001159510",
        "fillingDate": "2019-12-31",
        "acceptedDate": "2019-12-30 19:00:00",
        "calendarYear": "2019",
        "period": "Q4",
        "revenue": 5496000000,
        "costOfRevenue": 0,
        "grossProfit": 5496000000,
        "grossProfitRatio": 1,
        "researchAndDevelopmentExpenses": 0,
        "generalAndAdministrativeExpenses": 3279000000,
        "sellingAndMarketingExpenses": 0,
        "sellingGeneralAndAdministrativeExpenses": 3279000000,
        "otherExpenses": -4880000000,
        "operatingExpenses": -1601000000,
        "costAndExpenses": -1601000000,
        "interestIncome": 4384000000,
        "interestExpense": 2682000000,
        "depreciationAndAmortization": 574000000,
        "ebitda": 4469000000,
        "ebitdaratio": 0.8131368268,
        "operatingIncome": 3895000000,
        "operatingIncomeRatio": 0.7086972344,
        "totalOtherIncomeExpensesNet": -2681000000,
        "incomeBeforeTax": 1214000000,
        "incomeBeforeTaxRatio": 0.2208879185,
        "incomeTaxExpense": 361000000,
        "netIncome": 852000000,
        "netIncomeRatio": 0.1550218341,
        "eps": 0.34,
        "epsdiluted": 0.33,
        "weightedAverageShsOut": 2472800000,
        "weightedAverageShsOutDil": 2559000000,
        "link": "https://www.six-group.com/en/products-services/the-swiss-stock-exchange.html",
        "finalLink": "https://www.six-group.com/en/products-services/the-swiss-stock-exchange.html"
    },
    {
        "date": "2019-09-30",
        "symbol": "CS",
        "reportedCurrency": "CHF",
        "cik": "0001159510",
        "fillingDate": "2019-09-30",
        "acceptedDate": "2019-09-29 20:00:00",
        "calendarYear": "2019",
        "period": "Q3",
        "revenue": 4949000000,
        "costOfRevenue": 0,
        "grossProfit": 4949000000,
        "grossProfitRatio": 1,
        "researchAndDevelopmentExpenses": 0,
        "generalAndAdministrativeExpenses": 3040000000,
        "sellingAndMarketingExpenses": 0,
        "sellingGeneralAndAdministrativeExpenses": 3040000000,
        "otherExpenses": -3305000000,
        "operatingExpenses": -265000000,
        "costAndExpenses": -265000000,
        "interestIncome": 5329000000,
        "interestExpense": 3547000000,
        "depreciationAndAmortization": 236000000,
        "ebitda": 4920000000,
        "ebitdaratio": 0.9941402303,
        "operatingIncome": 4684000000,
        "operatingIncomeRatio": 0.9464538291,
        "totalOtherIncomeExpensesNet": -3542000000,
        "incomeBeforeTax": 1142000000,
        "incomeBeforeTaxRatio": 0.2307536876,
        "incomeTaxExpense": 256000000,
        "netIncome": 881000000,
        "netIncomeRatio": 0.1780157608,
        "eps": 0.35,
        "epsdiluted": 0.34,
        "weightedAverageShsOut": 2505000000,
        "weightedAverageShsOutDil": 2570200000,
        "link": "https://www.six-group.com/en/products-services/the-swiss-stock-exchange.html",
        "finalLink": "https://www.six-group.com/en/products-services/the-swiss-stock-exchange.html"
    },
    {
        "date": "2019-06-30",
        "symbol": "CS",
        "reportedCurrency": "CHF",
        "cik": "0001159510",
        "fillingDate": "2019-06-30",
        "acceptedDate": "2019-06-29 20:00:00",
        "calendarYear": "2019",
        "period": "Q2",
        "revenue": 5064000000,
        "costOfRevenue": 0,
        "grossProfit": 5064000000,
        "grossProfitRatio": 1,
        "researchAndDevelopmentExpenses": 0,
        "generalAndAdministrativeExpenses": 3207000000,
        "sellingAndMarketingExpenses": 0,
        "sellingGeneralAndAdministrativeExpenses": 3207000000,
        "otherExpenses": -3317000000,
        "operatingExpenses": -110000000,
        "costAndExpenses": -110000000,
        "interestIncome": 5653000000,
        "interestExpense": 3652000000,
        "depreciationAndAmortization": 229000000,
        "ebitda": 5183000000,
        "ebitdaratio": 1.0234992101,
        "operatingIncome": 4954000000,
        "operatingIncomeRatio": 0.9782780411,
        "totalOtherIncomeExpensesNet": -3652000000,
        "incomeBeforeTax": 1302000000,
        "incomeBeforeTaxRatio": 0.2571090047,
        "incomeTaxExpense": 365000000,
        "netIncome": 937000000,
        "netIncomeRatio": 0.1850315956,
        "eps": 0.37,
        "epsdiluted": 0.36,
        "weightedAverageShsOut": 2546100000,
        "weightedAverageShsOutDil": 2596500000,
        "link": "https://www.six-group.com/en/products-services/the-swiss-stock-exchange.html",
        "finalLink": "https://www.six-group.com/en/products-services/the-swiss-stock-exchange.html"
    },
    {
        "date": "2019-03-31",
        "symbol": "CS",
        "reportedCurrency": "CHF",
        "cik": "0001159510",
        "fillingDate": "2019-03-31",
        "acceptedDate": "2019-03-30 20:00:00",
        "calendarYear": "2019",
        "period": "Q1",
        "revenue": 4959000000,
        "costOfRevenue": 0,
        "grossProfit": 4959000000,
        "grossProfitRatio": 1,
        "researchAndDevelopmentExpenses": 0,
        "generalAndAdministrativeExpenses": 3186000000,
        "sellingAndMarketingExpenses": 0,
        "sellingGeneralAndAdministrativeExpenses": 3186000000,
        "otherExpenses": -3797000000,
        "operatingExpenses": -611000000,
        "costAndExpenses": -611000000,
        "interestIncome": 4818000000,
        "interestExpense": 3286000000,
        "depreciationAndAmortization": 236000000,
        "ebitda": 4584000000,
        "ebitdaratio": 0.9243799153,
        "operatingIncome": 4348000000,
        "operatingIncomeRatio": 0.8767896753,
        "totalOtherIncomeExpensesNet": -3286000000,
        "incomeBeforeTax": 1062000000,
        "incomeBeforeTaxRatio": 0.2141560799,
        "incomeTaxExpense": 313000000,
        "netIncome": 749000000,
        "netIncomeRatio": 0.1510385158,
        "eps": 0.3,
        "epsdiluted": 0.29,
        "weightedAverageShsOut": 2507800000,
        "weightedAverageShsOutDil": 2582758621,
        "link": "https://www.six-group.com/en/products-services/the-swiss-stock-exchange.html",
        "finalLink": "https://www.six-group.com/en/products-services/the-swiss-stock-exchange.html"
    },
    {
        "date": "2018-12-31",
        "symbol": "CS",
        "reportedCurrency": "CHF",
        "cik": "0001159510",
        "fillingDate": "2018-12-31",
        "acceptedDate": "2018-12-30 19:00:00",
        "calendarYear": "2018",
        "period": "Q4",
        "revenue": 4418000000,
        "costOfRevenue": 0,
        "grossProfit": 4418000000,
        "grossProfitRatio": 1,
        "researchAndDevelopmentExpenses": 0,
        "generalAndAdministrativeExpenses": 2838000000,
        "sellingAndMarketingExpenses": 0,
        "sellingGeneralAndAdministrativeExpenses": 2838000000,
        "otherExpenses": -3555000000,
        "operatingExpenses": -717000000,
        "costAndExpenses": -717000000,
        "interestIncome": 5514000000,
        "interestExpense": 3102000000,
        "depreciationAndAmortization": 271000000,
        "ebitda": 3972000000,
        "ebitdaratio": 0.8990493436,
        "operatingIncome": 3701000000,
        "operatingIncomeRatio": 0.8377093708,
        "totalOtherIncomeExpensesNet": -3106000000,
        "incomeBeforeTax": 595000000,
        "incomeBeforeTaxRatio": 0.1346763241,
        "incomeTaxExpense": 340000000,
        "netIncome": 259000000,
        "netIncomeRatio": 0.0586238117,
        "eps": 0.1,
        "epsdiluted": 0.1,
        "weightedAverageShsOut": 2550584029,
        "weightedAverageShsOutDil": 2550584029,
        "link": "https://www.six-group.com/en/products-services/the-swiss-stock-exchange.html",
        "finalLink": "https://www.six-group.com/en/products-services/the-swiss-stock-exchange.html"
    },
    {
        "date": "2018-09-30",
        "symbol": "CS",
        "reportedCurrency": "CHF",
        "cik": "0001159510",
        "fillingDate": "2018-09-30",
        "acceptedDate": "2018-09-29 20:00:00",
        "calendarYear": "2018",
        "period": "Q3",
        "revenue": 4519000000,
        "costOfRevenue": 0,
        "grossProfit": 4519000000,
        "grossProfitRatio": 1,
        "researchAndDevelopmentExpenses": 0,
        "generalAndAdministrativeExpenses": 3007000000,
        "sellingAndMarketingExpenses": 0,
        "sellingGeneralAndAdministrativeExpenses": 3007000000,
        "otherExpenses": -3702000000,
        "operatingExpenses": -695000000,
        "costAndExpenses": -695000000,
        "interestIncome": 4558000000,
        "interestExpense": 3139000000,
        "depreciationAndAmortization": 249000000,
        "ebitda": 4073000000,
        "ebitdaratio": 0.9013055986,
        "operatingIncome": 3824000000,
        "operatingIncomeRatio": 0.8462049126,
        "totalOtherIncomeExpensesNet": -3153000000,
        "incomeBeforeTax": 671000000,
        "incomeBeforeTaxRatio": 0.1484841779,
        "incomeTaxExpense": 261000000,
        "netIncome": 424000000,
        "netIncomeRatio": 0.0938260677,
        "eps": 0.17,
        "epsdiluted": 0.16,
        "weightedAverageShsOut": 2564100000,
        "weightedAverageShsOutDil": 2619900000,
        "link": "https://www.six-group.com/en/products-services/the-swiss-stock-exchange.html",
        "finalLink": "https://www.six-group.com/en/products-services/the-swiss-stock-exchange.html"
    },
    {
        "date": "2018-06-30",
        "symbol": "CS",
        "reportedCurrency": "CHF",
        "cik": "0001159510",
        "fillingDate": "2018-06-30",
        "acceptedDate": "2018-06-29 20:00:00",
        "calendarYear": "2018",
        "period": "Q2",
        "revenue": 5215000000,
        "costOfRevenue": 0,
        "grossProfit": 5215000000,
        "grossProfitRatio": 1,
        "researchAndDevelopmentExpenses": 0,
        "generalAndAdministrativeExpenses": 3192000000,
        "sellingAndMarketingExpenses": 0,
        "sellingGeneralAndAdministrativeExpenses": 3192000000,
        "otherExpenses": -3865000000,
        "operatingExpenses": -673000000,
        "costAndExpenses": -673000000,
        "interestIncome": 5090000000,
        "interestExpense": 3497000000,
        "depreciationAndAmortization": 208000000,
        "ebitda": 4750000000,
        "ebitdaratio": 0.9108341323,
        "operatingIncome": 4542000000,
        "operatingIncomeRatio": 0.870949185,
        "totalOtherIncomeExpensesNet": -3490000000,
        "incomeBeforeTax": 1052000000,
        "incomeBeforeTaxRatio": 0.201725791,
        "incomeTaxExpense": 398000000,
        "netIncome": 647000000,
        "netIncomeRatio": 0.1240651965,
        "eps": 0.25,
        "epsdiluted": 0.25,
        "weightedAverageShsOut": 2581900000,
        "weightedAverageShsOutDil": 2630100000,
        "link": "https://www.six-group.com/en/products-services/the-swiss-stock-exchange.html",
        "finalLink": "https://www.six-group.com/en/products-services/the-swiss-stock-exchange.html"
    },
    {
        "date": "2018-03-31",
        "symbol": "CS",
        "reportedCurrency": "CHF",
        "cik": "0001159510",
        "fillingDate": "2018-03-31",
        "acceptedDate": "2018-03-30 20:00:00",
        "calendarYear": "2018",
        "period": "Q1",
        "revenue": 5133000000,
        "costOfRevenue": 0,
        "grossProfit": 5133000000,
        "grossProfitRatio": 1,
        "researchAndDevelopmentExpenses": 0,
        "generalAndAdministrativeExpenses": 3180000000,
        "sellingAndMarketingExpenses": 0,
        "sellingGeneralAndAdministrativeExpenses": 3180000000,
        "otherExpenses": -4391000000,
        "operatingExpenses": -1211000000,
        "costAndExpenses": -1211000000,
        "interestIncome": 4451000000,
        "interestExpense": 2866000000,
        "depreciationAndAmortization": 208000000,
        "ebitda": 4130000000,
        "ebitdaratio": 0.8045977011,
        "operatingIncome": 3922000000,
        "operatingIncomeRatio": 0.7640755893,
        "totalOtherIncomeExpensesNet": -2868000000,
        "incomeBeforeTax": 1054000000,
        "incomeBeforeTaxRatio": 0.205338009,
        "incomeTaxExpense": 362000000,
        "netIncome": 694000000,
        "netIncomeRatio": 0.1352035846,
        "eps": 0.27,
        "epsdiluted": 0.26,
        "weightedAverageShsOut": 2586400000,
        "weightedAverageShsOutDil": 2653700000,
        "link": "https://www.six-group.com/en/products-services/the-swiss-stock-exchange.html",
        "finalLink": "https://www.six-group.com/en/products-services/the-swiss-stock-exchange.html"
    },
    {
        "date": "2017-12-31",
        "symbol": "CS",
        "reportedCurrency": "CHF",
        "cik": "0001159510",
        "fillingDate": "2017-12-31",
        "acceptedDate": "2017-12-30 19:00:00",
        "calendarYear": "2017",
        "period": "Q4",
        "revenue": 4730000000,
        "costOfRevenue": 0,
        "grossProfit": 4730000000,
        "grossProfitRatio": 1,
        "researchAndDevelopmentExpenses": 0,
        "generalAndAdministrativeExpenses": 3236000000,
        "sellingAndMarketingExpenses": 0,
        "sellingGeneralAndAdministrativeExpenses": 3236000000,
        "otherExpenses": -5283000000,
        "operatingExpenses": -2047000000,
        "costAndExpenses": -2047000000,
        "interestIncome": 4140000000,
        "interestExpense": 2575000000,
        "depreciationAndAmortization": 243000000,
        "ebitda": 2926000000,
        "ebitdaratio": 0.6186046512,
        "operatingIncome": 2683000000,
        "operatingIncomeRatio": 0.567230444,
        "totalOtherIncomeExpensesNet": -2542000000,
        "incomeBeforeTax": 141000000,
        "incomeBeforeTaxRatio": 0.0298097252,
        "incomeTaxExpense": 2234000000,
        "netIncome": -2126000000,
        "netIncomeRatio": -0.4494714588,
        "eps": -0.83,
        "epsdiluted": -0.83,
        "weightedAverageShsOut": 2565700000,
        "weightedAverageShsOutDil": 2565700000,
        "link": "https://www.six-group.com/en/products-services/the-swiss-stock-exchange.html",
        "finalLink": "https://www.six-group.com/en/products-services/the-swiss-stock-exchange.html"
    },
    {
        "date": "2017-09-30",
        "symbol": "CS",
        "reportedCurrency": "CHF",
        "cik": "0001159510",
        "fillingDate": "2017-09-30",
        "acceptedDate": "2017-09-29 20:00:00",
        "calendarYear": "2017",
        "period": "Q3",
        "revenue": 4571000000,
        "costOfRevenue": 0,
        "grossProfit": 4571000000,
        "grossProfitRatio": 1,
        "researchAndDevelopmentExpenses": 0,
        "generalAndAdministrativeExpenses": 3105000000,
        "sellingAndMarketingExpenses": 0,
        "sellingGeneralAndAdministrativeExpenses": 3105000000,
        "otherExpenses": -4628000000,
        "operatingExpenses": -1523000000,
        "costAndExpenses": -1523000000,
        "interestIncome": 4273000000,
        "interestExpense": 2651000000,
        "depreciationAndAmortization": 215000000,
        "ebitda": 3263000000,
        "ebitdaratio": 0.7138481733,
        "operatingIncome": 3048000000,
        "operatingIncomeRatio": 0.6668125137,
        "totalOtherIncomeExpensesNet": -2648000000,
        "incomeBeforeTax": 400000000,
        "incomeBeforeTaxRatio": 0.0875082039,
        "incomeTaxExpense": 153000000,
        "netIncome": 244000000,
        "netIncomeRatio": 0.0533800044,
        "eps": 0.0951,
        "epsdiluted": 0.0929,
        "weightedAverageShsOut": 2565500000,
        "weightedAverageShsOutDil": 2626100000,
        "link": "https://www.six-group.com/en/products-services/the-swiss-stock-exchange.html",
        "finalLink": "https://www.six-group.com/en/products-services/the-swiss-stock-exchange.html"
    },
    {
        "date": "2017-06-30",
        "symbol": "CS",
        "reportedCurrency": "CHF",
        "cik": "0001159510",
        "fillingDate": "2017-06-30",
        "acceptedDate": "2017-06-29 20:00:00",
        "calendarYear": "2017",
        "period": "Q2",
        "revenue": 4794000000,
        "costOfRevenue": 0,
        "grossProfit": 4794000000,
        "grossProfitRatio": 1,
        "researchAndDevelopmentExpenses": 0,
        "generalAndAdministrativeExpenses": 3202000000,
        "sellingAndMarketingExpenses": 0,
        "sellingGeneralAndAdministrativeExpenses": 3202000000,
        "otherExpenses": -4552000000,
        "operatingExpenses": -1350000000,
        "costAndExpenses": -1350000000,
        "interestIncome": 4602000000,
        "interestExpense": 2865000000,
        "depreciationAndAmortization": 217000000,
        "ebitda": 3661000000,
        "ebitdaratio": 0.763662912,
        "operatingIncome": 3444000000,
        "operatingIncomeRatio": 0.7183979975,
        "totalOtherIncomeExpensesNet": -2862000000,
        "incomeBeforeTax": 582000000,
        "incomeBeforeTaxRatio": 0.1214017522,
        "incomeTaxExpense": 276000000,
        "netIncome": 303000000,
        "netIncomeRatio": 0.063204005,
        "eps": 0.13,
        "epsdiluted": 0.13,
        "weightedAverageShsOut": 2309600000,
        "weightedAverageShsOutDil": 2354100000,
        "link": "https://www.six-group.com/en/products-services/the-swiss-stock-exchange.html",
        "finalLink": "https://www.six-group.com/en/products-services/the-swiss-stock-exchange.html"
    },
    {
        "date": "2017-03-31",
        "symbol": "CS",
        "reportedCurrency": "CHF",
        "cik": "0001159510",
        "fillingDate": "2017-03-31",
        "acceptedDate": "2017-03-30 20:00:00",
        "calendarYear": "2017",
        "period": "Q1",
        "revenue": 5117000000,
        "costOfRevenue": 0,
        "grossProfit": 5117000000,
        "grossProfitRatio": 1,
        "researchAndDevelopmentExpenses": 0,
        "generalAndAdministrativeExpenses": 3316000000,
        "sellingAndMarketingExpenses": 0,
        "sellingGeneralAndAdministrativeExpenses": 3316000000,
        "otherExpenses": -5350000000,
        "operatingExpenses": -2034000000,
        "costAndExpenses": -2034000000,
        "interestIncome": 4042000000,
        "interestExpense": 2409000000,
        "depreciationAndAmortization": 219000000,
        "ebitda": 3302000000,
        "ebitdaratio": 0.6452999805,
        "operatingIncome": 3083000000,
        "operatingIncomeRatio": 0.6025014657,
        "totalOtherIncomeExpensesNet": -2413000000,
        "incomeBeforeTax": 670000000,
        "incomeBeforeTaxRatio": 0.1309360954,
        "incomeTaxExpense": 78000000,
        "netIncome": 596000000,
        "netIncomeRatio": 0.1164744968,
        "eps": 0.27,
        "epsdiluted": 0.26,
        "weightedAverageShsOut": 2203187094,
        "weightedAverageShsOutDil": 2264228404,
        "link": "https://www.six-group.com/en/products-services/the-swiss-stock-exchange.html",
        "finalLink": "https://www.six-group.com/en/products-services/the-swiss-stock-exchange.html"
    },
    {
        "date": "2016-12-31",
        "symbol": "CS",
        "reportedCurrency": "CHF",
        "cik": "0001159510",
        "fillingDate": "2016-12-31",
        "acceptedDate": "2016-12-30 19:00:00",
        "calendarYear": "2016",
        "period": "Q4",
        "revenue": 4555000000,
        "costOfRevenue": 0,
        "grossProfit": 4555000000,
        "grossProfitRatio": 1,
        "researchAndDevelopmentExpenses": 0,
        "generalAndAdministrativeExpenses": 3359000000,
        "sellingAndMarketingExpenses": 0,
        "sellingGeneralAndAdministrativeExpenses": 3359000000,
        "otherExpenses": -7931000000,
        "operatingExpenses": -4572000000,
        "costAndExpenses": -4572000000,
        "interestIncome": 3810000000,
        "interestExpense": 2188000000,
        "depreciationAndAmortization": 232000000,
        "ebitda": 215000000,
        "ebitdaratio": 0.0472008782,
        "operatingIncome": -17000000,
        "operatingIncomeRatio": -0.0037321625,
        "totalOtherIncomeExpensesNet": -2186000000,
        "incomeBeforeTax": -2203000000,
        "incomeBeforeTaxRatio": -0.4836443469,
        "incomeTaxExpense": 414000000,
        "netIncome": -2619000000,
        "netIncomeRatio": -0.5749725576,
        "eps": -1.2,
        "epsdiluted": -1.2,
        "weightedAverageShsOut": 2178418210,
        "weightedAverageShsOutDil": 2178418210,
        "link": "https://www.six-group.com/en/products-services/the-swiss-stock-exchange.html",
        "finalLink": "https://www.six-group.com/en/products-services/the-swiss-stock-exchange.html"
    },
    {
        "date": "2016-09-30",
        "symbol": "CS",
        "reportedCurrency": "CHF",
        "cik": "0001159510",
        "fillingDate": "2016-09-30",
        "acceptedDate": "2016-09-29 20:00:00",
        "calendarYear": "2016",
        "period": "Q3",
        "revenue": 4354000000,
        "costOfRevenue": 0,
        "grossProfit": 4354000000,
        "grossProfitRatio": 1,
        "researchAndDevelopmentExpenses": 0,
        "generalAndAdministrativeExpenses": 3360000000,
        "sellingAndMarketingExpenses": 0,
        "sellingGeneralAndAdministrativeExpenses": 3360000000,
        "otherExpenses": -5196000000,
        "operatingExpenses": -1836000000,
        "costAndExpenses": -1836000000,
        "interestIncome": 4222000000,
        "interestExpense": 2292000000,
        "depreciationAndAmortization": 234000000,
        "ebitda": 2752000000,
        "ebitdaratio": 0.6320624713,
        "operatingIncome": 2518000000,
        "operatingIncomeRatio": 0.5783187873,
        "totalOtherIncomeExpensesNet": -2296000000,
        "incomeBeforeTax": 222000000,
        "incomeBeforeTaxRatio": 0.0509875976,
        "incomeTaxExpense": 185000000,
        "netIncome": 41000000,
        "netIncomeRatio": 0.0094166284,
        "eps": 0.0189,
        "epsdiluted": 0.0184,
        "weightedAverageShsOut": 2168676473,
        "weightedAverageShsOutDil": 2226401446,
        "link": "https://www.six-group.com/en/products-services/the-swiss-stock-exchange.html",
        "finalLink": "https://www.six-group.com/en/products-services/the-swiss-stock-exchange.html"
    },
    {
        "date": "2016-06-30",
        "symbol": "CS",
        "reportedCurrency": "CHF",
        "cik": "0001159510",
        "fillingDate": "2016-06-30",
        "acceptedDate": "2016-06-29 20:00:00",
        "calendarYear": "2016",
        "period": "Q2",
        "revenue": 4719000000,
        "costOfRevenue": 0,
        "grossProfit": 4719000000,
        "grossProfitRatio": 1,
        "researchAndDevelopmentExpenses": 0,
        "generalAndAdministrativeExpenses": 3420000000,
        "sellingAndMarketingExpenses": 0,
        "sellingGeneralAndAdministrativeExpenses": 3420000000,
        "otherExpenses": -5190000000,
        "operatingExpenses": -1770000000,
        "costAndExpenses": -1770000000,
        "interestIncome": 4757000000,
        "interestExpense": 2758000000,
        "depreciationAndAmortization": 234000000,
        "ebitda": 3183000000,
        "ebitdaratio": 0.6745073109,
        "operatingIncome": 2949000000,
        "operatingIncomeRatio": 0.624920534,
        "totalOtherIncomeExpensesNet": -2750000000,
        "incomeBeforeTax": 199000000,
        "incomeBeforeTaxRatio": 0.0421699513,
        "incomeTaxExpense": 21000000,
        "netIncome": 170000000,
        "netIncomeRatio": 0.0360245815,
        "eps": 0.0813,
        "epsdiluted": 0.0794,
        "weightedAverageShsOut": 2091778932,
        "weightedAverageShsOutDil": 2140176710,
        "link": "https://www.six-group.com/en/products-services/the-swiss-stock-exchange.html",
        "finalLink": "https://www.six-group.com/en/products-services/the-swiss-stock-exchange.html"
    },
    {
        "date": "2016-03-31",
        "symbol": "CS",
        "reportedCurrency": "CHF",
        "cik": "0001159510",
        "fillingDate": "2016-03-31",
        "acceptedDate": "2016-03-30 20:00:00",
        "calendarYear": "2016",
        "period": "Q1",
        "revenue": 4169000000,
        "costOfRevenue": 0,
        "grossProfit": 4169000000,
        "grossProfitRatio": 1,
        "researchAndDevelopmentExpenses": 0,
        "generalAndAdministrativeExpenses": 3198000000,
        "sellingAndMarketingExpenses": 0,
        "sellingGeneralAndAdministrativeExpenses": 3198000000,
        "otherExpenses": -5274000000,
        "operatingExpenses": -2076000000,
        "costAndExpenses": -2076000000,
        "interestIncome": 4585000000,
        "interestExpense": 2574000000,
        "depreciationAndAmortization": 237000000,
        "ebitda": 2330000000,
        "ebitdaratio": 0.5588870233,
        "operatingIncome": 2093000000,
        "operatingIncomeRatio": 0.5020388582,
        "totalOtherIncomeExpensesNet": -2577000000,
        "incomeBeforeTax": -484000000,
        "incomeBeforeTaxRatio": -0.1160949868,
        "incomeTaxExpense": -179000000,
        "netIncome": -302000000,
        "netIncomeRatio": -0.0724394339,
        "eps": -0.15,
        "epsdiluted": -0.15,
        "weightedAverageShsOut": 2052708348,
        "weightedAverageShsOutDil": 2052708348,
        "link": "https://www.six-group.com/en/products-services/the-swiss-stock-exchange.html",
        "finalLink": "https://www.six-group.com/en/products-services/the-swiss-stock-exchange.html"
    },
    {
        "date": "2015-12-31",
        "symbol": "CS",
        "reportedCurrency": "CHF",
        "cik": "0001159510",
        "fillingDate": "2015-12-31",
        "acceptedDate": "2015-12-30 19:00:00",
        "calendarYear": "2015",
        "period": "Q4",
        "revenue": 3659000000,
        "costOfRevenue": 0,
        "grossProfit": 3659000000,
        "grossProfitRatio": 1,
        "researchAndDevelopmentExpenses": 0,
        "generalAndAdministrativeExpenses": 4003000000,
        "sellingAndMarketingExpenses": 0,
        "sellingGeneralAndAdministrativeExpenses": 4003000000,
        "otherExpenses": -11785000000,
        "operatingExpenses": -7782000000,
        "costAndExpenses": -7782000000,
        "interestIncome": 4526000000,
        "interestExpense": 2332000000,
        "depreciationAndAmortization": 4107000000,
        "ebitda": -16000000,
        "ebitdaratio": -0.0043727794,
        "operatingIncome": -4123000000,
        "operatingIncomeRatio": -1.126810604,
        "totalOtherIncomeExpensesNet": -2318000000,
        "incomeBeforeTax": -6441000000,
        "incomeBeforeTaxRatio": -1.7603170265,
        "incomeTaxExpense": -627000000,
        "netIncome": -5828000000,
        "netIncomeRatio": -1.5927849139,
        "eps": -3.16,
        "epsdiluted": -3.16,
        "weightedAverageShsOut": 1841810106,
        "weightedAverageShsOutDil": 1841810106,
        "link": "https://www.six-group.com/en/products-services/the-swiss-stock-exchange.html",
        "finalLink": "https://www.six-group.com/en/products-services/the-swiss-stock-exchange.html"
    },
    {
        "date": "2015-09-30",
        "symbol": "CS",
        "reportedCurrency": "CHF",
        "cik": "0001159510",
        "fillingDate": "2015-09-30",
        "acceptedDate": "2015-09-29 20:00:00",
        "calendarYear": "2015",
        "period": "Q3",
        "revenue": 5532000000,
        "costOfRevenue": 0,
        "grossProfit": 5532000000,
        "grossProfitRatio": 1,
        "researchAndDevelopmentExpenses": 0,
        "generalAndAdministrativeExpenses": 3205000000,
        "sellingAndMarketingExpenses": 0,
        "sellingGeneralAndAdministrativeExpenses": 3205000000,
        "otherExpenses": -5537000000,
        "operatingExpenses": -2332000000,
        "costAndExpenses": -2332000000,
        "interestIncome": 4422000000,
        "interestExpense": 2338000000,
        "depreciationAndAmortization": 262000000,
        "ebitda": 3462000000,
        "ebitdaratio": 0.625813449,
        "operatingIncome": 3200000000,
        "operatingIncomeRatio": 0.5784526392,
        "totalOtherIncomeExpensesNet": -2348000000,
        "incomeBeforeTax": 852000000,
        "incomeBeforeTaxRatio": 0.1540130152,
        "incomeTaxExpense": 83000000,
        "netIncome": 779000000,
        "netIncomeRatio": 0.1408170644,
        "eps": 0.45,
        "epsdiluted": 0.43,
        "weightedAverageShsOut": 1747855959,
        "weightedAverageShsOutDil": 1807034831,
        "link": "https://www.six-group.com/en/products-services/the-swiss-stock-exchange.html",
        "finalLink": "https://www.six-group.com/en/products-services/the-swiss-stock-exchange.html"
    },
    {
        "date": "2015-06-30",
        "symbol": "CS",
        "reportedCurrency": "CHF",
        "cik": "0001159510",
        "fillingDate": "2015-06-30",
        "acceptedDate": "2015-06-29 20:00:00",
        "calendarYear": "2015",
        "period": "Q2",
        "revenue": 6549000000,
        "costOfRevenue": 0,
        "grossProfit": 6549000000,
        "grossProfitRatio": 1,
        "researchAndDevelopmentExpenses": 0,
        "generalAndAdministrativeExpenses": 4842000000,
        "sellingAndMarketingExpenses": 0,
        "sellingGeneralAndAdministrativeExpenses": 4842000000,
        "otherExpenses": -6716000000,
        "operatingExpenses": -1874000000,
        "costAndExpenses": -1874000000,
        "interestIncome": 5903000000,
        "interestExpense": 3034000000,
        "depreciationAndAmortization": 250000000,
        "ebitda": 4925000000,
        "ebitdaratio": 0.7520232097,
        "operatingIncome": 4675000000,
        "operatingIncomeRatio": 0.7138494427,
        "totalOtherIncomeExpensesNet": -3019000000,
        "incomeBeforeTax": 1656000000,
        "incomeBeforeTaxRatio": 0.2528630325,
        "incomeTaxExpense": 590000000,
        "netIncome": 1051000000,
        "netIncomeRatio": 0.1604825164,
        "eps": 0.6,
        "epsdiluted": 0.58,
        "weightedAverageShsOut": 1749775274,
        "weightedAverageShsOutDil": 1798291286,
        "link": "https://www.six-group.com/en/products-services/the-swiss-stock-exchange.html",
        "finalLink": "https://www.six-group.com/en/products-services/the-swiss-stock-exchange.html"
    },
    {
        "date": "2015-03-31",
        "symbol": "CS",
        "reportedCurrency": "CHF",
        "cik": "0001159510",
        "fillingDate": "2015-03-31",
        "acceptedDate": "2015-03-30 20:00:00",
        "calendarYear": "2015",
        "period": "Q1",
        "revenue": 6207000000,
        "costOfRevenue": 0,
        "grossProfit": 6207000000,
        "grossProfitRatio": 1,
        "researchAndDevelopmentExpenses": 0,
        "generalAndAdministrativeExpenses": 3760000000,
        "sellingAndMarketingExpenses": 0,
        "sellingGeneralAndAdministrativeExpenses": 3760000000,
        "otherExpenses": -6098000000,
        "operatingExpenses": -2338000000,
        "costAndExpenses": -2338000000,
        "interestIncome": 4490000000,
        "interestExpense": 2338000000,
        "depreciationAndAmortization": 270000000,
        "ebitda": 4139000000,
        "ebitdaratio": 0.6668277751,
        "operatingIncome": 3869000000,
        "operatingIncomeRatio": 0.6233285001,
        "totalOtherIncomeExpensesNet": -2358000000,
        "incomeBeforeTax": 1511000000,
        "incomeBeforeTaxRatio": 0.2434348316,
        "incomeTaxExpense": 477000000,
        "netIncome": 1054000000,
        "netIncomeRatio": 0.169808281,
        "eps": 0.61,
        "epsdiluted": 0.6,
        "weightedAverageShsOut": 1728982698,
        "weightedAverageShsOutDil": 1762890592,
        "link": "https://www.six-group.com/en/products-services/the-swiss-stock-exchange.html",
        "finalLink": "https://www.six-group.com/en/products-services/the-swiss-stock-exchange.html"
    },
    {
        "date": "2014-12-31",
        "symbol": "CS",
        "reportedCurrency": "CHF",
        "cik": "0001159510",
        "fillingDate": "2014-12-31",
        "acceptedDate": "2014-12-30 19:00:00",
        "calendarYear": "2014",
        "period": "Q4",
        "revenue": 5478000000,
        "costOfRevenue": 0,
        "grossProfit": 5478000000,
        "grossProfitRatio": 1,
        "researchAndDevelopmentExpenses": 0,
        "generalAndAdministrativeExpenses": 3449000000,
        "sellingAndMarketingExpenses": 0,
        "sellingGeneralAndAdministrativeExpenses": 3449000000,
        "otherExpenses": -5767000000,
        "operatingExpenses": -2318000000,
        "costAndExpenses": -2318000000,
        "interestIncome": 4406000000,
        "interestExpense": 2280000000,
        "depreciationAndAmortization": 347000000,
        "ebitda": 3507000000,
        "ebitdaratio": 0.6401971522,
        "operatingIncome": 3160000000,
        "operatingIncomeRatio": 0.576852866,
        "totalOtherIncomeExpensesNet": -2268000000,
        "incomeBeforeTax": 892000000,
        "incomeBeforeTaxRatio": 0.1628331508,
        "incomeTaxExpense": 189000000,
        "netIncome": 691000000,
        "netIncomeRatio": 0.1261409273,
        "eps": 0.4,
        "epsdiluted": 0.4,
        "weightedAverageShsOut": 1717360181,
        "weightedAverageShsOutDil": 1745403502,
        "link": "https://www.six-group.com/en/products-services/the-swiss-stock-exchange.html",
        "finalLink": "https://www.six-group.com/en/products-services/the-swiss-stock-exchange.html"
    },
    {
        "date": "2014-09-30",
        "symbol": "CS",
        "reportedCurrency": "CHF",
        "cik": "0001159510",
        "fillingDate": "2014-09-30",
        "acceptedDate": "2014-09-29 20:00:00",
        "calendarYear": "2014",
        "period": "Q3",
        "revenue": 6155000000,
        "costOfRevenue": 0,
        "grossProfit": 6155000000,
        "grossProfitRatio": 1,
        "researchAndDevelopmentExpenses": 0,
        "generalAndAdministrativeExpenses": 3537000000,
        "sellingAndMarketingExpenses": 0,
        "sellingGeneralAndAdministrativeExpenses": 3537000000,
        "otherExpenses": -5925000000,
        "operatingExpenses": -2388000000,
        "costAndExpenses": -2388000000,
        "interestIncome": 4520000000,
        "interestExpense": 2376000000,
        "depreciationAndAmortization": 7000000,
        "ebitda": 3774000000,
        "ebitdaratio": 0.6131600325,
        "operatingIncome": 3767000000,
        "operatingIncomeRatio": 0.6120227457,
        "totalOtherIncomeExpensesNet": -2429000000,
        "incomeBeforeTax": 1338000000,
        "incomeBeforeTaxRatio": 0.2173842405,
        "incomeTaxExpense": 366000000,
        "netIncome": 1025000000,
        "netIncomeRatio": 0.1665312754,
        "eps": 0.6,
        "epsdiluted": 0.59,
        "weightedAverageShsOut": 1715334237,
        "weightedAverageShsOutDil": 1735700299,
        "link": "https://www.six-group.com/en/products-services/the-swiss-stock-exchange.html",
        "finalLink": "https://www.six-group.com/en/products-services/the-swiss-stock-exchange.html"
    },
    {
        "date": "2014-06-30",
        "symbol": "CS",
        "reportedCurrency": "CHF",
        "cik": "0001159510",
        "fillingDate": "2014-06-30",
        "acceptedDate": "2014-06-29 20:00:00",
        "calendarYear": "2014",
        "period": "Q2",
        "revenue": 6086000000,
        "costOfRevenue": 0,
        "grossProfit": 6086000000,
        "grossProfitRatio": 1,
        "researchAndDevelopmentExpenses": 0,
        "generalAndAdministrativeExpenses": 6414000000,
        "sellingAndMarketingExpenses": 0,
        "sellingGeneralAndAdministrativeExpenses": 6414000000,
        "otherExpenses": -9789000000,
        "operatingExpenses": -3375000000,
        "costAndExpenses": -3375000000,
        "interestIncome": 5690000000,
        "interestExpense": 3104000000,
        "depreciationAndAmortization": 0,
        "ebitda": 2711000000,
        "ebitdaratio": 0.4454485705,
        "operatingIncome": 2711000000,
        "operatingIncomeRatio": 0.4454485705,
        "totalOtherIncomeExpensesNet": -3057000000,
        "incomeBeforeTax": -346000000,
        "incomeBeforeTaxRatio": -0.056851791,
        "incomeTaxExpense": 307000000,
        "netIncome": -700000000,
        "netIncomeRatio": -0.1150180743,
        "eps": -0.4,
        "epsdiluted": -0.4,
        "weightedAverageShsOut": 1732714699,
        "weightedAverageShsOutDil": 1732714699,
        "link": "https://www.six-group.com/en/products-services/the-swiss-stock-exchange.html",
        "finalLink": "https://www.six-group.com/en/products-services/the-swiss-stock-exchange.html"
    },
    {
        "date": "2014-03-31",
        "symbol": "CS",
        "reportedCurrency": "CHF",
        "cik": "0001159510",
        "fillingDate": "2014-03-31",
        "acceptedDate": "2014-03-30 20:00:00",
        "calendarYear": "2014",
        "period": "Q1",
        "revenue": 6371000000,
        "costOfRevenue": 0,
        "grossProfit": 6371000000,
        "grossProfitRatio": 1,
        "researchAndDevelopmentExpenses": 0,
        "generalAndAdministrativeExpenses": 3768000000,
        "sellingAndMarketingExpenses": 0,
        "sellingGeneralAndAdministrativeExpenses": 3768000000,
        "otherExpenses": -6470000000,
        "operatingExpenses": -2702000000,
        "costAndExpenses": -2702000000,
        "interestIncome": 4445000000,
        "interestExpense": 2267000000,
        "depreciationAndAmortization": 300000000,
        "ebitda": 3969000000,
        "ebitdaratio": 0.6229791242,
        "operatingIncome": 3669000000,
        "operatingIncomeRatio": 0.575890755,
        "totalOtherIncomeExpensesNet": -1926000000,
        "incomeBeforeTax": 1743000000,
        "incomeBeforeTaxRatio": 0.2735834249,
        "incomeTaxExpense": 543000000,
        "netIncome": 859000000,
        "netIncomeRatio": 0.1348296971,
        "eps": 0.5,
        "epsdiluted": 0.49,
        "weightedAverageShsOut": 1728662812,
        "weightedAverageShsOutDil": 1735700299,
        "link": "https://www.six-group.com/en/products-services/the-swiss-stock-exchange.html",
        "finalLink": "https://www.six-group.com/en/products-services/the-swiss-stock-exchange.html"
    },
    {
        "date": "2013-12-31",
        "symbol": "CS",
        "reportedCurrency": "CHF",
        "cik": "0001159510",
        "fillingDate": "2013-12-31",
        "acceptedDate": "2013-12-30 19:00:00",
        "calendarYear": "2013",
        "period": "Q4",
        "revenue": 5558000000,
        "costOfRevenue": 0,
        "grossProfit": 5558000000,
        "grossProfitRatio": 1,
        "researchAndDevelopmentExpenses": 0,
        "generalAndAdministrativeExpenses": 3625000000,
        "sellingAndMarketingExpenses": 0,
        "sellingGeneralAndAdministrativeExpenses": 3625000000,
        "otherExpenses": -7396000000,
        "operatingExpenses": -3771000000,
        "costAndExpenses": -3771000000,
        "interestIncome": 4073000000,
        "interestExpense": 2326000000,
        "depreciationAndAmortization": 354000000,
        "ebitda": 2141000000,
        "ebitdaratio": 0.3852105074,
        "operatingIncome": 1787000000,
        "operatingIncomeRatio": 0.3215185318,
        "totalOtherIncomeExpensesNet": -2120000000,
        "incomeBeforeTax": -333000000,
        "incomeBeforeTaxRatio": -0.059913638,
        "incomeTaxExpense": -63000000,
        "netIncome": -476000000,
        "netIncomeRatio": -0.0856423174,
        "eps": -0.28,
        "epsdiluted": -0.28,
        "weightedAverageShsOut": 1708083493,
        "weightedAverageShsOutDil": 1710749208,
        "link": "https://www.six-group.com/en/products-services/the-swiss-stock-exchange.html",
        "finalLink": "https://www.six-group.com/en/products-services/the-swiss-stock-exchange.html"
    },
    {
        "date": "2013-09-30",
        "symbol": "CS",
        "reportedCurrency": "CHF",
        "cik": "0001159510",
        "fillingDate": "2013-09-30",
        "acceptedDate": "2013-09-29 20:00:00",
        "calendarYear": "2013",
        "period": "Q3",
        "revenue": 5223000000,
        "costOfRevenue": 0,
        "grossProfit": 5223000000,
        "grossProfitRatio": 1,
        "researchAndDevelopmentExpenses": 0,
        "generalAndAdministrativeExpenses": 3340000000,
        "sellingAndMarketingExpenses": 0,
        "sellingGeneralAndAdministrativeExpenses": 3340000000,
        "otherExpenses": -5222000000,
        "operatingExpenses": -1882000000,
        "costAndExpenses": -1882000000,
        "interestIncome": 4446000000,
        "interestExpense": 2522000000,
        "depreciationAndAmortization": 324000000,
        "ebitda": 3665000000,
        "ebitdaratio": 0.7017040015,
        "operatingIncome": 3341000000,
        "operatingIncomeRatio": 0.6396706873,
        "totalOtherIncomeExpensesNet": -2434000000,
        "incomeBeforeTax": 907000000,
        "incomeBeforeTaxRatio": 0.1736549876,
        "incomeTaxExpense": 365000000,
        "netIncome": 454000000,
        "netIncomeRatio": 0.0869232242,
        "eps": 0.27,
        "epsdiluted": 0.27,
        "weightedAverageShsOut": 1706057550,
        "weightedAverageShsOutDil": 1709256407,
        "link": "https://www.six-group.com/en/products-services/the-swiss-stock-exchange.html",
        "finalLink": "https://www.six-group.com/en/products-services/the-swiss-stock-exchange.html"
    },
    {
        "date": "2013-06-30",
        "symbol": "CS",
        "reportedCurrency": "CHF",
        "cik": "0001159510",
        "fillingDate": "2013-06-30",
        "acceptedDate": "2013-06-29 20:00:00",
        "calendarYear": "2013",
        "period": "Q2",
        "revenue": 6541000000,
        "costOfRevenue": 0,
        "grossProfit": 6541000000,
        "grossProfitRatio": 1,
        "researchAndDevelopmentExpenses": 0,
        "generalAndAdministrativeExpenses": 3841000000,
        "sellingAndMarketingExpenses": 0,
        "sellingGeneralAndAdministrativeExpenses": 3841000000,
        "otherExpenses": -5284000000,
        "operatingExpenses": -1443000000,
        "costAndExpenses": -1443000000,
        "interestIncome": 6219000000,
        "interestExpense": 3578000000,
        "depreciationAndAmortization": 329000000,
        "ebitda": 5427000000,
        "ebitdaratio": 0.8296896499,
        "operatingIncome": 5098000000,
        "operatingIncomeRatio": 0.7793915303,
        "totalOtherIncomeExpensesNet": -3459000000,
        "incomeBeforeTax": 1639000000,
        "incomeBeforeTaxRatio": 0.2505733068,
        "incomeTaxExpense": 475000000,
        "netIncome": 1045000000,
        "netIncomeRatio": 0.1597615044,
        "eps": 0.62,
        "epsdiluted": 0.61,
        "weightedAverageShsOut": 1679293772,
        "weightedAverageShsOutDil": 1707550350,
        "link": "https://www.six-group.com/en/products-services/the-swiss-stock-exchange.html",
        "finalLink": "https://www.six-group.com/en/products-services/the-swiss-stock-exchange.html"
    },
    {
        "date": "2013-03-31",
        "symbol": "CS",
        "reportedCurrency": "CHF",
        "cik": "0001159510",
        "fillingDate": "2013-03-31",
        "acceptedDate": "2013-03-30 20:00:00",
        "calendarYear": "2013",
        "period": "Q1",
        "revenue": 6691000000,
        "costOfRevenue": 0,
        "grossProfit": 6691000000,
        "grossProfitRatio": 1,
        "researchAndDevelopmentExpenses": 0,
        "generalAndAdministrativeExpenses": 4778000000,
        "sellingAndMarketingExpenses": 0,
        "sellingGeneralAndAdministrativeExpenses": 4778000000,
        "otherExpenses": -6639000000,
        "operatingExpenses": -1861000000,
        "costAndExpenses": -1861000000,
        "interestIncome": 4824000000,
        "interestExpense": 3017000000,
        "depreciationAndAmortization": 338000000,
        "ebitda": 5168000000,
        "ebitdaratio": 0.77238081,
        "operatingIncome": 4830000000,
        "operatingIncomeRatio": 0.721865192,
        "totalOtherIncomeExpensesNet": -2939000000,
        "incomeBeforeTax": 1891000000,
        "incomeBeforeTaxRatio": 0.2826184427,
        "incomeTaxExpense": 510000000,
        "netIncome": 1303000000,
        "netIncomeRatio": 0.1947392019,
        "eps": 0.71,
        "epsdiluted": 0.71,
        "weightedAverageShsOut": 1824688932,
        "weightedAverageShsOutDil": 1824688932,
        "link": "https://www.six-group.com/en/products-services/the-swiss-stock-exchange.html",
        "finalLink": "https://www.six-group.com/en/products-services/the-swiss-stock-exchange.html"
    },
    {
        "date": "2012-12-31",
        "symbol": "CS",
        "reportedCurrency": "CHF",
        "cik": "0001159510",
        "fillingDate": "2012-12-31",
        "acceptedDate": "2012-12-30 19:00:00",
        "calendarYear": "2012",
        "period": "Q4",
        "revenue": 3417000000,
        "costOfRevenue": 0,
        "grossProfit": 3417000000,
        "grossProfitRatio": 1,
        "researchAndDevelopmentExpenses": 0,
        "generalAndAdministrativeExpenses": 950000000,
        "sellingAndMarketingExpenses": 0,
        "sellingGeneralAndAdministrativeExpenses": -369000000,
        "otherExpenses": 218000000,
        "operatingExpenses": -151000000,
        "costAndExpenses": -151000000,
        "interestIncome": 4843000000,
        "interestExpense": 2903000000,
        "depreciationAndAmortization": 344000000,
        "ebitda": 3610000000,
        "ebitdaratio": 1.0564822944,
        "operatingIncome": 3266000000,
        "operatingIncomeRatio": 0.9558091893,
        "totalOtherIncomeExpensesNet": -2834000000,
        "incomeBeforeTax": 432000000,
        "incomeBeforeTaxRatio": 0.1264266901,
        "incomeTaxExpense": 100000000,
        "netIncome": 263000000,
        "netIncomeRatio": 0.0769681007,
        "eps": 0.18,
        "epsdiluted": 0.18,
        "weightedAverageShsOut": 1421728156,
        "weightedAverageShsOutDil": 1427298849,
        "link": "https://www.six-group.com/en/products-services/the-swiss-stock-exchange.html",
        "finalLink": "https://www.six-group.com/en/products-services/the-swiss-stock-exchange.html"
    },
    {
        "date": "2012-09-30",
        "symbol": "CS",
        "reportedCurrency": "CHF",
        "cik": "0001159510",
        "fillingDate": "2012-09-30",
        "acceptedDate": "2012-09-29 20:00:00",
        "calendarYear": "2012",
        "period": "Q3",
        "revenue": 5844000000,
        "costOfRevenue": 0,
        "grossProfit": 5844000000,
        "grossProfitRatio": 1,
        "researchAndDevelopmentExpenses": 0,
        "generalAndAdministrativeExpenses": 4956000000,
        "sellingAndMarketingExpenses": 427000000,
        "sellingGeneralAndAdministrativeExpenses": 5383000000,
        "otherExpenses": -7661000000,
        "operatingExpenses": -2278000000,
        "costAndExpenses": -2278000000,
        "interestIncome": 4923000000,
        "interestExpense": 3211000000,
        "depreciationAndAmortization": 326000000,
        "ebitda": 3892000000,
        "ebitdaratio": 0.665982204,
        "operatingIncome": 3566000000,
        "operatingIncomeRatio": 0.6101984942,
        "totalOtherIncomeExpensesNet": -3146000000,
        "incomeBeforeTax": 420000000,
        "incomeBeforeTaxRatio": 0.0718685832,
        "incomeTaxExpense": 101000000,
        "netIncome": 254000000,
        "netIncomeRatio": 0.0434633812,
        "eps": 0.18,
        "epsdiluted": 0.18,
        "weightedAverageShsOut": 1409712937,
        "weightedAverageShsOutDil": 1417468215,
        "link": "https://www.six-group.com/en/products-services/the-swiss-stock-exchange.html",
        "finalLink": "https://www.six-group.com/en/products-services/the-swiss-stock-exchange.html"
    },
    {
        "date": "2012-06-30",
        "symbol": "CS",
        "reportedCurrency": "CHF",
        "cik": "0001159510",
        "fillingDate": "2012-06-30",
        "acceptedDate": "2012-06-29 20:00:00",
        "calendarYear": "2012",
        "period": "Q2",
        "revenue": 6275000000,
        "costOfRevenue": 0,
        "grossProfit": 6275000000,
        "grossProfitRatio": 1,
        "researchAndDevelopmentExpenses": 0,
        "generalAndAdministrativeExpenses": 3119000000,
        "sellingAndMarketingExpenses": 441000000,
        "sellingGeneralAndAdministrativeExpenses": 3560000000,
        "otherExpenses": -3306000000,
        "operatingExpenses": 254000000,
        "costAndExpenses": 254000000,
        "interestIncome": 7044000000,
        "interestExpense": 5430000000,
        "depreciationAndAmortization": 7000000,
        "ebitda": 6536000000,
        "ebitdaratio": 1.0415936255,
        "operatingIncome": 6529000000,
        "operatingIncomeRatio": 1.0404780876,
        "totalOtherIncomeExpensesNet": -5398000000,
        "incomeBeforeTax": 1131000000,
        "incomeBeforeTaxRatio": 0.1802390438,
        "incomeTaxExpense": 311000000,
        "netIncome": 788000000,
        "netIncomeRatio": 0.1255776892,
        "eps": 0.56,
        "epsdiluted": 0.55,
        "weightedAverageShsOut": 1400537678,
        "weightedAverageShsOutDil": 1438221776,
        "link": "https://www.six-group.com/en/products-services/the-swiss-stock-exchange.html",
        "finalLink": "https://www.six-group.com/en/products-services/the-swiss-stock-exchange.html"
    },
    {
        "date": "2012-03-31",
        "symbol": "CS",
        "reportedCurrency": "CHF",
        "cik": "0001159510",
        "fillingDate": "2012-03-31",
        "acceptedDate": "2012-03-30 20:00:00",
        "calendarYear": "2012",
        "period": "Q1",
        "revenue": 6047000000,
        "costOfRevenue": 0,
        "grossProfit": 6047000000,
        "grossProfitRatio": 1,
        "researchAndDevelopmentExpenses": 0,
        "generalAndAdministrativeExpenses": 5364000000,
        "sellingAndMarketingExpenses": 451000000,
        "sellingGeneralAndAdministrativeExpenses": 5815000000,
        "otherExpenses": -8423000000,
        "operatingExpenses": -2608000000,
        "costAndExpenses": -2608000000,
        "interestIncome": 5295000000,
        "interestExpense": 3411000000,
        "depreciationAndAmortization": 0,
        "ebitda": 3439000000,
        "ebitdaratio": 0.5687117579,
        "operatingIncome": 3439000000,
        "operatingIncomeRatio": 0.5687117579,
        "totalOtherIncomeExpensesNet": -3241000000,
        "incomeBeforeTax": 198000000,
        "incomeBeforeTaxRatio": 0.0327435092,
        "incomeTaxExpense": -16000000,
        "netIncome": 44000000,
        "netIncomeRatio": 0.0072763354,
        "eps": 0.0324,
        "epsdiluted": 0.032,
        "weightedAverageShsOut": 1359030556,
        "weightedAverageShsOutDil": 1373339591,
        "link": "https://www.six-group.com/en/products-services/the-swiss-stock-exchange.html",
        "finalLink": "https://www.six-group.com/en/products-services/the-swiss-stock-exchange.html"
    },
    {
        "date": "2011-12-31",
        "symbol": "CS",
        "reportedCurrency": "CHF",
        "cik": "0001159510",
        "fillingDate": "2011-12-31",
        "acceptedDate": "2011-12-30 19:00:00",
        "calendarYear": "2011",
        "period": "Q4",
        "revenue": 2395000000,
        "costOfRevenue": 0,
        "grossProfit": 2395000000,
        "grossProfitRatio": 1,
        "researchAndDevelopmentExpenses": 0,
        "generalAndAdministrativeExpenses": 960000000,
        "sellingAndMarketingExpenses": 480000000,
        "sellingGeneralAndAdministrativeExpenses": 1440000000,
        "otherExpenses": -1433000000,
        "operatingExpenses": 7000000,
        "costAndExpenses": 7000000,
        "interestIncome": 5093000000,
        "interestExpense": 3436000000,
        "depreciationAndAmortization": 342000000,
        "ebitda": 2744000000,
        "ebitdaratio": 1.1457202505,
        "operatingIncome": 2402000000,
        "operatingIncomeRatio": 1.0029227557,
        "totalOtherIncomeExpensesNet": -3391000000,
        "incomeBeforeTax": -989000000,
        "incomeBeforeTaxRatio": -0.4129436326,
        "incomeTaxExpense": -397000000,
        "netIncome": -637000000,
        "netIncomeRatio": -0.2659707724,
        "eps": -0.48,
        "epsdiluted": -0.48,
        "weightedAverageShsOut": 1314683473,
        "weightedAverageShsOutDil": 1314683473,
        "link": "https://www.six-group.com/en/products-services/the-swiss-stock-exchange.html",
        "finalLink": "https://www.six-group.com/en/products-services/the-swiss-stock-exchange.html"
    },
    {
        "date": "2011-09-30",
        "symbol": "CS",
        "reportedCurrency": "CHF",
        "cik": "0001159510",
        "fillingDate": "2011-09-30",
        "acceptedDate": "2011-09-29 20:00:00",
        "calendarYear": "2011",
        "period": "Q3",
        "revenue": 6689000000,
        "costOfRevenue": 0,
        "grossProfit": 6689000000,
        "grossProfitRatio": 1,
        "researchAndDevelopmentExpenses": 0,
        "generalAndAdministrativeExpenses": 5276000000,
        "sellingAndMarketingExpenses": 485000000,
        "sellingGeneralAndAdministrativeExpenses": 5761000000,
        "otherExpenses": -7706000000,
        "operatingExpenses": -1945000000,
        "costAndExpenses": -1945000000,
        "interestIncome": 5375000000,
        "interestExpense": 3729000000,
        "depreciationAndAmortization": 310000000,
        "ebitda": 5054000000,
        "ebitdaratio": 0.7555688444,
        "operatingIncome": 4744000000,
        "operatingIncomeRatio": 0.7092240993,
        "totalOtherIncomeExpensesNet": -3900000000,
        "incomeBeforeTax": 844000000,
        "incomeBeforeTaxRatio": 0.126177306,
        "incomeTaxExpense": 332000000,
        "netIncome": 683000000,
        "netIncomeRatio": 0.1021079384,
        "eps": 0.52,
        "epsdiluted": 0.51,
        "weightedAverageShsOut": 1314683473,
        "weightedAverageShsOutDil": 1337075473,
        "link": "https://www.six-group.com/en/products-services/the-swiss-stock-exchange.html",
        "finalLink": "https://www.six-group.com/en/products-services/the-swiss-stock-exchange.html"
    },
    {
        "date": "2011-06-30",
        "symbol": "CS",
        "reportedCurrency": "CHF",
        "cik": "0001159510",
        "fillingDate": "2011-06-30",
        "acceptedDate": "2011-06-29 20:00:00",
        "calendarYear": "2011",
        "period": "Q2",
        "revenue": 6892000000,
        "costOfRevenue": 0,
        "grossProfit": 6892000000,
        "grossProfitRatio": 1,
        "researchAndDevelopmentExpenses": 0,
        "generalAndAdministrativeExpenses": 4748000000,
        "sellingAndMarketingExpenses": 491000000,
        "sellingGeneralAndAdministrativeExpenses": 5239000000,
        "otherExpenses": -5387000000,
        "operatingExpenses": -148000000,
        "costAndExpenses": -148000000,
        "interestIncome": 7082000000,
        "interestExpense": 5705000000,
        "depreciationAndAmortization": 0,
        "ebitda": 6744000000,
        "ebitdaratio": 0.978525827,
        "operatingIncome": 6744000000,
        "operatingIncomeRatio": 0.978525827,
        "totalOtherIncomeExpensesNet": -5104000000,
        "incomeBeforeTax": 1640000000,
        "incomeBeforeTaxRatio": 0.2379570517,
        "incomeTaxExpense": 271000000,
        "netIncome": 768000000,
        "netIncomeRatio": 0.1114335461,
        "eps": 0.59,
        "epsdiluted": 0.58,
        "weightedAverageShsOut": 1309986615,
        "weightedAverageShsOutDil": 1319271103,
        "link": "https://www.six-group.com/en/products-services/the-swiss-stock-exchange.html",
        "finalLink": "https://www.six-group.com/en/products-services/the-swiss-stock-exchange.html"
    },
    {
        "date": "2011-03-31",
        "symbol": "CS",
        "reportedCurrency": "CHF",
        "cik": "0001159510",
        "fillingDate": "2011-03-31",
        "acceptedDate": "2011-03-30 20:00:00",
        "calendarYear": "2011",
        "period": "Q1",
        "revenue": 8156000000,
        "costOfRevenue": 0,
        "grossProfit": 8156000000,
        "grossProfitRatio": 1,
        "researchAndDevelopmentExpenses": 0,
        "generalAndAdministrativeExpenses": 5661000000,
        "sellingAndMarketingExpenses": 536000000,
        "sellingGeneralAndAdministrativeExpenses": 6197000000,
        "otherExpenses": -9050000000,
        "operatingExpenses": -2853000000,
        "costAndExpenses": -2853000000,
        "interestIncome": 5452000000,
        "interestExpense": 3699000000,
        "depreciationAndAmortization": 0,
        "ebitda": 5303000000,
        "ebitdaratio": 0.6501961746,
        "operatingIncome": 5303000000,
        "operatingIncomeRatio": 0.6501961746,
        "totalOtherIncomeExpensesNet": -3337000000,
        "incomeBeforeTax": 1966000000,
        "incomeBeforeTaxRatio": 0.2410495341,
        "incomeTaxExpense": 465000000,
        "netIncome": 1139000000,
        "netIncomeRatio": 0.1396517901,
        "eps": 0.88,
        "epsdiluted": 0.88,
        "weightedAverageShsOut": 1293711454,
        "weightedAverageShsOutDil": 1297862166,
        "link": "https://www.six-group.com/en/products-services/the-swiss-stock-exchange.html",
        "finalLink": "https://www.six-group.com/en/products-services/the-swiss-stock-exchange.html"
    },
    {
        "date": "2010-12-31",
        "symbol": "CS",
        "reportedCurrency": "CHF",
        "cik": "0001159510",
        "fillingDate": "2010-12-31",
        "acceptedDate": "2010-12-30 19:00:00",
        "calendarYear": "2010",
        "period": "Q4",
        "revenue": 5087000000,
        "costOfRevenue": 0,
        "grossProfit": 5087000000,
        "grossProfitRatio": 1,
        "researchAndDevelopmentExpenses": 0,
        "generalAndAdministrativeExpenses": 1179000000,
        "sellingAndMarketingExpenses": 575000000,
        "sellingGeneralAndAdministrativeExpenses": 1754000000,
        "otherExpenses": -1640000000,
        "operatingExpenses": 114000000,
        "costAndExpenses": 114000000,
        "interestIncome": 5631000000,
        "interestExpense": 3955000000,
        "depreciationAndAmortization": 294000000,
        "ebitda": 5495000000,
        "ebitdaratio": 1.0802044427,
        "operatingIncome": 5201000000,
        "operatingIncomeRatio": 1.0224100649,
        "totalOtherIncomeExpensesNet": -3599000000,
        "incomeBeforeTax": 1602000000,
        "incomeBeforeTaxRatio": 0.3149203853,
        "incomeTaxExpense": 405000000,
        "netIncome": 841000000,
        "netIncomeRatio": 0.1653233733,
        "eps": 0.65,
        "epsdiluted": 0.65,
        "weightedAverageShsOut": 1300483669,
        "weightedAverageShsOutDil": 1300483669,
        "link": "https://www.six-group.com/en/products-services/the-swiss-stock-exchange.html",
        "finalLink": "https://www.six-group.com/en/products-services/the-swiss-stock-exchange.html"
    },
    {
        "date": "2010-09-30",
        "symbol": "CS",
        "reportedCurrency": "CHF",
        "cik": "0001159510",
        "fillingDate": "2010-09-30",
        "acceptedDate": "2010-09-29 20:00:00",
        "calendarYear": "2010",
        "period": "Q3",
        "revenue": 6566000000,
        "costOfRevenue": 0,
        "grossProfit": 6566000000,
        "grossProfitRatio": 1,
        "researchAndDevelopmentExpenses": 0,
        "generalAndAdministrativeExpenses": 5107000000,
        "sellingAndMarketingExpenses": 484000000,
        "sellingGeneralAndAdministrativeExpenses": 5591000000,
        "otherExpenses": -7110000000,
        "operatingExpenses": -1519000000,
        "costAndExpenses": -1519000000,
        "interestIncome": 6037000000,
        "interestExpense": 4321000000,
        "depreciationAndAmortization": 292000000,
        "ebitda": 5339000000,
        "ebitdaratio": 0.8131282364,
        "operatingIncome": 5047000000,
        "operatingIncomeRatio": 0.7686567164,
        "totalOtherIncomeExpensesNet": -4046000000,
        "incomeBeforeTax": 1001000000,
        "incomeBeforeTaxRatio": 0.1524520256,
        "incomeTaxExpense": 117000000,
        "netIncome": 609000000,
        "netIncomeRatio": 0.092750533,
        "eps": 0.47,
        "epsdiluted": 0.47,
        "weightedAverageShsOut": 1300483669,
        "weightedAverageShsOutDil": 1306382049,
        "link": "https://www.six-group.com/en/products-services/the-swiss-stock-exchange.html",
        "finalLink": "https://www.six-group.com/en/products-services/the-swiss-stock-exchange.html"
    },
    {
        "date": "2010-06-30",
        "symbol": "CS",
        "reportedCurrency": "CHF",
        "cik": "0001159510",
        "fillingDate": "2010-06-30",
        "acceptedDate": "2010-06-29 20:00:00",
        "calendarYear": "2010",
        "period": "Q2",
        "revenue": 8539000000,
        "costOfRevenue": 0,
        "grossProfit": 8539000000,
        "grossProfitRatio": 1,
        "researchAndDevelopmentExpenses": 0,
        "generalAndAdministrativeExpenses": 6041000000,
        "sellingAndMarketingExpenses": 569000000,
        "sellingGeneralAndAdministrativeExpenses": 6610000000,
        "otherExpenses": -6512000000,
        "operatingExpenses": 98000000,
        "costAndExpenses": 98000000,
        "interestIncome": 8059000000,
        "interestExpense": 6857000000,
        "depreciationAndAmortization": 293000000,
        "ebitda": 8930000000,
        "ebitdaratio": 1.0457899051,
        "operatingIncome": 8637000000,
        "operatingIncomeRatio": 1.0114767537,
        "totalOtherIncomeExpensesNet": -6728000000,
        "incomeBeforeTax": 1909000000,
        "incomeBeforeTaxRatio": 0.223562478,
        "incomeTaxExpense": 187000000,
        "netIncome": 1593000000,
        "netIncomeRatio": 0.1865558028,
        "eps": 1.21,
        "epsdiluted": 1.2,
        "weightedAverageShsOut": 1319598790,
        "weightedAverageShsOutDil": 1326043317,
        "link": "https://www.six-group.com/en/products-services/the-swiss-stock-exchange.html",
        "finalLink": "https://www.six-group.com/en/products-services/the-swiss-stock-exchange.html"
    },
    {
        "date": "2010-03-31",
        "symbol": "CS",
        "reportedCurrency": "CHF",
        "cik": "0001159510",
        "fillingDate": "2010-03-31",
        "acceptedDate": "2010-03-30 20:00:00",
        "calendarYear": "2010",
        "period": "Q1",
        "revenue": 9013000000,
        "costOfRevenue": 0,
        "grossProfit": 9013000000,
        "grossProfitRatio": 1,
        "researchAndDevelopmentExpenses": 0,
        "generalAndAdministrativeExpenses": 5568000000,
        "sellingAndMarketingExpenses": -520000000,
        "sellingGeneralAndAdministrativeExpenses": 5048000000,
        "otherExpenses": -7308000000,
        "operatingExpenses": -2260000000,
        "costAndExpenses": -2260000000,
        "interestIncome": 5806000000,
        "interestExpense": 3859000000,
        "depreciationAndAmortization": 287000000,
        "ebitda": 7040000000,
        "ebitdaratio": 0.7810939754,
        "operatingIncome": 6753000000,
        "operatingIncomeRatio": 0.7492510818,
        "totalOtherIncomeExpensesNet": -3778000000,
        "incomeBeforeTax": 2975000000,
        "incomeBeforeTaxRatio": 0.3300787751,
        "incomeTaxExpense": 839000000,
        "netIncome": 2055000000,
        "netIncomeRatio": 0.2280039942,
        "eps": 1.58,
        "epsdiluted": 1.57,
        "weightedAverageShsOut": 1304634381,
        "weightedAverageShsOutDil": 1312717347,
        "link": "https://www.six-group.com/en/products-services/the-swiss-stock-exchange.html",
        "finalLink": "https://www.six-group.com/en/products-services/the-swiss-stock-exchange.html"
    },
    {
        "date": "2009-12-31",
        "symbol": "CS",
        "reportedCurrency": "CHF",
        "cik": "0001159510",
        "fillingDate": "2009-12-31",
        "acceptedDate": "2009-12-30 19:00:00",
        "calendarYear": "2009",
        "period": "Q4",
        "revenue": 5097000000,
        "costOfRevenue": 0,
        "grossProfit": 5097000000,
        "grossProfitRatio": 1,
        "researchAndDevelopmentExpenses": 0,
        "generalAndAdministrativeExpenses": 234000000,
        "sellingAndMarketingExpenses": 530000000,
        "sellingGeneralAndAdministrativeExpenses": 764000000,
        "otherExpenses": -1272000000,
        "operatingExpenses": -508000000,
        "costAndExpenses": -508000000,
        "interestIncome": 5249000000,
        "interestExpense": 3335000000,
        "depreciationAndAmortization": 315000000,
        "ebitda": 4904000000,
        "ebitdaratio": 0.962134589,
        "operatingIncome": 4589000000,
        "operatingIncomeRatio": 0.9003335295,
        "totalOtherIncomeExpensesNet": -3129000000,
        "incomeBeforeTax": 1460000000,
        "incomeBeforeTaxRatio": 0.2864430057,
        "incomeTaxExpense": 461000000,
        "netIncome": 793000000,
        "netIncomeRatio": 0.1555817147,
        "eps": 0.62,
        "epsdiluted": 0.62,
        "weightedAverageShsOut": 1285300800,
        "weightedAverageShsOutDil": 1285300800,
        "link": "https://www.six-group.com/en/products-services/the-swiss-stock-exchange.html",
        "finalLink": "https://www.six-group.com/en/products-services/the-swiss-stock-exchange.html"
    },
    {
        "date": "2009-09-30",
        "symbol": "CS",
        "reportedCurrency": "CHF",
        "cik": "0001159510",
        "fillingDate": "2009-09-30",
        "acceptedDate": "2009-09-29 20:00:00",
        "calendarYear": "2009",
        "period": "Q3",
        "revenue": 9870000000,
        "costOfRevenue": 0,
        "grossProfit": 9870000000,
        "grossProfitRatio": 1,
        "researchAndDevelopmentExpenses": 0,
        "generalAndAdministrativeExpenses": 5776000000,
        "sellingAndMarketingExpenses": 498000000,
        "sellingGeneralAndAdministrativeExpenses": 6274000000,
        "otherExpenses": -9742000000,
        "operatingExpenses": -3468000000,
        "costAndExpenses": -3468000000,
        "interestIncome": 5340000000,
        "interestExpense": 3621000000,
        "depreciationAndAmortization": 271000000,
        "ebitda": 6673000000,
        "ebitdaratio": 0.6760891591,
        "operatingIncome": 6402000000,
        "operatingIncomeRatio": 0.6486322188,
        "totalOtherIncomeExpensesNet": -2859000000,
        "incomeBeforeTax": 3543000000,
        "incomeBeforeTaxRatio": 0.3589665653,
        "incomeTaxExpense": 427000000,
        "netIncome": 2354000000,
        "netIncomeRatio": 0.2385005066,
        "eps": 1.83,
        "epsdiluted": 1.75,
        "weightedAverageShsOut": 1285300800,
        "weightedAverageShsOutDil": 1343192312,
        "link": "https://www.six-group.com/en/products-services/the-swiss-stock-exchange.html",
        "finalLink": "https://www.six-group.com/en/products-services/the-swiss-stock-exchange.html"
    },
    {
        "date": "2009-06-30",
        "symbol": "CS",
        "reportedCurrency": "CHF",
        "cik": "0001159510",
        "fillingDate": "2009-06-30",
        "acceptedDate": "2009-06-29 20:00:00",
        "calendarYear": "2009",
        "period": "Q2",
        "revenue": 8603000000,
        "costOfRevenue": 0,
        "grossProfit": 8603000000,
        "grossProfitRatio": 1,
        "researchAndDevelopmentExpenses": 0,
        "generalAndAdministrativeExpenses": 6284000000,
        "sellingAndMarketingExpenses": 502000000,
        "sellingGeneralAndAdministrativeExpenses": 6786000000,
        "otherExpenses": -7304000000,
        "operatingExpenses": -518000000,
        "costAndExpenses": -518000000,
        "interestIncome": 7768000000,
        "interestExpense": 6548000000,
        "depreciationAndAmortization": 270000000,
        "ebitda": 8355000000,
        "ebitdaratio": 0.9711728467,
        "operatingIncome": 8085000000,
        "operatingIncomeRatio": 0.9397884459,
        "totalOtherIncomeExpensesNet": -6578000000,
        "incomeBeforeTax": 1507000000,
        "incomeBeforeTaxRatio": 0.1751714518,
        "incomeTaxExpense": -34000000,
        "netIncome": 1571000000,
        "netIncomeRatio": 0.1826107172,
        "eps": 1.23,
        "epsdiluted": 1.2,
        "weightedAverageShsOut": 1282133151,
        "weightedAverageShsOutDil": 1307802029,
        "link": "https://www.six-group.com/en/products-services/the-swiss-stock-exchange.html",
        "finalLink": "https://www.six-group.com/en/products-services/the-swiss-stock-exchange.html"
    },
    {
        "date": "2009-03-31",
        "symbol": "CS",
        "reportedCurrency": "CHF",
        "cik": "0001159510",
        "fillingDate": "2009-03-31",
        "acceptedDate": "2009-03-30 20:00:00",
        "calendarYear": "2009",
        "period": "Q1",
        "revenue": 8106000000,
        "costOfRevenue": 0,
        "grossProfit": 8106000000,
        "grossProfitRatio": 1,
        "researchAndDevelopmentExpenses": 0,
        "generalAndAdministrativeExpenses": 5889000000,
        "sellingAndMarketingExpenses": 467000000,
        "sellingGeneralAndAdministrativeExpenses": 6356000000,
        "otherExpenses": -6582000000,
        "operatingExpenses": -226000000,
        "costAndExpenses": -226000000,
        "interestIncome": 6931000000,
        "interestExpense": 4893000000,
        "depreciationAndAmortization": 258000000,
        "ebitda": 8138000000,
        "ebitdaratio": 1.0039476931,
        "operatingIncome": 7880000000,
        "operatingIncomeRatio": 0.9721194177,
        "totalOtherIncomeExpensesNet": -6313000000,
        "incomeBeforeTax": 1567000000,
        "incomeBeforeTaxRatio": 0.1933135949,
        "incomeTaxExpense": 981000000,
        "netIncome": 2006000000,
        "netIncomeRatio": 0.2474710091,
        "eps": 1.57,
        "epsdiluted": 1.56,
        "weightedAverageShsOut": 1279402420,
        "weightedAverageShsOutDil": 1284973112,
        "link": "https://www.six-group.com/en/products-services/the-swiss-stock-exchange.html",
        "finalLink": "https://www.six-group.com/en/products-services/the-swiss-stock-exchange.html"
    },
    {
        "date": "2008-12-31",
        "symbol": "CS",
        "reportedCurrency": "CHF",
        "cik": "0001159510",
        "fillingDate": "2008-12-31",
        "acceptedDate": "2008-12-30 19:00:00",
        "calendarYear": "2008",
        "period": "Q4",
        "revenue": -4252000000,
        "costOfRevenue": 0,
        "grossProfit": -4252000000,
        "grossProfitRatio": 1,
        "researchAndDevelopmentExpenses": 0,
        "generalAndAdministrativeExpenses": 492000000,
        "sellingAndMarketingExpenses": 492000000,
        "sellingGeneralAndAdministrativeExpenses": 984000000,
        "otherExpenses": 1681000000,
        "operatingExpenses": 2665000000,
        "costAndExpenses": 2665000000,
        "interestIncome": 10253000000,
        "interestExpense": 7614000000,
        "depreciationAndAmortization": 471000000,
        "ebitda": -1116000000,
        "ebitdaratio": 0.2624647225,
        "operatingIncome": -1587000000,
        "operatingIncomeRatio": 0.3732361242,
        "totalOtherIncomeExpensesNet": -9769000000,
        "incomeBeforeTax": -11356000000,
        "incomeBeforeTaxRatio": 2.6707431797,
        "incomeTaxExpense": -3177000000,
        "netIncome": -6024000000,
        "netIncomeRatio": 1.4167450611,
        "eps": -5.33,
        "epsdiluted": -5.33,
        "weightedAverageShsOut": 1129539864,
        "weightedAverageShsOutDil": 1129539864,
        "link": "https://www.six-group.com/en/products-services/the-swiss-stock-exchange.html",
        "finalLink": "https://www.six-group.com/en/products-services/the-swiss-stock-exchange.html"
    },
    {
        "date": "2008-09-30",
        "symbol": "CS",
        "reportedCurrency": "CHF",
        "cik": "0001159510",
        "fillingDate": "2008-09-30",
        "acceptedDate": "2008-09-29 20:00:00",
        "calendarYear": "2008",
        "period": "Q3",
        "revenue": 2770000000,
        "costOfRevenue": 0,
        "grossProfit": 2770000000,
        "grossProfitRatio": 1,
        "researchAndDevelopmentExpenses": 0,
        "generalAndAdministrativeExpenses": 4929000000,
        "sellingAndMarketingExpenses": 568000000,
        "sellingGeneralAndAdministrativeExpenses": 5497000000,
        "otherExpenses": -855000000,
        "operatingExpenses": 4642000000,
        "costAndExpenses": 4642000000,
        "interestIncome": 11865000000,
        "interestExpense": 9934000000,
        "depreciationAndAmortization": 226911100,
        "ebitda": 7638911100,
        "ebitdaratio": 2.757729639,
        "operatingIncome": 7412000000,
        "operatingIncomeRatio": 2.6758122744,
        "totalOtherIncomeExpensesNet": -10270000000,
        "incomeBeforeTax": -2858000000,
        "incomeBeforeTaxRatio": -1.0317689531,
        "incomeTaxExpense": -1261000000,
        "netIncome": -1261000000,
        "netIncomeRatio": -0.455234657,
        "eps": -1.12,
        "epsdiluted": -1.12,
        "weightedAverageShsOut": 1129539864,
        "weightedAverageShsOutDil": 1129539864,
        "link": "https://www.six-group.com/en/products-services/the-swiss-stock-exchange.html",
        "finalLink": "https://www.six-group.com/en/products-services/the-swiss-stock-exchange.html"
    },
    {
        "date": "2008-06-30",
        "symbol": "CS",
        "reportedCurrency": "CHF",
        "cik": "0001159510",
        "fillingDate": "2008-06-30",
        "acceptedDate": "2008-06-29 20:00:00",
        "calendarYear": "2008",
        "period": "Q2",
        "revenue": 8148680400,
        "costOfRevenue": 0,
        "grossProfit": 8148680400,
        "grossProfitRatio": 1,
        "researchAndDevelopmentExpenses": 0,
        "generalAndAdministrativeExpenses": 4082513400,
        "sellingAndMarketingExpenses": 0,
        "sellingGeneralAndAdministrativeExpenses": 4082513400,
        "otherExpenses": 502651800,
        "operatingExpenses": 4585165200,
        "costAndExpenses": 4585165200,
        "interestIncome": 13082228250,
        "interestExpense": 11219760300,
        "depreciationAndAmortization": 0,
        "ebitda": 12733845600,
        "ebitdaratio": 1.5626880642,
        "operatingIncome": 12733845600,
        "operatingIncomeRatio": 1.5626880642,
        "totalOtherIncomeExpensesNet": -11219760300,
        "incomeBeforeTax": 1514085300,
        "incomeBeforeTaxRatio": 0.1858074223,
        "incomeTaxExpense": 297300150,
        "netIncome": 1216785150,
        "netIncomeRatio": 0.1493229689,
        "eps": 1.08,
        "epsdiluted": 1.03,
        "weightedAverageShsOut": 1123969171,
        "weightedAverageShsOutDil": 1183141242,
        "link": "https://www.six-group.com/en/products-services/the-swiss-stock-exchange.html",
        "finalLink": "https://www.six-group.com/en/products-services/the-swiss-stock-exchange.html"
    },
    {
        "date": "2008-03-31",
        "symbol": "CS",
        "reportedCurrency": "CHF",
        "cik": "0001159510",
        "fillingDate": "2008-03-31",
        "acceptedDate": "2008-03-30 20:00:00",
        "calendarYear": "2008",
        "period": "Q1",
        "revenue": 3089457000,
        "costOfRevenue": 0,
        "grossProfit": 3089457000,
        "grossProfitRatio": 1,
        "researchAndDevelopmentExpenses": 0,
        "generalAndAdministrativeExpenses": 3258063000,
        "sellingAndMarketingExpenses": 0,
        "sellingGeneralAndAdministrativeExpenses": 3258063000,
        "otherExpenses": 1688043600,
        "operatingExpenses": 4946106600,
        "costAndExpenses": 4946106600,
        "interestIncome": 12736695600,
        "interestExpense": 10634079600,
        "depreciationAndAmortization": 0,
        "ebitda": 8035563600,
        "ebitdaratio": 2.6009630819,
        "operatingIncome": 8035563600,
        "operatingIncomeRatio": 2.6009630819,
        "totalOtherIncomeExpensesNet": -10634079600,
        "incomeBeforeTax": -2598516000,
        "incomeBeforeTaxRatio": -0.8410914928,
        "incomeTaxExpense": -454244400,
        "netIncome": -2144271600,
        "netIncomeRatio": -0.6940609952,
        "eps": -1.92,
        "epsdiluted": -1.92,
        "weightedAverageShsOut": 1118289249,
        "weightedAverageShsOutDil": 1118289249,
        "link": "https://www.six-group.com/en/products-services/the-swiss-stock-exchange.html",
        "finalLink": "https://www.six-group.com/en/products-services/the-swiss-stock-exchange.html"
    },
    {
        "date": "2007-12-31",
        "symbol": "CS",
        "reportedCurrency": "CHF",
        "cik": "0001159510",
        "fillingDate": "2007-12-31",
        "acceptedDate": "2007-12-30 19:00:00",
        "calendarYear": "2007",
        "period": "Q4",
        "revenue": 5392548300,
        "costOfRevenue": 0,
        "grossProfit": 5392548300,
        "grossProfitRatio": 1,
        "researchAndDevelopmentExpenses": 0,
        "generalAndAdministrativeExpenses": 6090133400,
        "sellingAndMarketingExpenses": 0,
        "sellingGeneralAndAdministrativeExpenses": 6090133400,
        "otherExpenses": 1757651000,
        "operatingExpenses": 7847784400,
        "costAndExpenses": 7847784400,
        "interestIncome": 15257550500,
        "interestExpense": 13097082900,
        "depreciationAndAmortization": 251026900,
        "ebitda": 13491359600,
        "ebitdaratio": 2.5018523432,
        "operatingIncome": 13240332700,
        "operatingIncomeRatio": 2.4553016428,
        "totalOtherIncomeExpensesNet": -8359082900,
        "incomeBeforeTax": 4881249800,
        "incomeBeforeTaxRatio": 0.9051842521,
        "incomeTaxExpense": -402196700,
        "netIncome": 545446500,
        "netIncomeRatio": 0.10114819,
        "eps": 0.49,
        "epsdiluted": 0.49,
        "weightedAverageShsOut": 1124187629,
        "weightedAverageShsOutDil": 1124187629,
        "link": "https://www.six-group.com/en/products-services/the-swiss-stock-exchange.html",
        "finalLink": "https://www.six-group.com/en/products-services/the-swiss-stock-exchange.html"
    },
    {
        "date": "2007-09-30",
        "symbol": "CS",
        "reportedCurrency": "CHF",
        "cik": "0001159510",
        "fillingDate": "2007-09-30",
        "acceptedDate": "2007-09-29 20:00:00",
        "calendarYear": "2007",
        "period": "Q3",
        "revenue": 6836676000,
        "costOfRevenue": 0,
        "grossProfit": 6836676000,
        "grossProfitRatio": 1,
        "researchAndDevelopmentExpenses": 0,
        "generalAndAdministrativeExpenses": 2390511200,
        "sellingAndMarketingExpenses": 0,
        "sellingGeneralAndAdministrativeExpenses": 2390511200,
        "otherExpenses": 6101849600,
        "operatingExpenses": 8492360800,
        "costAndExpenses": 8492360800,
        "interestIncome": 16018517900,
        "interestExpense": 14060531100,
        "depreciationAndAmortization": 210562100,
        "ebitda": 15539598900,
        "ebitdaratio": 2.2729757707,
        "operatingIncome": 15329036800,
        "operatingIncomeRatio": 2.2421768707,
        "totalOtherIncomeExpensesNet": -14060531100,
        "incomeBeforeTax": 1268505700,
        "incomeBeforeTaxRatio": 0.1855442177,
        "incomeTaxExpense": -32555600,
        "netIncome": 1301061300,
        "netIncomeRatio": 0.1903061224,
        "eps": 1.16,
        "epsdiluted": 1.08,
        "weightedAverageShsOut": 1124187629,
        "weightedAverageShsOutDil": 1209714147,
        "link": "https://www.six-group.com/en/products-services/the-swiss-stock-exchange.html",
        "finalLink": "https://www.six-group.com/en/products-services/the-swiss-stock-exchange.html"
    },
    {
        "date": "2007-06-30",
        "symbol": "CS",
        "reportedCurrency": "CHF",
        "cik": "0001159510",
        "fillingDate": "2007-06-30",
        "acceptedDate": "2007-06-29 20:00:00",
        "calendarYear": "2007",
        "period": "Q2",
        "revenue": 13033405000,
        "costOfRevenue": 0,
        "grossProfit": 13033405000,
        "grossProfitRatio": 1,
        "researchAndDevelopmentExpenses": 0,
        "generalAndAdministrativeExpenses": 5407580500,
        "sellingAndMarketingExpenses": 0,
        "sellingGeneralAndAdministrativeExpenses": 5407580500,
        "otherExpenses": -25651500,
        "operatingExpenses": 5381929000,
        "costAndExpenses": 5381929000,
        "interestIncome": 16613621500,
        "interestExpense": 14364840000,
        "depreciationAndAmortization": 208814200,
        "ebitda": 18624148200,
        "ebitdaratio": 1.4289549201,
        "operatingIncome": 18415334000,
        "operatingIncomeRatio": 1.4129334583,
        "totalOtherIncomeExpensesNet": -14364840000,
        "incomeBeforeTax": 4050494000,
        "incomeBeforeTaxRatio": 0.3107778819,
        "incomeTaxExpense": 862379000,
        "netIncome": 3188115000,
        "netIncomeRatio": 0.244611059,
        "eps": 2.74,
        "epsdiluted": 2.58,
        "weightedAverageShsOut": 1161762498,
        "weightedAverageShsOutDil": 1235055337,
        "link": "https://www.six-group.com/en/products-services/the-swiss-stock-exchange.html",
        "finalLink": "https://www.six-group.com/en/products-services/the-swiss-stock-exchange.html"
    },
    {
        "date": "2007-03-31",
        "symbol": "CS",
        "reportedCurrency": "CHF",
        "cik": "0001159510",
        "fillingDate": "2007-03-31",
        "acceptedDate": "2007-03-30 20:00:00",
        "calendarYear": "2007",
        "period": "Q1",
        "revenue": 11619742400,
        "costOfRevenue": 0,
        "grossProfit": 11619742400,
        "grossProfitRatio": 1,
        "researchAndDevelopmentExpenses": 0,
        "generalAndAdministrativeExpenses": 4949509600,
        "sellingAndMarketingExpenses": 0,
        "sellingGeneralAndAdministrativeExpenses": 4949509600,
        "otherExpenses": -415598400,
        "operatingExpenses": 4533911200,
        "costAndExpenses": 4533911200,
        "interestIncome": 14691768000,
        "interestExpense": 12602839200,
        "depreciationAndAmortization": 223596800,
        "ebitda": 16377250400,
        "ebitdaratio": 1.409433173,
        "operatingIncome": 16153653600,
        "operatingIncomeRatio": 1.3901903367,
        "totalOtherIncomeExpensesNet": -12602839200,
        "incomeBeforeTax": 3550814400,
        "incomeBeforeTaxRatio": 0.3055846057,
        "incomeTaxExpense": 821475200,
        "netIncome": 2729339200,
        "netIncomeRatio": 0.2348880987,
        "eps": 2.34,
        "epsdiluted": 2.21,
        "weightedAverageShsOut": 1164602459,
        "weightedAverageShsOutDil": 1233963044,
        "link": "https://www.six-group.com/en/products-services/the-swiss-stock-exchange.html",
        "finalLink": "https://www.six-group.com/en/products-services/the-swiss-stock-exchange.html"
    },
    {
        "date": "2006-12-31",
        "symbol": "CS",
        "reportedCurrency": "CHF",
        "cik": "0001159510",
        "fillingDate": "2006-12-31",
        "acceptedDate": "2006-12-30 19:00:00",
        "calendarYear": "2006",
        "period": "Q4",
        "revenue": 8348187500,
        "costOfRevenue": 0,
        "grossProfit": 8348187500,
        "grossProfitRatio": 1,
        "researchAndDevelopmentExpenses": 0,
        "generalAndAdministrativeExpenses": 6603062500,
        "sellingAndMarketingExpenses": 0,
        "sellingGeneralAndAdministrativeExpenses": 6603062500,
        "otherExpenses": 2045817500,
        "operatingExpenses": 8648880000,
        "costAndExpenses": 8648880000,
        "interestIncome": 12952015000,
        "interestExpense": 11533790000,
        "depreciationAndAmortization": 256207500,
        "ebitda": 17253275000,
        "ebitdaratio": 2.066709091,
        "operatingIncome": 16997067500,
        "operatingIncomeRatio": 2.0360188963,
        "totalOtherIncomeExpensesNet": -9975345000,
        "incomeBeforeTax": 7021722500,
        "incomeBeforeTaxRatio": 0.841107426,
        "incomeTaxExpense": 802082500,
        "netIncome": 4661195000,
        "netIncomeRatio": 0.5583481444,
        "eps": 3.94,
        "epsdiluted": 3.94,
        "weightedAverageShsOut": 1184482186,
        "weightedAverageShsOutDil": 1184482186,
        "link": "https://www.six-group.com/en/products-services/the-swiss-stock-exchange.html",
        "finalLink": "https://www.six-group.com/en/products-services/the-swiss-stock-exchange.html"
    },
    {
        "date": "2006-09-30",
        "symbol": "CS",
        "reportedCurrency": "CHF",
        "cik": "0001159510",
        "fillingDate": "2006-09-30",
        "acceptedDate": "2006-09-29 20:00:00",
        "calendarYear": "2006",
        "period": "Q3",
        "revenue": 8089897500,
        "costOfRevenue": 0,
        "grossProfit": 8089897500,
        "grossProfitRatio": 1,
        "researchAndDevelopmentExpenses": 0,
        "generalAndAdministrativeExpenses": 3433102500,
        "sellingAndMarketingExpenses": 0,
        "sellingGeneralAndAdministrativeExpenses": 3433102500,
        "otherExpenses": 1977697500,
        "operatingExpenses": 5410800000,
        "costAndExpenses": 5410800000,
        "interestIncome": 12846892500,
        "interestExpense": 11237430000,
        "depreciationAndAmortization": 207906150,
        "ebitda": 13708603650,
        "ebitdaratio": 1.6945336637,
        "operatingIncome": 13500697500,
        "operatingIncomeRatio": 1.6688341849,
        "totalOtherIncomeExpensesNet": -11662027500,
        "incomeBeforeTax": 1838670000,
        "incomeBeforeTaxRatio": 0.2272797647,
        "incomeTaxExpense": 368235000,
        "netIncome": 1895032500,
        "netIncomeRatio": 0.2342467874,
        "eps": 1.6,
        "epsdiluted": 1.53,
        "weightedAverageShsOut": 1184482186,
        "weightedAverageShsOutDil": 1239970654,
        "link": "https://www.six-group.com/en/products-services/the-swiss-stock-exchange.html",
        "finalLink": "https://www.six-group.com/en/products-services/the-swiss-stock-exchange.html"
    },
    {
        "date": "2006-06-30",
        "symbol": "CS",
        "reportedCurrency": "CHF",
        "cik": "0001159510",
        "fillingDate": "2006-06-30",
        "acceptedDate": "2006-06-29 20:00:00",
        "calendarYear": "2006",
        "period": "Q2",
        "revenue": 8802914400,
        "costOfRevenue": 0,
        "grossProfit": 8802914400,
        "grossProfitRatio": 1,
        "researchAndDevelopmentExpenses": 0,
        "generalAndAdministrativeExpenses": 3703007700,
        "sellingAndMarketingExpenses": 0,
        "sellingGeneralAndAdministrativeExpenses": 3703007700,
        "otherExpenses": 1421406000,
        "operatingExpenses": 5124413700,
        "costAndExpenses": 5124413700,
        "interestIncome": 13132075950,
        "interestExpense": 11263417200,
        "depreciationAndAmortization": 259656750,
        "ebitda": 14186984850,
        "ebitdaratio": 1.6116236289,
        "operatingIncome": 13927328100,
        "operatingIncomeRatio": 1.5821269488,
        "totalOtherIncomeExpensesNet": -11550149100,
        "incomeBeforeTax": 2377179000,
        "incomeBeforeTaxRatio": 0.2700445434,
        "incomeTaxExpense": 502393500,
        "netIncome": 2161517400,
        "netIncomeRatio": 0.245545657,
        "eps": 1.78,
        "epsdiluted": 1.71,
        "weightedAverageShsOut": 1215721756,
        "weightedAverageShsOutDil": 1267059512,
        "link": "https://www.six-group.com/en/products-services/the-swiss-stock-exchange.html",
        "finalLink": "https://www.six-group.com/en/products-services/the-swiss-stock-exchange.html"
    },
    {
        "date": "2006-03-31",
        "symbol": "CS",
        "reportedCurrency": "CHF",
        "cik": "0001159510",
        "fillingDate": "2006-03-31",
        "acceptedDate": "2006-03-30 19:00:00",
        "calendarYear": "2006",
        "period": "Q1",
        "revenue": 21787393200,
        "costOfRevenue": 0,
        "grossProfit": 21787393200,
        "grossProfitRatio": 1,
        "researchAndDevelopmentExpenses": 0,
        "generalAndAdministrativeExpenses": 13848814800,
        "sellingAndMarketingExpenses": 0,
        "sellingGeneralAndAdministrativeExpenses": 13848814800,
        "otherExpenses": -22481334000,
        "operatingExpenses": -8632519200,
        "costAndExpenses": -8632519200,
        "interestIncome": 12558763200,
        "interestExpense": 9687778800,
        "depreciationAndAmortization": 305229600,
        "ebitda": 13460103600,
        "ebitdaratio": 0.6177932108,
        "operatingIncome": 13154874000,
        "operatingIncomeRatio": 0.6037837514,
        "totalOtherIncomeExpensesNet": -9687778800,
        "incomeBeforeTax": 3467095200,
        "incomeBeforeTaxRatio": 0.1591330899,
        "incomeTaxExpense": 860904000,
        "netIncome": 2606191200,
        "netIncomeRatio": 0.1196192301,
        "eps": 2.12,
        "epsdiluted": 2.02,
        "weightedAverageShsOut": 1232106147,
        "weightedAverageShsOutDil": 1288031532,
        "link": "https://www.six-group.com/en/products-services/the-swiss-stock-exchange.html",
        "finalLink": "https://www.six-group.com/en/products-services/the-swiss-stock-exchange.html"
    },
    {
        "date": "2005-12-31",
        "symbol": "CS",
        "reportedCurrency": "CHF",
        "cik": "0001159510",
        "fillingDate": "2005-12-31",
        "acceptedDate": "2005-12-30 19:00:00",
        "calendarYear": "2005",
        "period": "Q4",
        "revenue": 14137374350,
        "costOfRevenue": 0,
        "grossProfit": 14137374350,
        "grossProfitRatio": 1,
        "researchAndDevelopmentExpenses": 0,
        "generalAndAdministrativeExpenses": 8763021700,
        "sellingAndMarketingExpenses": 0,
        "sellingGeneralAndAdministrativeExpenses": 8763021700,
        "otherExpenses": -12484340150,
        "operatingExpenses": -3721318450,
        "costAndExpenses": -3721318450,
        "interestIncome": 11664211650,
        "interestExpense": 9215465500,
        "depreciationAndAmortization": 375558000,
        "ebitda": 10791613900,
        "ebitdaratio": 0.7633393325,
        "operatingIncome": 10416055900,
        "operatingIncomeRatio": 0.736774428,
        "totalOtherIncomeExpensesNet": -9225575800,
        "incomeBeforeTax": 1190480100,
        "incomeBeforeTaxRatio": 0.0842080057,
        "incomeTaxExpense": 80020850,
        "netIncome": 1120569550,
        "netIncomeRatio": 0.0792629184,
        "eps": 0.93,
        "epsdiluted": 0.93,
        "weightedAverageShsOut": 1209168000,
        "weightedAverageShsOutDil": 1209168000,
        "link": "https://www.six-group.com/en/products-services/the-swiss-stock-exchange.html",
        "finalLink": "https://www.six-group.com/en/products-services/the-swiss-stock-exchange.html"
    },
    {
        "date": "2005-09-30",
        "symbol": "CS",
        "reportedCurrency": "CHF",
        "cik": "0001159510",
        "fillingDate": "2005-09-30",
        "acceptedDate": "2005-09-29 20:00:00",
        "calendarYear": "2005",
        "period": "Q3",
        "revenue": 15499506400,
        "costOfRevenue": 0,
        "grossProfit": 15499506400,
        "grossProfitRatio": 1,
        "researchAndDevelopmentExpenses": 0,
        "generalAndAdministrativeExpenses": 9269439450,
        "sellingAndMarketingExpenses": 0,
        "sellingGeneralAndAdministrativeExpenses": 9269439450,
        "otherExpenses": -14797217350,
        "operatingExpenses": -5527777900,
        "costAndExpenses": -5527777900,
        "interestIncome": 10437334500,
        "interestExpense": 7617831500,
        "depreciationAndAmortization": 482400640,
        "ebitda": 10454129140,
        "ebitdaratio": 0.6744814235,
        "operatingIncome": 9971728500,
        "operatingIncomeRatio": 0.6433578104,
        "totalOtherIncomeExpensesNet": -7602311300,
        "incomeBeforeTax": 2369417200,
        "incomeBeforeTaxRatio": 0.152870494,
        "incomeTaxExpense": 437152300,
        "netIncome": 1916744700,
        "netIncomeRatio": 0.1236648865,
        "eps": 1.59,
        "epsdiluted": 1.48,
        "weightedAverageShsOut": 1209168000,
        "weightedAverageShsOutDil": 1294257600,
        "link": "https://www.six-group.com/en/products-services/the-swiss-stock-exchange.html",
        "finalLink": "https://www.six-group.com/en/products-services/the-swiss-stock-exchange.html"
    },
    {
        "date": "2005-06-30",
        "symbol": "CS",
        "reportedCurrency": "CHF",
        "cik": "0001159510",
        "fillingDate": "2005-06-30",
        "acceptedDate": "2005-06-29 20:00:00",
        "calendarYear": "2005",
        "period": "Q2",
        "revenue": 14081998930,
        "costOfRevenue": 0,
        "grossProfit": 14081998930,
        "grossProfitRatio": 1,
        "researchAndDevelopmentExpenses": 0,
        "generalAndAdministrativeExpenses": 8198590770,
        "sellingAndMarketingExpenses": 0,
        "sellingGeneralAndAdministrativeExpenses": 8198590770,
        "otherExpenses": -14339526160,
        "operatingExpenses": -6140935390,
        "costAndExpenses": -6140935390,
        "interestIncome": 10108904700,
        "interestExpense": 6811018680,
        "depreciationAndAmortization": 271352060,
        "ebitda": 8212415600,
        "ebitdaratio": 0.5831853589,
        "operatingIncome": 7941063540,
        "operatingIncomeRatio": 0.5639159312,
        "totalOtherIncomeExpensesNet": -6809737450,
        "incomeBeforeTax": 1131326090,
        "incomeBeforeTaxRatio": 0.0803384587,
        "incomeTaxExpense": 212684180,
        "netIncome": 917360680,
        "netIncomeRatio": 0.0651442089,
        "eps": 0.74,
        "epsdiluted": 0.7,
        "weightedAverageShsOut": 1231669229,
        "weightedAverageShsOutDil": 1309112781,
        "link": "https://www.six-group.com/en/products-services/the-swiss-stock-exchange.html",
        "finalLink": "https://www.six-group.com/en/products-services/the-swiss-stock-exchange.html"
    },
    {
        "date": "2005-03-31",
        "symbol": "CS",
        "reportedCurrency": "CHF",
        "cik": "0001159510",
        "fillingDate": "2005-03-31",
        "acceptedDate": "2005-03-30 19:00:00",
        "calendarYear": "2005",
        "period": "Q1",
        "revenue": 17062366500,
        "costOfRevenue": 0,
        "grossProfit": 17062366500,
        "grossProfitRatio": 1,
        "researchAndDevelopmentExpenses": 0,
        "generalAndAdministrativeExpenses": 11402421300,
        "sellingAndMarketingExpenses": 0,
        "sellingGeneralAndAdministrativeExpenses": 11402421300,
        "otherExpenses": -20165049900,
        "operatingExpenses": -8762628600,
        "costAndExpenses": -8762628600,
        "interestIncome": 8814060900,
        "interestExpense": 5759221500,
        "depreciationAndAmortization": 410262300,
        "ebitda": 8710000200,
        "ebitdaratio": 0.5104801963,
        "operatingIncome": 8299737900,
        "operatingIncomeRatio": 0.4864353312,
        "totalOtherIncomeExpensesNet": -5753241000,
        "incomeBeforeTax": 2546496900,
        "incomeBeforeTaxRatio": 0.1492464073,
        "incomeTaxExpense": 630344700,
        "netIncome": 1910171700,
        "netIncomeRatio": 0.1119523309,
        "eps": 1.54,
        "epsdiluted": 1.46,
        "weightedAverageShsOut": 1239642966,
        "weightedAverageShsOutDil": 1308457405,
        "link": "https://www.six-group.com/en/products-services/the-swiss-stock-exchange.html",
        "finalLink": "https://www.six-group.com/en/products-services/the-swiss-stock-exchange.html"
    },
    {
        "date": "2004-12-31",
        "symbol": "CS",
        "reportedCurrency": "CHF",
        "cik": "0001159510",
        "fillingDate": "2004-12-31",
        "acceptedDate": "2004-12-30 19:00:00",
        "calendarYear": "2004",
        "period": "Q4",
        "revenue": 12108774100,
        "costOfRevenue": 0,
        "grossProfit": 12108774100,
        "grossProfitRatio": 1,
        "researchAndDevelopmentExpenses": 0,
        "generalAndAdministrativeExpenses": 7258694990,
        "sellingAndMarketingExpenses": 0,
        "sellingGeneralAndAdministrativeExpenses": 7258694990,
        "otherExpenses": -13175755680,
        "operatingExpenses": -5917060690,
        "costAndExpenses": -5917060690,
        "interestIncome": 7663657280,
        "interestExpense": 4928795130,
        "depreciationAndAmortization": 462660280,
        "ebitda": 6654373690,
        "ebitdaratio": 0.5495497426,
        "operatingIncome": 6191713410,
        "operatingIncomeRatio": 0.5113410622,
        "totalOtherIncomeExpensesNet": -4928731680,
        "incomeBeforeTax": 1262981730,
        "incomeBeforeTaxRatio": 0.1043030219,
        "incomeTaxExpense": 312831360,
        "netIncome": 950086920,
        "netIncomeRatio": 0.0784626843,
        "eps": 0.77,
        "epsdiluted": 0.77,
        "weightedAverageShsOut": 1229368406,
        "weightedAverageShsOutDil": 1229368406,
        "link": "https://www.six-group.com/en/products-services/the-swiss-stock-exchange.html",
        "finalLink": "https://www.six-group.com/en/products-services/the-swiss-stock-exchange.html"
    },
    {
        "date": "2004-09-30",
        "symbol": "CS",
        "reportedCurrency": "CHF",
        "cik": "0001159510",
        "fillingDate": "2004-09-30",
        "acceptedDate": "2004-09-29 20:00:00",
        "calendarYear": "2004",
        "period": "Q3",
        "revenue": 11757047850,
        "costOfRevenue": 0,
        "grossProfit": 11757047850,
        "grossProfitRatio": 1,
        "researchAndDevelopmentExpenses": 0,
        "generalAndAdministrativeExpenses": 6920894940,
        "sellingAndMarketingExpenses": 0,
        "sellingGeneralAndAdministrativeExpenses": 6920894940,
        "otherExpenses": -12361411200,
        "operatingExpenses": -5440516260,
        "costAndExpenses": -5440516260,
        "interestIncome": 7624947090,
        "interestExpense": 4849860120,
        "depreciationAndAmortization": 332608470,
        "ebitda": 6649140060,
        "ebitdaratio": 0.5655450369,
        "operatingIncome": 6316531590,
        "operatingIncomeRatio": 0.537254902,
        "totalOtherIncomeExpensesNet": -4861075110,
        "incomeBeforeTax": 1455456480,
        "incomeBeforeTaxRatio": 0.1237943826,
        "incomeTaxExpense": 114642120,
        "netIncome": 1352029350,
        "netIncomeRatio": 0.1149973503,
        "eps": 1.1,
        "epsdiluted": 1.04,
        "weightedAverageShsOut": 1229368406,
        "weightedAverageShsOutDil": 1306002026,
        "link": "https://www.six-group.com/en/products-services/the-swiss-stock-exchange.html",
        "finalLink": "https://www.six-group.com/en/products-services/the-swiss-stock-exchange.html"
    },
    {
        "date": "2004-06-30",
        "symbol": "CS",
        "reportedCurrency": "CHF",
        "cik": "0001159510",
        "fillingDate": "2004-06-30",
        "acceptedDate": "2004-06-29 20:00:00",
        "calendarYear": "2004",
        "period": "Q2",
        "revenue": 13491495000,
        "costOfRevenue": 0,
        "grossProfit": 13491495000,
        "grossProfitRatio": 1,
        "researchAndDevelopmentExpenses": 0,
        "generalAndAdministrativeExpenses": 7699792500,
        "sellingAndMarketingExpenses": 0,
        "sellingGeneralAndAdministrativeExpenses": 7699792500,
        "otherExpenses": -14763971250,
        "operatingExpenses": -7064178750,
        "costAndExpenses": -7064178750,
        "interestIncome": 7885856250,
        "interestExpense": 4530465000,
        "depreciationAndAmortization": 0,
        "ebitda": 6427316250,
        "ebitdaratio": 0.4763976305,
        "operatingIncome": 6427316250,
        "operatingIncomeRatio": 0.4763976305,
        "totalOtherIncomeExpensesNet": -4483012500,
        "incomeBeforeTax": 1944303750,
        "incomeBeforeTaxRatio": 0.1441132914,
        "incomeTaxExpense": 442057500,
        "netIncome": 1454793750,
        "netIncomeRatio": 0.1078304332,
        "eps": 1.18,
        "epsdiluted": 1.06,
        "weightedAverageShsOut": 1237955781,
        "weightedAverageShsOutDil": 1370135071,
        "link": "https://www.six-group.com/en/products-services/the-swiss-stock-exchange.html",
        "finalLink": "https://www.six-group.com/en/products-services/the-swiss-stock-exchange.html"
    },
    {
        "date": "2004-03-31",
        "symbol": "CS",
        "reportedCurrency": "CHF",
        "cik": "0001159510",
        "fillingDate": "2004-03-31",
        "acceptedDate": "2004-03-30 19:00:00",
        "calendarYear": "2004",
        "period": "Q1",
        "revenue": 16551303300,
        "costOfRevenue": 0,
        "grossProfit": 16551303300,
        "grossProfitRatio": 1,
        "researchAndDevelopmentExpenses": 0,
        "generalAndAdministrativeExpenses": 11007635100,
        "sellingAndMarketingExpenses": 0,
        "sellingGeneralAndAdministrativeExpenses": 11007635100,
        "otherExpenses": -20474378400,
        "operatingExpenses": -9466743300,
        "costAndExpenses": -9466743300,
        "interestIncome": 7732291200,
        "interestExpense": 4656833100,
        "depreciationAndAmortization": 0,
        "ebitda": 7084560000,
        "ebitdaratio": 0.4280363831,
        "operatingIncome": 7084560000,
        "operatingIncomeRatio": 0.4280363831,
        "totalOtherIncomeExpensesNet": -4587252600,
        "incomeBeforeTax": 2497307400,
        "incomeBeforeTaxRatio": 0.150882825,
        "incomeTaxExpense": 569295000,
        "netIncome": 1858431900,
        "netIncomeRatio": 0.1122831155,
        "eps": 1.47,
        "epsdiluted": 1.34,
        "weightedAverageShsOut": 1260907464,
        "weightedAverageShsOutDil": 1387119759,
        "link": "https://www.six-group.com/en/products-services/the-swiss-stock-exchange.html",
        "finalLink": "https://www.six-group.com/en/products-services/the-swiss-stock-exchange.html"
    },
    {
        "date": "2003-12-31",
        "symbol": "CS",
        "reportedCurrency": "CHF",
        "cik": "0001159510",
        "fillingDate": "2003-12-31",
        "acceptedDate": "2003-12-30 19:00:00",
        "calendarYear": "2003",
        "period": "Q4",
        "revenue": 1355480590,
        "costOfRevenue": 0,
        "grossProfit": 1355480590,
        "grossProfitRatio": 1,
        "researchAndDevelopmentExpenses": 0,
        "generalAndAdministrativeExpenses": -1689268190,
        "sellingAndMarketingExpenses": 0,
        "sellingGeneralAndAdministrativeExpenses": -1689268190,
        "otherExpenses": 638589240,
        "operatingExpenses": -1050678950,
        "costAndExpenses": -1050678950,
        "interestIncome": 10799424820,
        "interestExpense": 4600175990,
        "depreciationAndAmortization": 0,
        "ebitda": 304801640,
        "ebitdaratio": 0.2248661045,
        "operatingIncome": 304801640,
        "operatingIncomeRatio": 0.2248661045,
        "totalOtherIncomeExpensesNet": -3696828350,
        "incomeBeforeTax": -3392026710,
        "incomeBeforeTaxRatio": -2.5024531779,
        "incomeTaxExpense": -1025514160,
        "netIncome": -3269860190,
        "netIncomeRatio": -2.412325351,
        "eps": -2.43,
        "epsdiluted": -2.43,
        "weightedAverageShsOut": 1344296593,
        "weightedAverageShsOutDil": 1344296593,
        "link": "https://www.six-group.com/en/products-services/the-swiss-stock-exchange.html",
        "finalLink": "https://www.six-group.com/en/products-services/the-swiss-stock-exchange.html"
    },
    {
        "date": "2003-09-30",
        "symbol": "CS",
        "reportedCurrency": "CHF",
        "cik": "0001159510",
        "fillingDate": "2003-09-30",
        "acceptedDate": "2003-09-29 20:00:00",
        "calendarYear": "2003",
        "period": "Q3",
        "revenue": 15161220810,
        "costOfRevenue": 0,
        "grossProfit": 15161220810,
        "grossProfitRatio": 1,
        "researchAndDevelopmentExpenses": 0,
        "generalAndAdministrativeExpenses": 10323824420,
        "sellingAndMarketingExpenses": 0,
        "sellingGeneralAndAdministrativeExpenses": 10323824420,
        "otherExpenses": -19250647810,
        "operatingExpenses": -8926823390,
        "costAndExpenses": -8926823390,
        "interestIncome": 5883498200,
        "interestExpense": 3874402290,
        "depreciationAndAmortization": 0,
        "ebitda": 6234397420,
        "ebitdaratio": 0.4112068215,
        "operatingIncome": 6234397420,
        "operatingIncomeRatio": 0.4112068215,
        "totalOtherIncomeExpensesNet": -3874402290,
        "incomeBeforeTax": 2359995130,
        "incomeBeforeTaxRatio": 0.1556599669,
        "incomeTaxExpense": 316600800,
        "netIncome": 2043394330,
        "netIncomeRatio": 0.1347776908,
        "eps": 1.52,
        "epsdiluted": 1.5,
        "weightedAverageShsOut": 1344296593,
        "weightedAverageShsOutDil": 1365785757,
        "link": "https://www.six-group.com/en/products-services/the-swiss-stock-exchange.html",
        "finalLink": "https://www.six-group.com/en/products-services/the-swiss-stock-exchange.html"
    },
    {
        "date": "2003-06-30",
        "symbol": "CS",
        "reportedCurrency": "CHF",
        "cik": "0001159510",
        "fillingDate": "2003-06-30",
        "acceptedDate": "2003-06-29 20:00:00",
        "calendarYear": "2003",
        "period": "Q2",
        "revenue": 15529397040,
        "costOfRevenue": 0,
        "grossProfit": 15529397040,
        "grossProfitRatio": 1,
        "researchAndDevelopmentExpenses": 0,
        "generalAndAdministrativeExpenses": 11948081040,
        "sellingAndMarketingExpenses": 0,
        "sellingGeneralAndAdministrativeExpenses": 11948081040,
        "otherExpenses": -21554116560,
        "operatingExpenses": -9606035520,
        "costAndExpenses": -9606035520,
        "interestIncome": 6119320320,
        "interestExpense": 4261090320,
        "depreciationAndAmortization": 0,
        "ebitda": 5923361520,
        "ebitdaratio": 0.3814289444,
        "operatingIncome": 5923361520,
        "operatingIncomeRatio": 0.3814289444,
        "totalOtherIncomeExpensesNet": -4261090320,
        "incomeBeforeTax": 1662271200,
        "incomeBeforeTaxRatio": 0.1070402924,
        "incomeTaxExpense": 318939840,
        "netIncome": 1343331360,
        "netIncomeRatio": 0.0865024802,
        "eps": 1,
        "epsdiluted": 1,
        "weightedAverageShsOut": 1343881192,
        "weightedAverageShsOutDil": 1349258346,
        "link": "https://www.six-group.com/en/products-services/the-swiss-stock-exchange.html",
        "finalLink": "https://www.six-group.com/en/products-services/the-swiss-stock-exchange.html"
    },
    {
        "date": "2003-03-31",
        "symbol": "CS",
        "reportedCurrency": "CHF",
        "cik": "0001159510",
        "fillingDate": "2003-03-31",
        "acceptedDate": "2003-03-30 19:00:00",
        "calendarYear": "2003",
        "period": "Q1",
        "revenue": 16782524700,
        "costOfRevenue": 0,
        "grossProfit": 16782524700,
        "grossProfitRatio": 1,
        "researchAndDevelopmentExpenses": 0,
        "generalAndAdministrativeExpenses": 13284309660,
        "sellingAndMarketingExpenses": 0,
        "sellingGeneralAndAdministrativeExpenses": 13284309660,
        "otherExpenses": -25159616040,
        "operatingExpenses": -11875306380,
        "costAndExpenses": -11875306380,
        "interestIncome": 5525344280,
        "interestExpense": 3880157500,
        "depreciationAndAmortization": 0,
        "ebitda": 4907218320,
        "ebitdaratio": 0.2924004825,
        "operatingIncome": 4907218320,
        "operatingIncomeRatio": 0.2924004825,
        "totalOtherIncomeExpensesNet": -3880157500,
        "incomeBeforeTax": 1027060820,
        "incomeBeforeTaxRatio": 0.0611982308,
        "incomeTaxExpense": 376543980,
        "netIncome": 650516840,
        "netIncomeRatio": 0.0387615601,
        "eps": 0.48,
        "epsdiluted": 0.48,
        "weightedAverageShsOut": 1343853759,
        "weightedAverageShsOutDil": 1346054853,
        "link": "https://www.six-group.com/en/products-services/the-swiss-stock-exchange.html",
        "finalLink": "https://www.six-group.com/en/products-services/the-swiss-stock-exchange.html"
    },
    {
        "date": "2002-12-31",
        "symbol": "CS",
        "reportedCurrency": "CHF",
        "cik": "0001159510",
        "fillingDate": "2002-12-31",
        "acceptedDate": "2002-12-30 19:00:00",
        "calendarYear": "2002",
        "period": "Q4",
        "revenue": 22040823460,
        "costOfRevenue": 0,
        "grossProfit": 22040823460,
        "grossProfitRatio": 1,
        "researchAndDevelopmentExpenses": 0,
        "generalAndAdministrativeExpenses": 9986167740,
        "sellingAndMarketingExpenses": 0,
        "sellingGeneralAndAdministrativeExpenses": 9986167740,
        "otherExpenses": -28705332260,
        "operatingExpenses": -18719164520,
        "costAndExpenses": -18719164520,
        "interestIncome": 6536724700,
        "interestExpense": 4594170840,
        "depreciationAndAmortization": 0,
        "ebitda": 3321658940,
        "ebitdaratio": 0.1507048476,
        "operatingIncome": 3321658940,
        "operatingIncomeRatio": 0.1507048476,
        "totalOtherIncomeExpensesNet": -5115286630,
        "incomeBeforeTax": -1793627690,
        "incomeBeforeTaxRatio": -0.0813775263,
        "incomeTaxExpense": -315704850,
        "netIncome": -956807050,
        "netIncomeRatio": -0.0434106762,
        "eps": -0.74,
        "epsdiluted": -0.74,
        "weightedAverageShsOut": 1299108533,
        "weightedAverageShsOutDil": 1299108533,
        "link": "https://www.six-group.com/en/products-services/the-swiss-stock-exchange.html",
        "finalLink": "https://www.six-group.com/en/products-services/the-swiss-stock-exchange.html"
    },
    {
        "date": "2002-09-30",
        "symbol": "CS",
        "reportedCurrency": "CHF",
        "cik": "0001159510",
        "fillingDate": "2002-09-30",
        "acceptedDate": "2002-09-29 20:00:00",
        "calendarYear": "2002",
        "period": "Q3",
        "revenue": 14816411370,
        "costOfRevenue": 0,
        "grossProfit": 14816411370,
        "grossProfitRatio": 1,
        "researchAndDevelopmentExpenses": 0,
        "generalAndAdministrativeExpenses": 10629709680,
        "sellingAndMarketingExpenses": 0,
        "sellingGeneralAndAdministrativeExpenses": 10629709680,
        "otherExpenses": -22243050930,
        "operatingExpenses": -11613341250,
        "costAndExpenses": -11613341250,
        "interestIncome": 7015195470,
        "interestExpense": 4937329080,
        "depreciationAndAmortization": 0,
        "ebitda": 3203070120,
        "ebitdaratio": 0.2161839355,
        "operatingIncome": 3203070120,
        "operatingIncomeRatio": 0.2161839355,
        "totalOtherIncomeExpensesNet": -4937329080,
        "incomeBeforeTax": -1734258960,
        "incomeBeforeTaxRatio": -0.1170498656,
        "incomeTaxExpense": 409969380,
        "netIncome": -2144228340,
        "netIncomeRatio": -0.1447198169,
        "eps": -1.65,
        "epsdiluted": -1.65,
        "weightedAverageShsOut": 1299108533,
        "weightedAverageShsOutDil": 1299703207,
        "link": "https://www.six-group.com/en/products-services/the-swiss-stock-exchange.html",
        "finalLink": "https://www.six-group.com/en/products-services/the-swiss-stock-exchange.html"
    },
    {
        "date": "2002-06-30",
        "symbol": "CS",
        "reportedCurrency": "CHF",
        "cik": "0001159510",
        "fillingDate": "2002-06-30",
        "acceptedDate": "2002-06-29 20:00:00",
        "calendarYear": "2002",
        "period": "Q2",
        "revenue": 14386778000,
        "costOfRevenue": 0,
        "grossProfit": 14386778000,
        "grossProfitRatio": 1,
        "researchAndDevelopmentExpenses": 0,
        "generalAndAdministrativeExpenses": 10184596800,
        "sellingAndMarketingExpenses": 0,
        "sellingGeneralAndAdministrativeExpenses": 10184596800,
        "otherExpenses": -19507169800,
        "operatingExpenses": -9322573000,
        "costAndExpenses": -9322573000,
        "interestIncome": 7398914400,
        "interestExpense": 5225372400,
        "depreciationAndAmortization": 0,
        "ebitda": 5064205000,
        "ebitdaratio": 0.352004111,
        "operatingIncome": 5064205000,
        "operatingIncomeRatio": 0.352004111,
        "totalOtherIncomeExpensesNet": -5225372400,
        "incomeBeforeTax": -161167400,
        "incomeBeforeTaxRatio": -0.0112024666,
        "incomeTaxExpense": 416965200,
        "netIncome": -578132600,
        "netIncomeRatio": -0.0401849949,
        "eps": -0.45,
        "epsdiluted": -0.44,
        "weightedAverageShsOut": 1299002058,
        "weightedAverageShsOutDil": 1304755496,
        "link": "https://www.six-group.com/en/products-services/the-swiss-stock-exchange.html",
        "finalLink": "https://www.six-group.com/en/products-services/the-swiss-stock-exchange.html"
    },
    {
        "date": "2002-03-31",
        "symbol": "CS",
        "reportedCurrency": "CHF",
        "cik": "0001159510",
        "fillingDate": "2002-03-31",
        "acceptedDate": "2002-03-30 19:00:00",
        "calendarYear": "2002",
        "period": "Q1",
        "revenue": 19774612000,
        "costOfRevenue": 0,
        "grossProfit": 19774612000,
        "grossProfitRatio": 1,
        "researchAndDevelopmentExpenses": 0,
        "generalAndAdministrativeExpenses": 14933908000,
        "sellingAndMarketingExpenses": 0,
        "sellingGeneralAndAdministrativeExpenses": 14933908000,
        "otherExpenses": -28713106400,
        "operatingExpenses": -13779198400,
        "costAndExpenses": -13779198400,
        "interestIncome": 7388796800,
        "interestExpense": 5541597600,
        "depreciationAndAmortization": 0,
        "ebitda": 5995413600,
        "ebitdaratio": 0.3031874203,
        "operatingIncome": 5995413600,
        "operatingIncomeRatio": 0.3031874203,
        "totalOtherIncomeExpensesNet": -5541597600,
        "incomeBeforeTax": 453816000,
        "incomeBeforeTaxRatio": 0.0229494263,
        "incomeTaxExpense": 87401600,
        "netIncome": 366414400,
        "netIncomeRatio": 0.0185295368,
        "eps": 0.28,
        "epsdiluted": 0.28,
        "weightedAverageShsOut": 1298791795,
        "weightedAverageShsOutDil": 1306959320,
        "link": "https://www.six-group.com/en/products-services/the-swiss-stock-exchange.html",
        "finalLink": "https://www.six-group.com/en/products-services/the-swiss-stock-exchange.html"
    },
    {
        "date": "2001-12-31",
        "symbol": "CS",
        "reportedCurrency": "CHF",
        "cik": "0001159510",
        "fillingDate": "2001-12-31",
        "acceptedDate": "2001-12-30 19:00:00",
        "calendarYear": "2001",
        "period": "Q4",
        "revenue": 19049980420,
        "costOfRevenue": 0,
        "grossProfit": 19049980420,
        "grossProfitRatio": 1,
        "researchAndDevelopmentExpenses": 0,
        "generalAndAdministrativeExpenses": 13146908440,
        "sellingAndMarketingExpenses": 0,
        "sellingGeneralAndAdministrativeExpenses": 13146908440,
        "otherExpenses": -26757780140,
        "operatingExpenses": -13610871700,
        "costAndExpenses": -13610871700,
        "interestIncome": 8426766850,
        "interestExpense": 6802949910,
        "depreciationAndAmortization": 0,
        "ebitda": 5439108720,
        "ebitdaratio": 0.2855178116,
        "operatingIncome": 5439108720,
        "operatingIncomeRatio": 0.2855178116,
        "totalOtherIncomeExpensesNet": -6802949910,
        "incomeBeforeTax": -1363841190,
        "incomeBeforeTaxRatio": -0.071592787,
        "incomeTaxExpense": -537546170,
        "netIncome": -826295020,
        "netIncomeRatio": -0.0433751112,
        "eps": -0.64,
        "epsdiluted": -0.64,
        "weightedAverageShsOut": 1299746367,
        "weightedAverageShsOutDil": 1299746367,
        "link": "https://www.six-group.com/en/products-services/the-swiss-stock-exchange.html",
        "finalLink": "https://www.six-group.com/en/products-services/the-swiss-stock-exchange.html"
    },
    {
        "date": "2001-09-30",
        "symbol": "CS",
        "reportedCurrency": "CHF",
        "cik": "0001159510",
        "fillingDate": "2001-09-30",
        "acceptedDate": "2001-09-29 20:00:00",
        "calendarYear": "2001",
        "period": "Q3",
        "revenue": 15331012800,
        "costOfRevenue": 0,
        "grossProfit": 15331012800,
        "grossProfitRatio": 1,
        "researchAndDevelopmentExpenses": 0,
        "generalAndAdministrativeExpenses": 10296876300,
        "sellingAndMarketingExpenses": 0,
        "sellingGeneralAndAdministrativeExpenses": 10296876300,
        "otherExpenses": -17205235600,
        "operatingExpenses": -6908359300,
        "costAndExpenses": -6908359300,
        "interestIncome": 10601680700,
        "interestExpense": 8605860400,
        "depreciationAndAmortization": 0,
        "ebitda": 8422653500,
        "ebitdaratio": 0.5493866328,
        "operatingIncome": 8422653500,
        "operatingIncomeRatio": 0.5493866328,
        "totalOtherIncomeExpensesNet": -8605860400,
        "incomeBeforeTax": -183206900,
        "incomeBeforeTaxRatio": -0.0119500846,
        "incomeTaxExpense": 116733600,
        "netIncome": -299940500,
        "netIncomeRatio": -0.0195642978,
        "eps": -0.23,
        "epsdiluted": -0.23,
        "weightedAverageShsOut": 1299746367,
        "weightedAverageShsOutDil": 1308332797,
        "link": "https://www.six-group.com/en/products-services/the-swiss-stock-exchange.html",
        "finalLink": "https://www.six-group.com/en/products-services/the-swiss-stock-exchange.html"
    },
    {
        "date": "2001-06-30",
        "symbol": "CS",
        "reportedCurrency": "CHF",
        "cik": "0001159510",
        "fillingDate": "2001-06-30",
        "acceptedDate": "2001-06-29 20:00:00",
        "calendarYear": "2001",
        "period": "Q2",
        "revenue": 20301916800,
        "costOfRevenue": 0,
        "grossProfit": 20301916800,
        "grossProfitRatio": 1,
        "researchAndDevelopmentExpenses": 0,
        "generalAndAdministrativeExpenses": 13218057600,
        "sellingAndMarketingExpenses": 0,
        "sellingGeneralAndAdministrativeExpenses": 13218057600,
        "otherExpenses": -21639340800,
        "operatingExpenses": -8421283200,
        "costAndExpenses": -8421283200,
        "interestIncome": 11864476800,
        "interestExpense": 10255977600,
        "depreciationAndAmortization": 0,
        "ebitda": 11880633600,
        "ebitdaratio": 0.5851976302,
        "operatingIncome": 11880633600,
        "operatingIncomeRatio": 0.5851976302,
        "totalOtherIncomeExpensesNet": -10255977600,
        "incomeBeforeTax": 1624656000,
        "incomeBeforeTaxRatio": 0.080024759,
        "incomeTaxExpense": 335702400,
        "netIncome": 1288953600,
        "netIncomeRatio": 0.0634892563,
        "eps": 0.99,
        "epsdiluted": 0.99,
        "weightedAverageShsOut": 1306436664,
        "weightedAverageShsOutDil": 1306436664,
        "link": "https://www.six-group.com/en/products-services/the-swiss-stock-exchange.html",
        "finalLink": "https://www.six-group.com/en/products-services/the-swiss-stock-exchange.html"
    },
    {
        "date": "2001-03-31",
        "symbol": "CS",
        "reportedCurrency": "CHF",
        "cik": "0001159510",
        "fillingDate": "2001-03-31",
        "acceptedDate": "2001-03-30 19:00:00",
        "calendarYear": "2001",
        "period": "Q1",
        "revenue": 21428342000,
        "costOfRevenue": 0,
        "grossProfit": 21428342000,
        "grossProfitRatio": 1,
        "researchAndDevelopmentExpenses": 0,
        "generalAndAdministrativeExpenses": 15125786000,
        "sellingAndMarketingExpenses": 0,
        "sellingGeneralAndAdministrativeExpenses": 15125786000,
        "otherExpenses": -24574394000,
        "operatingExpenses": -9448608000,
        "costAndExpenses": -9448608000,
        "interestIncome": 11523330000,
        "interestExpense": 9979918000,
        "depreciationAndAmortization": 0,
        "ebitda": 11979734000,
        "ebitdaratio": 0.559060239,
        "operatingIncome": 11979734000,
        "operatingIncomeRatio": 0.559060239,
        "totalOtherIncomeExpensesNet": -9979918000,
        "incomeBeforeTax": 1999816000,
        "incomeBeforeTaxRatio": 0.0933257459,
        "incomeTaxExpense": 571376000,
        "netIncome": 1428440000,
        "netIncomeRatio": 0.0666612471,
        "eps": 1.09,
        "epsdiluted": 1.09,
        "weightedAverageShsOut": 1312826576,
        "weightedAverageShsOutDil": 1312826576,
        "link": "https://www.six-group.com/en/products-services/the-swiss-stock-exchange.html",
        "finalLink": "https://www.six-group.com/en/products-services/the-swiss-stock-exchange.html"
    }
]