[
    {
        "date": "2017-03-31",
        "symbol": "CSC",
        "reportedCurrency": "USD",
        "cik": "0000023082",
        "fillingDate": "2017-05-26",
        "acceptedDate": "2017-05-26 09:37:33",
        "calendarYear": "2017",
        "period": "Q4",
        "revenue": 1889000000,
        "costOfRevenue": 1414000000,
        "grossProfit": 475000000,
        "grossProfitRatio": 0.2514557967,
        "researchAndDevelopmentExpenses": 0,
        "generalAndAdministrativeExpenses": 348000000,
        "sellingAndMarketingExpenses": 1728000000,
        "sellingGeneralAndAdministrativeExpenses": 2076000000,
        "otherExpenses": 0,
        "operatingExpenses": 2076000000,
        "costAndExpenses": 3490000000,
        "interestIncome": 0,
        "interestExpense": 30000000,
        "depreciationAndAmortization": 172000000,
        "ebitda": 15000000,
        "ebitdaratio": 0.0079407094,
        "operatingIncome": -157000000,
        "operatingIncomeRatio": -0.0831127581,
        "totalOtherIncomeExpensesNet": -30000000,
        "incomeBeforeTax": -187000000,
        "incomeBeforeTaxRatio": -0.0989941768,
        "incomeTaxExpense": 25000000,
        "netIncome": -212000000,
        "netIncomeRatio": -0.1122286924,
        "eps": -1.51,
        "epsdiluted": -1.51,
        "weightedAverageShsOut": 140390000,
        "weightedAverageShsOutDil": 140390000,
        "link": "https://www.sec.gov/Archives/edgar/data/23082/000002308217000058/0000023082-17-000058-index.html",
        "finalLink": "https://www.sec.gov/Archives/edgar/data/23082/000002308217000058/cscfy1710-k.htm"
    },
    {
        "date": "2016-12-30",
        "symbol": "CSC",
        "reportedCurrency": "USD",
        "cik": "0000023082",
        "fillingDate": "2017-02-03",
        "acceptedDate": "2017-02-02 18:29:10",
        "calendarYear": "2017",
        "period": "Q3",
        "revenue": 1917000000,
        "costOfRevenue": 1347000000,
        "grossProfit": 570000000,
        "grossProfitRatio": 0.2973395931,
        "researchAndDevelopmentExpenses": 0,
        "generalAndAdministrativeExpenses": 333000000,
        "sellingAndMarketingExpenses": 1534000000,
        "sellingGeneralAndAdministrativeExpenses": 1867000000,
        "otherExpenses": 0,
        "operatingExpenses": 1867000000,
        "costAndExpenses": 3214000000,
        "interestIncome": 0,
        "interestExpense": 33000000,
        "depreciationAndAmortization": 164000000,
        "ebitda": 241000000,
        "ebitdaratio": 0.1257172666,
        "operatingIncome": 77000000,
        "operatingIncomeRatio": 0.0401669275,
        "totalOtherIncomeExpensesNet": -27000000,
        "incomeBeforeTax": 50000000,
        "incomeBeforeTaxRatio": 0.0260824204,
        "incomeTaxExpense": 13000000,
        "netIncome": 37000000,
        "netIncomeRatio": 0.0193009911,
        "eps": 0.26,
        "epsdiluted": 0.26,
        "weightedAverageShsOut": 140130000,
        "weightedAverageShsOutDil": 143800000,
        "link": "https://www.sec.gov/Archives/edgar/data/23082/000002308217000013/0000023082-17-000013-index.html",
        "finalLink": "https://www.sec.gov/Archives/edgar/data/23082/000002308217000013/csc12302016q310-q.htm"
    },
    {
        "date": "2016-09-30",
        "symbol": "CSC",
        "reportedCurrency": "USD",
        "cik": "0000023082",
        "fillingDate": "2016-11-04",
        "acceptedDate": "2016-11-03 18:11:47",
        "calendarYear": "2017",
        "period": "Q2",
        "revenue": 1871000000,
        "costOfRevenue": 1363000000,
        "grossProfit": 508000000,
        "grossProfitRatio": 0.2715125601,
        "researchAndDevelopmentExpenses": 0,
        "generalAndAdministrativeExpenses": 293000000,
        "sellingAndMarketingExpenses": 1579000000,
        "sellingGeneralAndAdministrativeExpenses": 1872000000,
        "otherExpenses": 0,
        "operatingExpenses": 1872000000,
        "costAndExpenses": 3235000000,
        "interestIncome": 0,
        "interestExpense": 29000000,
        "depreciationAndAmortization": 170000000,
        "ebitda": 230000000,
        "ebitdaratio": 0.122928915,
        "operatingIncome": 60000000,
        "operatingIncomeRatio": 0.0320684126,
        "totalOtherIncomeExpensesNet": -61000000,
        "incomeBeforeTax": -1000000,
        "incomeBeforeTaxRatio": -0.0005344735,
        "incomeTaxExpense": 16000000,
        "netIncome": -17000000,
        "netIncomeRatio": -0.0090860502,
        "eps": -0.12,
        "epsdiluted": -0.12,
        "weightedAverageShsOut": 139760000,
        "weightedAverageShsOutDil": 139760000,
        "link": "https://www.sec.gov/Archives/edgar/data/23082/000002308216000238/0000023082-16-000238-index.html",
        "finalLink": "https://www.sec.gov/Archives/edgar/data/23082/000002308216000238/csc9302016q210-q.htm"
    },
    {
        "date": "2016-07-01",
        "symbol": "CSC",
        "reportedCurrency": "USD",
        "cik": "0000023082",
        "fillingDate": "2016-08-09",
        "acceptedDate": "2016-08-08 20:04:39",
        "calendarYear": "2017",
        "period": "Q1",
        "revenue": 1930000000,
        "costOfRevenue": 1421000000,
        "grossProfit": 509000000,
        "grossProfitRatio": 0.2637305699,
        "researchAndDevelopmentExpenses": 0,
        "generalAndAdministrativeExpenses": 305000000,
        "sellingAndMarketingExpenses": 1661000000,
        "sellingGeneralAndAdministrativeExpenses": 1966000000,
        "otherExpenses": 0,
        "operatingExpenses": 1966000000,
        "costAndExpenses": 3387000000,
        "interestIncome": 0,
        "interestExpense": 25000000,
        "depreciationAndAmortization": 169000000,
        "ebitda": 158000000,
        "ebitdaratio": 0.081865285,
        "operatingIncome": -11000000,
        "operatingIncomeRatio": -0.0056994819,
        "totalOtherIncomeExpensesNet": -25000000,
        "incomeBeforeTax": -36000000,
        "incomeBeforeTaxRatio": -0.0186528497,
        "incomeTaxExpense": -16000000,
        "netIncome": -20000000,
        "netIncomeRatio": -0.0103626943,
        "eps": -0.14,
        "epsdiluted": -0.14,
        "weightedAverageShsOut": 138980000,
        "weightedAverageShsOutDil": 138980000,
        "link": "https://www.sec.gov/Archives/edgar/data/23082/000002308216000180/0000023082-16-000180-index.htm",
        "finalLink": "https://www.sec.gov/Archives/edgar/data/23082/000002308216000180/csc712016q110-q.htm"
    },
    {
        "date": "2016-04-01",
        "symbol": "CSC",
        "reportedCurrency": "USD",
        "cik": "0000023082",
        "fillingDate": "2016-06-15",
        "acceptedDate": "2016-06-14 21:38:31",
        "calendarYear": "2016",
        "period": "Q4",
        "revenue": 1807000000,
        "costOfRevenue": 1460000000,
        "grossProfit": 347000000,
        "grossProfitRatio": 0.1920309906,
        "researchAndDevelopmentExpenses": 0,
        "generalAndAdministrativeExpenses": 251000000,
        "sellingAndMarketingExpenses": 1743000000,
        "sellingGeneralAndAdministrativeExpenses": 1994000000,
        "otherExpenses": 0,
        "operatingExpenses": 1994000000,
        "costAndExpenses": 3454000000,
        "interestIncome": 0,
        "interestExpense": 31000000,
        "depreciationAndAmortization": 159000000,
        "ebitda": -213000000,
        "ebitdaratio": -0.1178749308,
        "operatingIncome": -372000000,
        "operatingIncomeRatio": -0.2058660764,
        "totalOtherIncomeExpensesNet": 185000000,
        "incomeBeforeTax": -187000000,
        "incomeBeforeTaxRatio": -0.1034864416,
        "incomeTaxExpense": -93000000,
        "netIncome": -94000000,
        "netIncomeRatio": -0.0520199225,
        "eps": -0.68,
        "epsdiluted": -0.67,
        "weightedAverageShsOut": 138280000,
        "weightedAverageShsOutDil": 141330000,
        "link": "https://www.sec.gov/Archives/edgar/data/23082/000002308216000147/0000023082-16-000147-index.html",
        "finalLink": "https://www.sec.gov/Archives/edgar/data/23082/000002308216000147/csc401201610-k.htm"
    },
    {
        "date": "2016-01-01",
        "symbol": "CSC",
        "reportedCurrency": "USD",
        "cik": "0000023082",
        "fillingDate": "2016-02-16",
        "acceptedDate": "2016-02-16 12:33:36",
        "calendarYear": "2016",
        "period": "Q3",
        "revenue": 5299000000,
        "costOfRevenue": 271000000,
        "grossProfit": 5028000000,
        "grossProfitRatio": 0.9488582751,
        "researchAndDevelopmentExpenses": 0,
        "generalAndAdministrativeExpenses": 219000000,
        "sellingAndMarketingExpenses": -186000000,
        "sellingGeneralAndAdministrativeExpenses": 33000000,
        "otherExpenses": 0,
        "operatingExpenses": 33000000,
        "costAndExpenses": 5102000000,
        "interestIncome": 0,
        "interestExpense": 22000000,
        "depreciationAndAmortization": 198000000,
        "ebitda": 294000000,
        "ebitdaratio": 0.0554821664,
        "operatingIncome": 96000000,
        "operatingIncomeRatio": 0.0181166258,
        "totalOtherIncomeExpensesNet": 101000000,
        "incomeBeforeTax": 197000000,
        "incomeBeforeTaxRatio": 0.0371768258,
        "incomeTaxExpense": 31000000,
        "netIncome": 166000000,
        "netIncomeRatio": 0.0313266654,
        "eps": 1.2,
        "epsdiluted": 1.18,
        "weightedAverageShsOut": 138359000,
        "weightedAverageShsOutDil": 141003000,
        "link": "https://www.sec.gov/Archives/edgar/data/23082/000002308216000112/0000023082-16-000112-index.html",
        "finalLink": "https://www.sec.gov/Archives/edgar/data/23082/000002308216000112/csc112016q310-q.htm"
    },
    {
        "date": "2015-10-02",
        "symbol": "CSC",
        "reportedCurrency": "USD",
        "cik": "0000023082",
        "fillingDate": "2015-11-10",
        "acceptedDate": "2015-11-10 17:24:50",
        "calendarYear": "2016",
        "period": "Q2",
        "revenue": 2712000000,
        "costOfRevenue": 1970000000,
        "grossProfit": 742000000,
        "grossProfitRatio": 0.2735988201,
        "researchAndDevelopmentExpenses": 0,
        "generalAndAdministrativeExpenses": 286000000,
        "sellingAndMarketingExpenses": 2250000000,
        "sellingGeneralAndAdministrativeExpenses": 2536000000,
        "otherExpenses": 0,
        "operatingExpenses": 2536000000,
        "costAndExpenses": 4506000000,
        "interestIncome": 0,
        "interestExpense": 35000000,
        "depreciationAndAmortization": 203000000,
        "ebitda": 408000000,
        "ebitdaratio": 0.1504424779,
        "operatingIncome": 205000000,
        "operatingIncomeRatio": 0.0755899705,
        "totalOtherIncomeExpensesNet": -29000000,
        "incomeBeforeTax": 176000000,
        "incomeBeforeTaxRatio": 0.0648967552,
        "incomeTaxExpense": 3000000,
        "netIncome": 173000000,
        "netIncomeRatio": 0.0637905605,
        "eps": 1.25,
        "epsdiluted": 1.23,
        "weightedAverageShsOut": 138106000,
        "weightedAverageShsOutDil": 140699000,
        "link": "https://www.sec.gov/Archives/edgar/data/23082/000002308215000065/0000023082-15-000065-index.html",
        "finalLink": "https://www.sec.gov/Archives/edgar/data/23082/000002308215000065/csc1022015q210-q.htm"
    },
    {
        "date": "2015-07-03",
        "symbol": "CSC",
        "reportedCurrency": "USD",
        "cik": "0000023082",
        "fillingDate": "2015-08-12",
        "acceptedDate": "2015-08-12 17:08:03",
        "calendarYear": "2016",
        "period": "Q1",
        "revenue": 2761000000,
        "costOfRevenue": 2026000000,
        "grossProfit": 735000000,
        "grossProfitRatio": 0.2662078957,
        "researchAndDevelopmentExpenses": 0,
        "generalAndAdministrativeExpenses": 284000000,
        "sellingAndMarketingExpenses": 2249000000,
        "sellingGeneralAndAdministrativeExpenses": 2533000000,
        "otherExpenses": 0,
        "operatingExpenses": 2533000000,
        "costAndExpenses": 4559000000,
        "interestIncome": 0,
        "interestExpense": 35000000,
        "depreciationAndAmortization": 207000000,
        "ebitda": 466000000,
        "ebitdaratio": 0.1687794277,
        "operatingIncome": 259000000,
        "operatingIncomeRatio": 0.0938065918,
        "totalOtherIncomeExpensesNet": -31000000,
        "incomeBeforeTax": 228000000,
        "incomeBeforeTaxRatio": 0.0825787758,
        "incomeTaxExpense": 64000000,
        "netIncome": 164000000,
        "netIncomeRatio": 0.0593987686,
        "eps": 1.19,
        "epsdiluted": 1.16,
        "weightedAverageShsOut": 137917000,
        "weightedAverageShsOutDil": 140801000,
        "link": "https://www.sec.gov/Archives/edgar/data/23082/000002308215000039/0000023082-15-000039-index.html",
        "finalLink": "https://www.sec.gov/Archives/edgar/data/23082/000002308215000039/csc732015q110-q.htm"
    },
    {
        "date": "2015-04-03",
        "symbol": "CSC",
        "reportedCurrency": "USD",
        "cik": "0000023082",
        "fillingDate": "2015-06-08",
        "acceptedDate": "2015-06-08 10:35:52",
        "calendarYear": "2015",
        "period": "Q4",
        "revenue": 2909000000,
        "costOfRevenue": 2433000000,
        "grossProfit": 476000000,
        "grossProfitRatio": 0.1636301134,
        "researchAndDevelopmentExpenses": 0,
        "generalAndAdministrativeExpenses": 294000000,
        "sellingAndMarketingExpenses": 2932000000,
        "sellingGeneralAndAdministrativeExpenses": 3226000000,
        "otherExpenses": 0,
        "operatingExpenses": 3226000000,
        "costAndExpenses": 5659000000,
        "interestIncome": 0,
        "interestExpense": 36000000,
        "depreciationAndAmortization": 215000000,
        "ebitda": -70000000,
        "ebitdaratio": -0.024063252,
        "operatingIncome": -285000000,
        "operatingIncomeRatio": -0.0979718116,
        "totalOtherIncomeExpensesNet": -32000000,
        "incomeBeforeTax": -317000000,
        "incomeBeforeTaxRatio": -0.1089721554,
        "incomeTaxExpense": -330000000,
        "netIncome": 13000000,
        "netIncomeRatio": 0.0044688897,
        "eps": 0.0912,
        "epsdiluted": 0.0892,
        "weightedAverageShsOut": 142557000,
        "weightedAverageShsOutDil": 145780000,
        "link": "https://www.sec.gov/Archives/edgar/data/23082/000002308215000023/0000023082-15-000023-index.html",
        "finalLink": "https://www.sec.gov/Archives/edgar/data/23082/000002308215000023/csc403201510-k.htm"
    },
    {
        "date": "2015-01-02",
        "symbol": "CSC",
        "reportedCurrency": "USD",
        "cik": "0000023082",
        "fillingDate": "2015-02-11",
        "acceptedDate": "2015-02-10 17:34:08",
        "calendarYear": "2015",
        "period": "Q3",
        "revenue": 2947000000,
        "costOfRevenue": 2530000000,
        "grossProfit": 417000000,
        "grossProfitRatio": 0.1414998303,
        "researchAndDevelopmentExpenses": 0,
        "generalAndAdministrativeExpenses": 356000000,
        "sellingAndMarketingExpenses": 3009000000,
        "sellingGeneralAndAdministrativeExpenses": 3365000000,
        "otherExpenses": 0,
        "operatingExpenses": 3365000000,
        "costAndExpenses": 5895000000,
        "interestIncome": 0,
        "interestExpense": 37000000,
        "depreciationAndAmortization": 238000000,
        "ebitda": 9000000,
        "ebitdaratio": 0.0030539532,
        "operatingIncome": -229000000,
        "operatingIncomeRatio": -0.0777061418,
        "totalOtherIncomeExpensesNet": -189000000,
        "incomeBeforeTax": -418000000,
        "incomeBeforeTaxRatio": -0.1418391585,
        "incomeTaxExpense": 18000000,
        "netIncome": -436000000,
        "netIncomeRatio": -0.1479470648,
        "eps": -3.05,
        "epsdiluted": -2.98,
        "weightedAverageShsOut": 143141000,
        "weightedAverageShsOutDil": 146323000,
        "link": "https://www.sec.gov/Archives/edgar/data/23082/000002308215000007/0000023082-15-000007-index.htm",
        "finalLink": "https://www.sec.gov/Archives/edgar/data/23082/000002308215000007/csc122015q310-q.htm"
    },
    {
        "date": "2014-10-03",
        "symbol": "CSC",
        "reportedCurrency": "USD",
        "cik": "0000023082",
        "fillingDate": "2014-11-07",
        "acceptedDate": "2014-11-06 18:39:37",
        "calendarYear": "2015",
        "period": "Q2",
        "revenue": 3080000000,
        "costOfRevenue": 2207000000,
        "grossProfit": 873000000,
        "grossProfitRatio": 0.2834415584,
        "researchAndDevelopmentExpenses": 0,
        "generalAndAdministrativeExpenses": 346000000,
        "sellingAndMarketingExpenses": 2489000000,
        "sellingGeneralAndAdministrativeExpenses": 2835000000,
        "otherExpenses": 0,
        "operatingExpenses": 2835000000,
        "costAndExpenses": 5042000000,
        "interestIncome": 0,
        "interestExpense": 36000000,
        "depreciationAndAmortization": 252000000,
        "ebitda": 507000000,
        "ebitdaratio": 0.1646103896,
        "operatingIncome": 255000000,
        "operatingIncomeRatio": 0.0827922078,
        "totalOtherIncomeExpensesNet": -78000000,
        "incomeBeforeTax": 177000000,
        "incomeBeforeTaxRatio": 0.0574675325,
        "incomeTaxExpense": 68000000,
        "netIncome": 109000000,
        "netIncomeRatio": 0.0353896104,
        "eps": 0.76,
        "epsdiluted": 0.74,
        "weightedAverageShsOut": 144346000,
        "weightedAverageShsOutDil": 147155000,
        "link": "https://www.sec.gov/Archives/edgar/data/23082/000002308214000077/0000023082-14-000077-index.html",
        "finalLink": "https://www.sec.gov/Archives/edgar/data/23082/000002308214000077/csc1032014q210-q.htm"
    },
    {
        "date": "2014-07-04",
        "symbol": "CSC",
        "reportedCurrency": "USD",
        "cik": "0000023082",
        "fillingDate": "2014-08-12",
        "acceptedDate": "2014-08-12 17:03:02",
        "calendarYear": "2015",
        "period": "Q1",
        "revenue": 3237000000,
        "costOfRevenue": 2364000000,
        "grossProfit": 873000000,
        "grossProfitRatio": 0.2696941613,
        "researchAndDevelopmentExpenses": 0,
        "generalAndAdministrativeExpenses": 344000000,
        "sellingAndMarketingExpenses": 2679000000,
        "sellingGeneralAndAdministrativeExpenses": 3023000000,
        "otherExpenses": 0,
        "operatingExpenses": 3023000000,
        "costAndExpenses": 5387000000,
        "interestIncome": 0,
        "interestExpense": 39000000,
        "depreciationAndAmortization": 272000000,
        "ebitda": 512000000,
        "ebitdaratio": 0.1581711461,
        "operatingIncome": 240000000,
        "operatingIncomeRatio": 0.0741427247,
        "totalOtherIncomeExpensesNet": -81000000,
        "incomeBeforeTax": 159000000,
        "incomeBeforeTaxRatio": 0.0491195551,
        "incomeTaxExpense": 55000000,
        "netIncome": 104000000,
        "netIncomeRatio": 0.0321285141,
        "eps": 0.72,
        "epsdiluted": 0.7,
        "weightedAverageShsOut": 145338000,
        "weightedAverageShsOutDil": 148251000,
        "link": "https://www.sec.gov/Archives/edgar/data/23082/000002308214000061/0000023082-14-000061-index.html",
        "finalLink": "https://www.sec.gov/Archives/edgar/data/23082/000002308214000061/csc7042014q110-q.htm"
    },
    {
        "date": "2014-03-28",
        "symbol": "CSC",
        "reportedCurrency": "USD",
        "cik": "0000023082",
        "fillingDate": "2014-05-22",
        "acceptedDate": "2014-05-22 16:50:19",
        "calendarYear": "2014",
        "period": "Q4",
        "revenue": 3329000000,
        "costOfRevenue": 2116000000,
        "grossProfit": 1213000000,
        "grossProfitRatio": 0.3643736858,
        "researchAndDevelopmentExpenses": 0,
        "generalAndAdministrativeExpenses": 258000000,
        "sellingAndMarketingExpenses": 2456000000,
        "sellingGeneralAndAdministrativeExpenses": 2714000000,
        "otherExpenses": 0,
        "operatingExpenses": 2714000000,
        "costAndExpenses": 4830000000,
        "interestIncome": 0,
        "interestExpense": 35000000,
        "depreciationAndAmortization": 265000000,
        "ebitda": 924000000,
        "ebitdaratio": 0.2775608291,
        "operatingIncome": 659000000,
        "operatingIncomeRatio": 0.1979573445,
        "totalOtherIncomeExpensesNet": 162000000,
        "incomeBeforeTax": 821000000,
        "incomeBeforeTaxRatio": 0.2466206068,
        "incomeTaxExpense": 177000000,
        "netIncome": 644000000,
        "netIncomeRatio": 0.1934514869,
        "eps": 4.36,
        "epsdiluted": 4.27,
        "weightedAverageShsOut": 147647000,
        "weightedAverageShsOutDil": 150761000,
        "link": "https://www.sec.gov/Archives/edgar/data/23082/000002308214000039/0000023082-14-000039-index.html",
        "finalLink": "https://www.sec.gov/Archives/edgar/data/23082/000002308214000039/csc328201410-k.htm"
    },
    {
        "date": "2013-12-27",
        "symbol": "CSC",
        "reportedCurrency": "USD",
        "cik": "0000023082",
        "fillingDate": "2014-01-31",
        "acceptedDate": "2014-01-30 18:12:39",
        "calendarYear": "2014",
        "period": "Q3",
        "revenue": 3228000000,
        "costOfRevenue": 2362000000,
        "grossProfit": 866000000,
        "grossProfitRatio": 0.2682775713,
        "researchAndDevelopmentExpenses": 0,
        "generalAndAdministrativeExpenses": 354000000,
        "sellingAndMarketingExpenses": 2653000000,
        "sellingGeneralAndAdministrativeExpenses": 3007000000,
        "otherExpenses": 0,
        "operatingExpenses": 3007000000,
        "costAndExpenses": 5369000000,
        "interestIncome": 0,
        "interestExpense": 38000000,
        "depreciationAndAmortization": 251000000,
        "ebitda": 500000000,
        "ebitdaratio": 0.1548946716,
        "operatingIncome": 249000000,
        "operatingIncomeRatio": 0.0771375465,
        "totalOtherIncomeExpensesNet": -98000000,
        "incomeBeforeTax": 151000000,
        "incomeBeforeTaxRatio": 0.0467781908,
        "incomeTaxExpense": 70000000,
        "netIncome": 81000000,
        "netIncomeRatio": 0.0250929368,
        "eps": 0.55,
        "epsdiluted": 0.54,
        "weightedAverageShsOut": 148212000,
        "weightedAverageShsOutDil": 151124000,
        "link": "https://www.sec.gov/Archives/edgar/data/23082/000002308214000011/0000023082-14-000011-index.htm",
        "finalLink": "https://www.sec.gov/Archives/edgar/data/23082/000002308214000011/csc12272013q310-q.htm"
    },
    {
        "date": "2013-09-27",
        "symbol": "CSC",
        "reportedCurrency": "USD",
        "cik": "0000023082",
        "fillingDate": "2013-10-31",
        "acceptedDate": "2013-10-30 18:09:21",
        "calendarYear": "2014",
        "period": "Q2",
        "revenue": 3181000000,
        "costOfRevenue": 2328000000,
        "grossProfit": 853000000,
        "grossProfitRatio": 0.2681546683,
        "researchAndDevelopmentExpenses": 0,
        "generalAndAdministrativeExpenses": 316000000,
        "sellingAndMarketingExpenses": 2644000000,
        "sellingGeneralAndAdministrativeExpenses": 2960000000,
        "otherExpenses": 0,
        "operatingExpenses": 2960000000,
        "costAndExpenses": 5288000000,
        "interestIncome": 0,
        "interestExpense": 35000000,
        "depreciationAndAmortization": 247000000,
        "ebitda": 556000000,
        "ebitdaratio": 0.1747878026,
        "operatingIncome": 309000000,
        "operatingIncomeRatio": 0.0971392644,
        "totalOtherIncomeExpensesNet": -159000000,
        "incomeBeforeTax": 150000000,
        "incomeBeforeTaxRatio": 0.0471549827,
        "incomeTaxExpense": 71000000,
        "netIncome": 79000000,
        "netIncomeRatio": 0.0248349576,
        "eps": 0.53,
        "epsdiluted": 0.52,
        "weightedAverageShsOut": 148951000,
        "weightedAverageShsOutDil": 151476000,
        "link": "https://www.sec.gov/Archives/edgar/data/23082/000002308213000054/0000023082-13-000054-index.html",
        "finalLink": "https://www.sec.gov/Archives/edgar/data/23082/000002308213000054/csc09272013q210-q.htm"
    },
    {
        "date": "2013-06-28",
        "symbol": "CSC",
        "reportedCurrency": "USD",
        "cik": "0000023082",
        "fillingDate": "2013-08-07",
        "acceptedDate": "2013-08-06 18:17:32",
        "calendarYear": "2014",
        "period": "Q1",
        "revenue": 3260000000,
        "costOfRevenue": 2466000000,
        "grossProfit": 794000000,
        "grossProfitRatio": 0.2435582822,
        "researchAndDevelopmentExpenses": 0,
        "generalAndAdministrativeExpenses": 292000000,
        "sellingAndMarketingExpenses": 2762000000,
        "sellingGeneralAndAdministrativeExpenses": 3054000000,
        "otherExpenses": 0,
        "operatingExpenses": 3054000000,
        "costAndExpenses": 5520000000,
        "interestIncome": 0,
        "interestExpense": 39000000,
        "depreciationAndAmortization": 255000000,
        "ebitda": 515000000,
        "ebitdaratio": 0.1579754601,
        "operatingIncome": 260000000,
        "operatingIncomeRatio": 0.0797546012,
        "totalOtherIncomeExpensesNet": -119000000,
        "incomeBeforeTax": 141000000,
        "incomeBeforeTaxRatio": 0.0432515337,
        "incomeTaxExpense": 65000000,
        "netIncome": 76000000,
        "netIncomeRatio": 0.0233128834,
        "eps": 0.51,
        "epsdiluted": 0.5,
        "weightedAverageShsOut": 149854000,
        "weightedAverageShsOutDil": 152238000,
        "link": "https://www.sec.gov/Archives/edgar/data/23082/000002308213000028/0000023082-13-000028-index.html",
        "finalLink": "https://www.sec.gov/Archives/edgar/data/23082/000002308213000028/csc06282013q110-q.htm"
    },
    {
        "date": "2013-03-29",
        "symbol": "CSC",
        "reportedCurrency": "USD",
        "cik": "0000023082",
        "fillingDate": "2013-05-15",
        "acceptedDate": "2013-05-15 16:42:52",
        "calendarYear": "2013",
        "period": "Q4",
        "revenue": 3559000000,
        "costOfRevenue": 2710000000,
        "grossProfit": 849000000,
        "grossProfitRatio": 0.2385501545,
        "researchAndDevelopmentExpenses": 0,
        "generalAndAdministrativeExpenses": 331000000,
        "sellingAndMarketingExpenses": 3128000000,
        "sellingGeneralAndAdministrativeExpenses": 3459000000,
        "otherExpenses": 0,
        "operatingExpenses": 3459000000,
        "costAndExpenses": 6169000000,
        "interestIncome": 0,
        "interestExpense": 36000000,
        "depreciationAndAmortization": 292000000,
        "ebitda": 468000000,
        "ebitdaratio": 0.1314976117,
        "operatingIncome": 176000000,
        "operatingIncomeRatio": 0.0494520933,
        "totalOtherIncomeExpensesNet": 65000000,
        "incomeBeforeTax": 241000000,
        "incomeBeforeTaxRatio": 0.0677156505,
        "incomeTaxExpense": -141000000,
        "netIncome": 382000000,
        "netIncomeRatio": 0.1073335207,
        "eps": 2.47,
        "epsdiluted": 2.46,
        "weightedAverageShsOut": 154590000,
        "weightedAverageShsOutDil": 155557000,
        "link": "https://www.sec.gov/Archives/edgar/data/23082/000002308213000015/0000023082-13-000015-index.html",
        "finalLink": "https://www.sec.gov/Archives/edgar/data/23082/000002308213000015/csc329201310-k.htm"
    },
    {
        "date": "2012-12-28",
        "symbol": "CSC",
        "reportedCurrency": "USD",
        "cik": "0000023082",
        "fillingDate": "2013-02-06",
        "acceptedDate": "2013-02-05 17:40:49",
        "calendarYear": "2013",
        "period": "Q3",
        "revenue": 3623000000,
        "costOfRevenue": 2894000000,
        "grossProfit": 729000000,
        "grossProfitRatio": 0.2012144632,
        "researchAndDevelopmentExpenses": 0,
        "generalAndAdministrativeExpenses": 272000000,
        "sellingAndMarketingExpenses": 3247000000,
        "sellingGeneralAndAdministrativeExpenses": 3519000000,
        "otherExpenses": 0,
        "operatingExpenses": 3519000000,
        "costAndExpenses": 6413000000,
        "interestIncome": 0,
        "interestExpense": 57000000,
        "depreciationAndAmortization": 282000000,
        "ebitda": 859000000,
        "ebitdaratio": 0.237096329,
        "operatingIncome": 577000000,
        "operatingIncomeRatio": 0.1592602815,
        "totalOtherIncomeExpensesNet": -483000000,
        "incomeBeforeTax": 94000000,
        "incomeBeforeTaxRatio": 0.0259453492,
        "incomeTaxExpense": 10000000,
        "netIncome": 84000000,
        "netIncomeRatio": 0.0231852056,
        "eps": 0.54,
        "epsdiluted": 0.54,
        "weightedAverageShsOut": 155209000,
        "weightedAverageShsOutDil": 155848000,
        "link": "https://www.sec.gov/Archives/edgar/data/23082/000002308213000007/0000023082-13-000007-index.html",
        "finalLink": "https://www.sec.gov/Archives/edgar/data/23082/000002308213000007/csc12282012q310-q.htm"
    },
    {
        "date": "2012-09-28",
        "symbol": "CSC",
        "reportedCurrency": "USD",
        "cik": "0000023082",
        "fillingDate": "2012-11-06",
        "acceptedDate": "2012-11-06 14:58:57",
        "calendarYear": "2013",
        "period": "Q2",
        "revenue": 3854000000,
        "costOfRevenue": 2994000000,
        "grossProfit": 860000000,
        "grossProfitRatio": 0.2231447846,
        "researchAndDevelopmentExpenses": 0,
        "generalAndAdministrativeExpenses": 301000000,
        "sellingAndMarketingExpenses": 3351000000,
        "sellingGeneralAndAdministrativeExpenses": 3652000000,
        "otherExpenses": 0,
        "operatingExpenses": 3652000000,
        "costAndExpenses": 6646000000,
        "interestIncome": 0,
        "interestExpense": 45000000,
        "depreciationAndAmortization": 281000000,
        "ebitda": 520000000,
        "ebitdaratio": 0.1349247535,
        "operatingIncome": 239000000,
        "operatingIncomeRatio": 0.0620134925,
        "totalOtherIncomeExpensesNet": -101000000,
        "incomeBeforeTax": 138000000,
        "incomeBeforeTaxRatio": 0.0358069538,
        "incomeTaxExpense": 64000000,
        "netIncome": 74000000,
        "netIncomeRatio": 0.0192008303,
        "eps": 0.48,
        "epsdiluted": 0.48,
        "weightedAverageShsOut": 155293000,
        "weightedAverageShsOutDil": 155742000,
        "link": "https://www.sec.gov/Archives/edgar/data/23082/000002308212000073/0000023082-12-000073-index.html",
        "finalLink": "https://www.sec.gov/Archives/edgar/data/23082/000002308212000073/csc9282012q210-q.htm"
    },
    {
        "date": "2012-06-29",
        "symbol": "CSC",
        "reportedCurrency": "USD",
        "cik": "0000023082",
        "fillingDate": "2012-08-08",
        "acceptedDate": "2012-08-08 15:28:21",
        "calendarYear": "2013",
        "period": "Q1",
        "revenue": 3957000000,
        "costOfRevenue": 3253000000,
        "grossProfit": 704000000,
        "grossProfitRatio": 0.17791256,
        "researchAndDevelopmentExpenses": 0,
        "generalAndAdministrativeExpenses": 291000000,
        "sellingAndMarketingExpenses": 3592000000,
        "sellingGeneralAndAdministrativeExpenses": 3883000000,
        "otherExpenses": 0,
        "operatingExpenses": 3883000000,
        "costAndExpenses": 7136000000,
        "interestIncome": 0,
        "interestExpense": 45000000,
        "depreciationAndAmortization": 279000000,
        "ebitda": 396000000,
        "ebitdaratio": 0.100075815,
        "operatingIncome": 117000000,
        "operatingIncomeRatio": 0.0295678544,
        "totalOtherIncomeExpensesNet": -75000000,
        "incomeBeforeTax": 42000000,
        "incomeBeforeTaxRatio": 0.0106141016,
        "incomeTaxExpense": 32000000,
        "netIncome": 10000000,
        "netIncomeRatio": 0.002527167,
        "eps": 64516,
        "epsdiluted": 64102,
        "weightedAverageShsOut": 155,
        "weightedAverageShsOutDil": 156,
        "link": "https://www.sec.gov/Archives/edgar/data/23082/000002308212000050/0000023082-12-000050-index.html",
        "finalLink": "https://www.sec.gov/Archives/edgar/data/23082/000002308212000050/csc6292012q110-q.htm"
    },
    {
        "date": "2011-04-01",
        "symbol": "CSC",
        "reportedCurrency": "USD",
        "cik": "0000023082",
        "fillingDate": "2011-06-15",
        "acceptedDate": "2011-06-15 12:56:26",
        "calendarYear": "2011",
        "period": "Q4",
        "revenue": 4117000000,
        "costOfRevenue": 3314000000,
        "grossProfit": 803000000,
        "grossProfitRatio": 0.1950449356,
        "researchAndDevelopmentExpenses": 0,
        "generalAndAdministrativeExpenses": 231000000,
        "sellingAndMarketingExpenses": 3639000000,
        "sellingGeneralAndAdministrativeExpenses": 3870000000,
        "otherExpenses": 0,
        "operatingExpenses": 3870000000,
        "costAndExpenses": 7184000000,
        "interestIncome": 0,
        "interestExpense": 42000000,
        "depreciationAndAmortization": 283000000,
        "ebitda": 602000000,
        "ebitdaratio": 0.1462229779,
        "operatingIncome": 319000000,
        "operatingIncomeRatio": 0.0774836046,
        "totalOtherIncomeExpensesNet": -315000000,
        "incomeBeforeTax": 4000000,
        "incomeBeforeTaxRatio": 0.0009715812,
        "incomeTaxExpense": 106000000,
        "netIncome": -102000000,
        "netIncomeRatio": -0.0247753218,
        "eps": -0.66,
        "epsdiluted": -0.65,
        "weightedAverageShsOut": 154488000,
        "weightedAverageShsOutDil": 156605000,
        "link": "https://www.sec.gov/Archives/edgar/data/23082/000002308211000059/0000023082-11-000059-index.html",
        "finalLink": "https://www.sec.gov/Archives/edgar/data/23082/000002308211000059/form10_k.htm"
    },
    {
        "date": "2010-12-31",
        "symbol": "CSC",
        "reportedCurrency": "USD",
        "cik": "0000023082",
        "fillingDate": "2011-02-09",
        "acceptedDate": "2011-02-08 19:00:00",
        "calendarYear": "2011",
        "period": "Q3",
        "revenue": 4008000000,
        "costOfRevenue": 3232000000,
        "grossProfit": 776000000,
        "grossProfitRatio": 0.1936127745,
        "researchAndDevelopmentExpenses": 0,
        "generalAndAdministrativeExpenses": 243000000,
        "sellingAndMarketingExpenses": 3534000000,
        "sellingGeneralAndAdministrativeExpenses": 3777000000,
        "otherExpenses": 0,
        "operatingExpenses": 3777000000,
        "costAndExpenses": 7009000000,
        "interestIncome": 0,
        "interestExpense": 43000000,
        "depreciationAndAmortization": 286000000,
        "ebitda": 559000000,
        "ebitdaratio": 0.1394710579,
        "operatingIncome": 273000000,
        "operatingIncomeRatio": 0.0681137725,
        "totalOtherIncomeExpensesNet": -42000000,
        "incomeBeforeTax": 231000000,
        "incomeBeforeTaxRatio": 0.0576347305,
        "incomeTaxExpense": -12000000,
        "netIncome": 243000000,
        "netIncomeRatio": 0.0606287425,
        "eps": 1577922,
        "epsdiluted": 1557692,
        "weightedAverageShsOut": 154,
        "weightedAverageShsOutDil": 156,
        "link": "https://www.sec.gov/Archives/edgar/data/23082/000002308211000014/0000023082-11-000014-index.htm",
        "finalLink": "https://www.sec.gov/Archives/edgar/data/23082/000002308211000014/form10_q.htm"
    },
    {
        "date": "2010-10-01",
        "symbol": "CSC",
        "reportedCurrency": "USD",
        "cik": "0000023082",
        "fillingDate": "2010-11-10",
        "acceptedDate": "2010-11-10 12:07:23",
        "calendarYear": "2011",
        "period": "Q2",
        "revenue": 3975000000,
        "costOfRevenue": 3182000000,
        "grossProfit": 793000000,
        "grossProfitRatio": 0.1994968553,
        "researchAndDevelopmentExpenses": 0,
        "generalAndAdministrativeExpenses": 247000000,
        "sellingAndMarketingExpenses": 3453000000,
        "sellingGeneralAndAdministrativeExpenses": 3700000000,
        "otherExpenses": 0,
        "operatingExpenses": 3700000000,
        "costAndExpenses": 6882000000,
        "interestIncome": 0,
        "interestExpense": 42000000,
        "depreciationAndAmortization": 294000000,
        "ebitda": 602000000,
        "ebitdaratio": 0.1514465409,
        "operatingIncome": 308000000,
        "operatingIncomeRatio": 0.0774842767,
        "totalOtherIncomeExpensesNet": -33000000,
        "incomeBeforeTax": 275000000,
        "incomeBeforeTaxRatio": 0.0691823899,
        "incomeTaxExpense": 82000000,
        "netIncome": 193000000,
        "netIncomeRatio": 0.0485534591,
        "eps": 1.25,
        "epsdiluted": 1.23,
        "weightedAverageShsOut": 154304000,
        "weightedAverageShsOutDil": 156302000,
        "link": "https://www.sec.gov/Archives/edgar/data/23082/000002308210000072/0000023082-10-000072-index.html",
        "finalLink": "https://www.sec.gov/Archives/edgar/data/23082/000002308210000072/fy11q2form10_q.htm"
    },
    {
        "date": "2010-07-02",
        "symbol": "CSC",
        "reportedCurrency": "USD",
        "cik": "0000023082",
        "fillingDate": "2010-08-11",
        "acceptedDate": "2010-08-11 12:16:43",
        "calendarYear": "2011",
        "period": "Q1",
        "revenue": 3942000000,
        "costOfRevenue": 3197000000,
        "grossProfit": 745000000,
        "grossProfitRatio": 0.1889903602,
        "researchAndDevelopmentExpenses": 0,
        "generalAndAdministrativeExpenses": 244000000,
        "sellingAndMarketingExpenses": 3483000000,
        "sellingGeneralAndAdministrativeExpenses": 3727000000,
        "otherExpenses": 0,
        "operatingExpenses": 3727000000,
        "costAndExpenses": 6924000000,
        "interestIncome": 0,
        "interestExpense": 41000000,
        "depreciationAndAmortization": 277000000,
        "ebitda": 528000000,
        "ebitdaratio": 0.1339421613,
        "operatingIncome": 251000000,
        "operatingIncomeRatio": 0.0636732623,
        "totalOtherIncomeExpensesNet": -36000000,
        "incomeBeforeTax": 215000000,
        "incomeBeforeTaxRatio": 0.0545408422,
        "incomeTaxExpense": 67000000,
        "netIncome": 148000000,
        "netIncomeRatio": 0.0375443937,
        "eps": 961038,
        "epsdiluted": 942675,
        "weightedAverageShsOut": 154,
        "weightedAverageShsOutDil": 157,
        "link": "https://www.sec.gov/Archives/edgar/data/23082/000002308210000054/0000023082-10-000054-index.html",
        "finalLink": "https://www.sec.gov/Archives/edgar/data/23082/000002308210000054/form10q.htm"
    },
    {
        "date": "2010-04-02",
        "symbol": "CSC",
        "reportedCurrency": "USD",
        "cik": "0000023082",
        "fillingDate": "2010-05-21",
        "acceptedDate": "2010-05-21 04:39:14",
        "calendarYear": "2010",
        "period": "Q4",
        "revenue": 16128000000,
        "costOfRevenue": 12797000000,
        "grossProfit": 3331000000,
        "grossProfitRatio": 0.2065352183,
        "researchAndDevelopmentExpenses": 0,
        "generalAndAdministrativeExpenses": 991000000,
        "sellingAndMarketingExpenses": 14099000000,
        "sellingGeneralAndAdministrativeExpenses": 15090000000,
        "otherExpenses": 0,
        "operatingExpenses": 15090000000,
        "costAndExpenses": 27887000000,
        "interestIncome": 0,
        "interestExpense": 252000000,
        "depreciationAndAmortization": 1156000000,
        "ebitda": 2429000000,
        "ebitdaratio": 0.1506076389,
        "operatingIncome": 1273000000,
        "operatingIncomeRatio": 0.0789310516,
        "totalOtherIncomeExpensesNet": -235000000,
        "incomeBeforeTax": 1038000000,
        "incomeBeforeTaxRatio": 0.064360119,
        "incomeTaxExpense": 204000000,
        "netIncome": 834000000,
        "netIncomeRatio": 0.0517113095,
        "eps": 5415584,
        "epsdiluted": 5312101,
        "weightedAverageShsOut": 154,
        "weightedAverageShsOutDil": 157,
        "link": "https://www.sec.gov/Archives/edgar/data/23082/000002308210000036/0000023082-10-000036-index.html",
        "finalLink": "https://www.sec.gov/Archives/edgar/data/23082/000002308210000036/form10k.htm"
    },
    {
        "date": "2010-01-01",
        "symbol": "CSC",
        "reportedCurrency": "USD",
        "cik": "0000023082",
        "fillingDate": "2010-02-10",
        "acceptedDate": "2010-02-10 12:11:26",
        "calendarYear": "2010",
        "period": "Q3",
        "revenue": 3954000000,
        "costOfRevenue": 4695000000,
        "grossProfit": -741000000,
        "grossProfitRatio": -0.1874051593,
        "researchAndDevelopmentExpenses": -1666000000,
        "generalAndAdministrativeExpenses": 2719000000,
        "sellingAndMarketingExpenses": -2480000000,
        "sellingGeneralAndAdministrativeExpenses": 239000000,
        "otherExpenses": 1666000000,
        "operatingExpenses": 239000000,
        "costAndExpenses": 3662000000,
        "interestIncome": 0,
        "interestExpense": -178000000,
        "depreciationAndAmortization": -461000000,
        "ebitda": -1182000000,
        "ebitdaratio": -0.2989377845,
        "operatingIncome": -721000000,
        "operatingIncomeRatio": -0.1823469904,
        "totalOtherIncomeExpensesNet": 1013000000,
        "incomeBeforeTax": 292000000,
        "incomeBeforeTaxRatio": 0.0738492666,
        "incomeTaxExpense": -760000000,
        "netIncome": 1052000000,
        "netIncomeRatio": 0.2660596864,
        "eps": 6831168,
        "epsdiluted": 6700636,
        "weightedAverageShsOut": 154,
        "weightedAverageShsOutDil": 157,
        "link": "https://www.sec.gov/Archives/edgar/data/23082/000002308210000015/0000023082-10-000015-index.html",
        "finalLink": "https://www.sec.gov/Archives/edgar/data/23082/000002308210000015/form10q.htm"
    },
    {
        "date": "2009-04-03",
        "symbol": "CSC",
        "reportedCurrency": "USD",
        "cik": "0000023082",
        "fillingDate": "2009-05-29",
        "acceptedDate": "2009-05-28 14:47:41",
        "calendarYear": "2009",
        "period": "Q4",
        "revenue": 4111000000,
        "costOfRevenue": 0,
        "grossProfit": 4111000000,
        "grossProfitRatio": 1,
        "researchAndDevelopmentExpenses": 0,
        "generalAndAdministrativeExpenses": 258000000,
        "sellingAndMarketingExpenses": 0,
        "sellingGeneralAndAdministrativeExpenses": 258000000,
        "otherExpenses": 0,
        "operatingExpenses": 258000000,
        "costAndExpenses": 14966000000,
        "interestIncome": 0,
        "interestExpense": -69000000,
        "depreciationAndAmortization": 284000000,
        "ebitda": 598000000,
        "ebitdaratio": 0.1454633909,
        "operatingIncome": 314000000,
        "operatingIncomeRatio": 0.0763804427,
        "totalOtherIncomeExpensesNet": 17000000,
        "incomeBeforeTax": 331000000,
        "incomeBeforeTaxRatio": 0.0805156896,
        "incomeTaxExpense": -69000000,
        "netIncome": 400000000,
        "netIncomeRatio": 0.097299927,
        "eps": 2.64,
        "epsdiluted": 2.62,
        "weightedAverageShsOut": 151289009,
        "weightedAverageShsOutDil": 152530779,
        "link": "https://www.sec.gov/Archives/edgar/data/23082/000002308209000023/0000023082-09-000023-index.html",
        "finalLink": "https://www.sec.gov/Archives/edgar/data/23082/000002308209000023/form_10-k.htm"
    },
    {
        "date": "2008-11-11",
        "symbol": "CSC",
        "reportedCurrency": "USD",
        "cik": "0000023082",
        "fillingDate": "2008-11-12",
        "acceptedDate": "2008-11-12 16:15:21",
        "calendarYear": "2009",
        "period": "Q2",
        "revenue": 4238000000,
        "costOfRevenue": 0,
        "grossProfit": 4238000000,
        "grossProfitRatio": 1,
        "researchAndDevelopmentExpenses": 0,
        "generalAndAdministrativeExpenses": 285000000,
        "sellingAndMarketingExpenses": 0,
        "sellingGeneralAndAdministrativeExpenses": 285000000,
        "otherExpenses": 0,
        "operatingExpenses": 285000000,
        "costAndExpenses": 4054000000,
        "interestIncome": 0,
        "interestExpense": -59000000,
        "depreciationAndAmortization": 341000000,
        "ebitda": 734000000,
        "ebitdaratio": 0.1731949033,
        "operatingIncome": 393000000,
        "operatingIncomeRatio": 0.092732421,
        "totalOtherIncomeExpensesNet": -208000000,
        "incomeBeforeTax": 185000000,
        "incomeBeforeTaxRatio": 0.0436526664,
        "incomeTaxExpense": -59000000,
        "netIncome": 244000000,
        "netIncomeRatio": 0.0575743275,
        "eps": 1.61,
        "epsdiluted": 1.6,
        "weightedAverageShsOut": 151322751,
        "weightedAverageShsOutDil": 152941176,
        "link": "https://www.sec.gov/Archives/edgar/data/23082/000002308208000170/0000023082-08-000170-index.html",
        "finalLink": "https://www.sec.gov/Archives/edgar/data/23082/000002308208000170/fy09q2form10-q.htm"
    },
    {
        "date": "2008-08-12",
        "symbol": "CSC",
        "reportedCurrency": "USD",
        "cik": "0000023082",
        "fillingDate": "2008-08-13",
        "acceptedDate": "2008-08-13 09:58:59",
        "calendarYear": "2009",
        "period": "Q1",
        "revenue": 4437000000,
        "costOfRevenue": 0,
        "grossProfit": 4437000000,
        "grossProfitRatio": 1,
        "researchAndDevelopmentExpenses": 0,
        "generalAndAdministrativeExpenses": 277000000,
        "sellingAndMarketingExpenses": 0,
        "sellingGeneralAndAdministrativeExpenses": 277000000,
        "otherExpenses": 0,
        "operatingExpenses": 277000000,
        "costAndExpenses": 4263000000,
        "interestIncome": 0,
        "interestExpense": -63000000,
        "depreciationAndAmortization": 339000000,
        "ebitda": 396000000,
        "ebitdaratio": 0.0892494929,
        "operatingIncome": 57000000,
        "operatingIncomeRatio": 0.0128465179,
        "totalOtherIncomeExpensesNet": 116000000,
        "incomeBeforeTax": 173000000,
        "incomeBeforeTaxRatio": 0.0389903088,
        "incomeTaxExpense": -63000000,
        "netIncome": 236000000,
        "netIncomeRatio": 0.0531890917,
        "eps": 1.57,
        "epsdiluted": 1.55,
        "weightedAverageShsOut": 150000000,
        "weightedAverageShsOutDil": 151898734,
        "link": "https://www.sec.gov/Archives/edgar/data/23082/000002308208000145/0000023082-08-000145-index.html",
        "finalLink": "https://www.sec.gov/Archives/edgar/data/23082/000002308208000145/fy09q1form10-q.htm"
    },
    {
        "date": "2008-02-05",
        "symbol": "CSC",
        "reportedCurrency": "USD",
        "cik": "0000023082",
        "fillingDate": "2008-02-06",
        "acceptedDate": "2008-02-06 10:15:43",
        "calendarYear": "2008",
        "period": "Q3",
        "revenue": 4160000000,
        "costOfRevenue": 0,
        "grossProfit": 4160000000,
        "grossProfitRatio": 1,
        "researchAndDevelopmentExpenses": 0,
        "generalAndAdministrativeExpenses": 240000000,
        "sellingAndMarketingExpenses": 0,
        "sellingGeneralAndAdministrativeExpenses": 240000000,
        "otherExpenses": 0,
        "operatingExpenses": 240000000,
        "costAndExpenses": 3893000000,
        "interestIncome": 0,
        "interestExpense": -51000000,
        "depreciationAndAmortization": 361000000,
        "ebitda": 489000000,
        "ebitdaratio": 0.1175480769,
        "operatingIncome": 128000000,
        "operatingIncomeRatio": 0.0307692308,
        "totalOtherIncomeExpensesNet": 138000000,
        "incomeBeforeTax": 266000000,
        "incomeBeforeTaxRatio": 0.0639423077,
        "incomeTaxExpense": -51000000,
        "netIncome": 317000000,
        "netIncomeRatio": 0.0762019231,
        "eps": 1.89,
        "epsdiluted": 1.86,
        "weightedAverageShsOut": 167289719,
        "weightedAverageShsOutDil": 170476190,
        "link": "https://www.sec.gov/Archives/edgar/data/23082/000002308208000021/0000023082-08-000021-index.html",
        "finalLink": "https://www.sec.gov/Archives/edgar/data/23082/000002308208000021/fy08form10-q_q3.htm"
    },
    {
        "date": "2007-09-28",
        "symbol": "CSC",
        "reportedCurrency": "USD",
        "cik": "0000023082",
        "fillingDate": "2008-01-11",
        "acceptedDate": "2008-01-11 14:42:28",
        "calendarYear": "2008",
        "period": "Q2",
        "revenue": 4018000000,
        "costOfRevenue": 0,
        "grossProfit": 4018000000,
        "grossProfitRatio": 1,
        "researchAndDevelopmentExpenses": 0,
        "generalAndAdministrativeExpenses": 241000000,
        "sellingAndMarketingExpenses": 0,
        "sellingGeneralAndAdministrativeExpenses": 241000000,
        "otherExpenses": 0,
        "operatingExpenses": 241000000,
        "costAndExpenses": 3845000000,
        "interestIncome": 0,
        "interestExpense": -49000000,
        "depreciationAndAmortization": 330000000,
        "ebitda": 356000000,
        "ebitdaratio": 0.0886012942,
        "operatingIncome": 26000000,
        "operatingIncomeRatio": 0.006470881,
        "totalOtherIncomeExpensesNet": 146000000,
        "incomeBeforeTax": 172000000,
        "incomeBeforeTaxRatio": 0.0428073668,
        "incomeTaxExpense": -49000000,
        "netIncome": 221000000,
        "netIncomeRatio": 0.0550024888,
        "eps": 1.28,
        "epsdiluted": 1.26,
        "weightedAverageShsOut": 172641509,
        "weightedAverageShsOutDil": 175961538,
        "link": "https://www.sec.gov/Archives/edgar/data/23082/000002308208000013/0000023082-08-000013-index.htm",
        "finalLink": "https://www.sec.gov/Archives/edgar/data/23082/000002308208000013/csc10-q_fy08q2.htm"
    },
    {
        "date": "2007-06-29",
        "symbol": "CSC",
        "reportedCurrency": "USD",
        "cik": "0000023082",
        "fillingDate": "2008-01-11",
        "acceptedDate": "2008-01-11 09:39:01",
        "calendarYear": "2008",
        "period": "Q1",
        "revenue": 3837000000,
        "costOfRevenue": 0,
        "grossProfit": 3837000000,
        "grossProfitRatio": 1,
        "researchAndDevelopmentExpenses": 0,
        "generalAndAdministrativeExpenses": 240000000,
        "sellingAndMarketingExpenses": 0,
        "sellingGeneralAndAdministrativeExpenses": 240000000,
        "otherExpenses": 0,
        "operatingExpenses": 240000000,
        "costAndExpenses": 3668000000,
        "interestIncome": 0,
        "interestExpense": -29000000,
        "depreciationAndAmortization": 303000000,
        "ebitda": 382000000,
        "ebitdaratio": 0.0995569455,
        "operatingIncome": 79000000,
        "operatingIncomeRatio": 0.0205890018,
        "totalOtherIncomeExpensesNet": 90000000,
        "incomeBeforeTax": 169000000,
        "incomeBeforeTaxRatio": 0.0440448267,
        "incomeTaxExpense": -29000000,
        "netIncome": 198000000,
        "netIncomeRatio": 0.0516028147,
        "eps": 1.14,
        "epsdiluted": 1.12,
        "weightedAverageShsOut": 174193548,
        "weightedAverageShsOutDil": 177049180,
        "link": "https://www.sec.gov/Archives/edgar/data/23082/000002308208000012/0000023082-08-000012-index.htm",
        "finalLink": "https://www.sec.gov/Archives/edgar/data/23082/000002308208000012/csc10-q_fy08q1.htm"
    },
    {
        "date": "2007-02-28",
        "symbol": "CSC",
        "reportedCurrency": "USD",
        "cik": "0000023082",
        "fillingDate": "2007-03-05",
        "acceptedDate": "2007-03-02 14:52:48",
        "calendarYear": "2007",
        "period": "Q4",
        "revenue": 3605000000,
        "costOfRevenue": 0,
        "grossProfit": 3605000000,
        "grossProfitRatio": 1,
        "researchAndDevelopmentExpenses": 0,
        "generalAndAdministrativeExpenses": 226000000,
        "sellingAndMarketingExpenses": 0,
        "sellingGeneralAndAdministrativeExpenses": 226000000,
        "otherExpenses": 0,
        "operatingExpenses": 226000000,
        "costAndExpenses": 3461000000,
        "interestIncome": 0,
        "interestExpense": -38000000,
        "depreciationAndAmortization": -299000000,
        "ebitda": -244000000,
        "ebitdaratio": -0.0676837725,
        "operatingIncome": 55000000,
        "operatingIncomeRatio": 0.0152565881,
        "totalOtherIncomeExpensesNet": 89000000,
        "incomeBeforeTax": 144000000,
        "incomeBeforeTaxRatio": 0.0399445215,
        "incomeTaxExpense": -38000000,
        "netIncome": 182000000,
        "netIncomeRatio": 0.0504854369,
        "eps": 1.06,
        "epsdiluted": 1.06,
        "weightedAverageShsOut": 172222222,
        "weightedAverageShsOutDil": 172222222,
        "link": "https://www.sec.gov/Archives/edgar/data/23082/000002308207000020/0000023082-07-000020-index.htm",
        "finalLink": "https://www.sec.gov/Archives/edgar/data/23082/000002308207000020/fy07_2ndquarter.htm"
    },
    {
        "date": "2006-12-29",
        "symbol": "CSC",
        "reportedCurrency": "USD",
        "cik": "0000023082",
        "fillingDate": "2007-03-05",
        "acceptedDate": "2007-03-02 19:59:20",
        "calendarYear": "2007",
        "period": "Q3",
        "revenue": 7242000000,
        "costOfRevenue": 0,
        "grossProfit": 7242000000,
        "grossProfitRatio": 1,
        "researchAndDevelopmentExpenses": 0,
        "generalAndAdministrativeExpenses": 455000000,
        "sellingAndMarketingExpenses": 0,
        "sellingGeneralAndAdministrativeExpenses": 455000000,
        "otherExpenses": 0,
        "operatingExpenses": 455000000,
        "costAndExpenses": 6926000000,
        "interestIncome": 0,
        "interestExpense": -77000000,
        "depreciationAndAmortization": 607000000,
        "ebitda": 700000000,
        "ebitdaratio": 0.0966583817,
        "operatingIncome": 93000000,
        "operatingIncomeRatio": 0.0128417564,
        "totalOtherIncomeExpensesNet": 223000000,
        "incomeBeforeTax": 316000000,
        "incomeBeforeTaxRatio": 0.0436343552,
        "incomeTaxExpense": -77000000,
        "netIncome": 393000000,
        "netIncomeRatio": 0.0542667771,
        "eps": 2.21,
        "epsdiluted": 2.21,
        "weightedAverageShsOut": 177906976,
        "weightedAverageShsOutDil": 177906976,
        "link": "https://www.sec.gov/Archives/edgar/data/23082/000002308207000021/0000023082-07-000021-index.htm",
        "finalLink": "https://www.sec.gov/Archives/edgar/data/23082/000002308207000021/csc10-q_fy07q3.htm"
    },
    {
        "date": "2006-03-31",
        "symbol": "CSC",
        "reportedCurrency": "USD",
        "cik": "0000023082",
        "fillingDate": "2006-06-01",
        "acceptedDate": "2006-05-31 18:58:19",
        "calendarYear": "2006",
        "period": "Q4",
        "revenue": 3883000000,
        "costOfRevenue": 0,
        "grossProfit": 3883000000,
        "grossProfitRatio": 1,
        "researchAndDevelopmentExpenses": 0,
        "generalAndAdministrativeExpenses": 222000000,
        "sellingAndMarketingExpenses": 0,
        "sellingGeneralAndAdministrativeExpenses": 222000000,
        "otherExpenses": 0,
        "operatingExpenses": 222000000,
        "costAndExpenses": 3610000000,
        "interestIncome": 0,
        "interestExpense": -30000000,
        "depreciationAndAmortization": 316000000,
        "ebitda": 486000000,
        "ebitdaratio": 0.125160958,
        "operatingIncome": 170000000,
        "operatingIncomeRatio": 0.043780582,
        "totalOtherIncomeExpensesNet": 104000000,
        "incomeBeforeTax": 274000000,
        "incomeBeforeTaxRatio": 0.0705639969,
        "incomeTaxExpense": -30000000,
        "netIncome": 304000000,
        "netIncomeRatio": 0.078289982,
        "eps": 1.49,
        "epsdiluted": 1.49,
        "weightedAverageShsOut": 203858520,
        "weightedAverageShsOutDil": 203858520,
        "link": "https://www.sec.gov/Archives/edgar/data/23082/000119312506122177/0001193125-06-122177-index.htm",
        "finalLink": "https://www.sec.gov/Archives/edgar/data/23082/000119312506122177/d10k.htm"
    },
    {
        "date": "2005-12-30",
        "symbol": "CSC",
        "reportedCurrency": "USD",
        "cik": "0000023082",
        "fillingDate": "2006-02-08",
        "acceptedDate": "2006-02-08 13:57:01",
        "calendarYear": "2006",
        "period": "Q3",
        "revenue": 3577000000,
        "costOfRevenue": 0,
        "grossProfit": 3577000000,
        "grossProfitRatio": 1,
        "researchAndDevelopmentExpenses": 0,
        "generalAndAdministrativeExpenses": 208000000,
        "sellingAndMarketingExpenses": 0,
        "sellingGeneralAndAdministrativeExpenses": 208000000,
        "otherExpenses": 0,
        "operatingExpenses": 208000000,
        "costAndExpenses": 3336000000,
        "interestIncome": 0,
        "interestExpense": -24000000,
        "depreciationAndAmortization": 259000000,
        "ebitda": 438000000,
        "ebitdaratio": 0.1224489796,
        "operatingIncome": 179000000,
        "operatingIncomeRatio": 0.0500419346,
        "totalOtherIncomeExpensesNet": 62000000,
        "incomeBeforeTax": 241000000,
        "incomeBeforeTaxRatio": 0.0673748952,
        "incomeTaxExpense": -24000000,
        "netIncome": 265000000,
        "netIncomeRatio": 0.0740844283,
        "eps": 1.3,
        "epsdiluted": 1.3,
        "weightedAverageShsOut": 203858520,
        "weightedAverageShsOutDil": 203858520,
        "link": "https://www.sec.gov/Archives/edgar/data/23082/000002308206000021/0000023082-06-000021-index.htm",
        "finalLink": "https://www.sec.gov/Archives/edgar/data/23082/000002308206000021/fy06_q3-10q.htm"
    },
    {
        "date": "2005-09-30",
        "symbol": "CSC",
        "reportedCurrency": "USD",
        "cik": "0000023082",
        "fillingDate": "2005-11-04",
        "acceptedDate": "2005-11-04 15:49:16",
        "calendarYear": "2006",
        "period": "Q2",
        "revenue": 3573000000,
        "costOfRevenue": 0,
        "grossProfit": 3573000000,
        "grossProfitRatio": 1,
        "researchAndDevelopmentExpenses": 0,
        "generalAndAdministrativeExpenses": 207000000,
        "sellingAndMarketingExpenses": 0,
        "sellingGeneralAndAdministrativeExpenses": 207000000,
        "otherExpenses": 0,
        "operatingExpenses": 207000000,
        "costAndExpenses": 3428000000,
        "interestIncome": 0,
        "interestExpense": -26000000,
        "depreciationAndAmortization": 316000000,
        "ebitda": 390000000,
        "ebitdaratio": 0.1091519731,
        "operatingIncome": 74000000,
        "operatingIncomeRatio": 0.0207108872,
        "totalOtherIncomeExpensesNet": 70000000,
        "incomeBeforeTax": 144000000,
        "incomeBeforeTaxRatio": 0.040302267,
        "incomeTaxExpense": -26000000,
        "netIncome": 170000000,
        "netIncomeRatio": 0.0475790652,
        "eps": 0.55,
        "epsdiluted": 0.55,
        "weightedAverageShsOut": 309160305,
        "weightedAverageShsOutDil": 309160305,
        "link": "https://www.sec.gov/Archives/edgar/data/23082/000002308205000137/0000023082-05-000137-index.htm",
        "finalLink": "https://www.sec.gov/Archives/edgar/data/23082/000002308205000137/fy06_q2-10q.htm"
    },
    {
        "date": "2005-07-01",
        "symbol": "CSC",
        "reportedCurrency": "USD",
        "cik": "0000023082",
        "fillingDate": "2005-08-05",
        "acceptedDate": "2005-08-05 15:10:29",
        "calendarYear": "2006",
        "period": "Q1",
        "revenue": 3582000000,
        "costOfRevenue": 0,
        "grossProfit": 3582000000,
        "grossProfitRatio": 1,
        "researchAndDevelopmentExpenses": 0,
        "generalAndAdministrativeExpenses": 205000000,
        "sellingAndMarketingExpenses": 0,
        "sellingGeneralAndAdministrativeExpenses": 205000000,
        "otherExpenses": 0,
        "operatingExpenses": 205000000,
        "costAndExpenses": 3420000000,
        "interestIncome": 0,
        "interestExpense": -24000000,
        "depreciationAndAmortization": 296000000,
        "ebitda": 403000000,
        "ebitdaratio": 0.1125069793,
        "operatingIncome": 107000000,
        "operatingIncomeRatio": 0.0298715801,
        "totalOtherIncomeExpensesNet": 55000000,
        "incomeBeforeTax": 162000000,
        "incomeBeforeTaxRatio": 0.0452261307,
        "incomeTaxExpense": -24000000,
        "netIncome": 186000000,
        "netIncomeRatio": 0.0519262982,
        "eps": 0.6,
        "epsdiluted": 0.6,
        "weightedAverageShsOut": 309160305,
        "weightedAverageShsOutDil": 309160305,
        "link": "https://www.sec.gov/Archives/edgar/data/23082/000002308205000117/0000023082-05-000117-index.htm",
        "finalLink": "https://www.sec.gov/Archives/edgar/data/23082/000002308205000117/fy06_q110-q.htm"
    },
    {
        "date": "2005-04-01",
        "symbol": "CSC",
        "reportedCurrency": "USD",
        "cik": "0000023082",
        "fillingDate": "2005-06-08",
        "acceptedDate": "2005-06-08 17:29:45",
        "calendarYear": "2005",
        "period": "Q4",
        "revenue": 3798000000,
        "costOfRevenue": 0,
        "grossProfit": 3798000000,
        "grossProfitRatio": 1,
        "researchAndDevelopmentExpenses": 0,
        "generalAndAdministrativeExpenses": 205000000,
        "sellingAndMarketingExpenses": 0,
        "sellingGeneralAndAdministrativeExpenses": 205000000,
        "otherExpenses": 0,
        "operatingExpenses": 205000000,
        "costAndExpenses": 3572000000,
        "interestIncome": 0,
        "interestExpense": -37000000,
        "depreciationAndAmortization": 1145000000,
        "ebitda": 1520000000,
        "ebitdaratio": 0.4002106372,
        "operatingIncome": 375000000,
        "operatingIncomeRatio": 0.0987361769,
        "totalOtherIncomeExpensesNet": -149000000,
        "incomeBeforeTax": 226000000,
        "incomeBeforeTaxRatio": 0.0595050026,
        "incomeTaxExpense": -37000000,
        "netIncome": 263000000,
        "netIncomeRatio": 0.0692469721,
        "eps": 0.85,
        "epsdiluted": 0.85,
        "weightedAverageShsOut": 309160305,
        "weightedAverageShsOutDil": 309160305,
        "link": "https://www.sec.gov/Archives/edgar/data/23082/000110465905027389/0001104659-05-027389-index.htm",
        "finalLink": "https://www.sec.gov/Archives/edgar/data/23082/000110465905027389/a05-10393_110k.htm"
    },
    {
        "date": "2004-12-31",
        "symbol": "CSC",
        "reportedCurrency": "USD",
        "cik": "0000023082",
        "fillingDate": "2005-02-09",
        "acceptedDate": "2005-02-08 19:23:46",
        "calendarYear": "2005",
        "period": "Q3",
        "revenue": 2590000000,
        "costOfRevenue": 0,
        "grossProfit": 2590000000,
        "grossProfitRatio": 1,
        "researchAndDevelopmentExpenses": 0,
        "generalAndAdministrativeExpenses": 172000000,
        "sellingAndMarketingExpenses": 0,
        "sellingGeneralAndAdministrativeExpenses": 172000000,
        "otherExpenses": 0,
        "operatingExpenses": 172000000,
        "costAndExpenses": 2454000000,
        "interestIncome": 0,
        "interestExpense": -40000000,
        "depreciationAndAmortization": -558000000,
        "ebitda": -440000000,
        "ebitdaratio": -0.1698841699,
        "operatingIncome": 118000000,
        "operatingIncomeRatio": 0.0455598456,
        "totalOtherIncomeExpensesNet": 18000000,
        "incomeBeforeTax": 136000000,
        "incomeBeforeTaxRatio": 0.0525096525,
        "incomeTaxExpense": -40000000,
        "netIncome": 176000000,
        "netIncomeRatio": 0.067953668,
        "eps": 0.57,
        "epsdiluted": 0.57,
        "weightedAverageShsOut": 309160305,
        "weightedAverageShsOutDil": 309160305,
        "link": "https://www.sec.gov/Archives/edgar/data/23082/000002308205000019/0000023082-05-000019-index.htm",
        "finalLink": "https://www.sec.gov/Archives/edgar/data/23082/000002308205000019/fy05q3_10-q.htm"
    },
    {
        "date": "2004-10-01",
        "symbol": "CSC",
        "reportedCurrency": "USD",
        "cik": "0000023082",
        "fillingDate": "2004-11-10",
        "acceptedDate": "2004-11-10 15:47:00",
        "calendarYear": "2005",
        "period": "Q2",
        "revenue": 3934000000,
        "costOfRevenue": 0,
        "grossProfit": 3934000000,
        "grossProfitRatio": 1,
        "researchAndDevelopmentExpenses": 0,
        "generalAndAdministrativeExpenses": 202000000,
        "sellingAndMarketingExpenses": 0,
        "sellingGeneralAndAdministrativeExpenses": 202000000,
        "otherExpenses": 0,
        "operatingExpenses": 202000000,
        "costAndExpenses": 3744000000,
        "interestIncome": 0,
        "interestExpense": -40000000,
        "depreciationAndAmortization": 284000000,
        "ebitda": 374000000,
        "ebitdaratio": 0.0950686324,
        "operatingIncome": 90000000,
        "operatingIncomeRatio": 0.0228774784,
        "totalOtherIncomeExpensesNet": 101000000,
        "incomeBeforeTax": 191000000,
        "incomeBeforeTaxRatio": 0.048551093,
        "incomeTaxExpense": -40000000,
        "netIncome": 231000000,
        "netIncomeRatio": 0.0587188612,
        "eps": 0.75,
        "epsdiluted": 0.75,
        "weightedAverageShsOut": 309160305,
        "weightedAverageShsOutDil": 309160305,
        "link": "https://www.sec.gov/Archives/edgar/data/23082/000002308204000155/0000023082-04-000155-index.htm",
        "finalLink": "https://www.sec.gov/Archives/edgar/data/23082/000002308204000155/fy05q2_10-q.htm"
    },
    {
        "date": "2004-07-02",
        "symbol": "CSC",
        "reportedCurrency": "USD",
        "cik": "0000023082",
        "fillingDate": "2004-08-11",
        "acceptedDate": "2004-08-11 14:11:45",
        "calendarYear": "2005",
        "period": "Q1",
        "revenue": 3736000000,
        "costOfRevenue": 0,
        "grossProfit": 3736000000,
        "grossProfitRatio": 1,
        "researchAndDevelopmentExpenses": 0,
        "generalAndAdministrativeExpenses": 228000000,
        "sellingAndMarketingExpenses": 0,
        "sellingGeneralAndAdministrativeExpenses": 228000000,
        "otherExpenses": 0,
        "operatingExpenses": 228000000,
        "costAndExpenses": 3573000000,
        "interestIncome": 0,
        "interestExpense": -39000000,
        "depreciationAndAmortization": 274000000,
        "ebitda": 345000000,
        "ebitdaratio": 0.0923447537,
        "operatingIncome": 71000000,
        "operatingIncomeRatio": 0.0190042827,
        "totalOtherIncomeExpensesNet": 91000000,
        "incomeBeforeTax": 162000000,
        "incomeBeforeTaxRatio": 0.0433618844,
        "incomeTaxExpense": -39000000,
        "netIncome": 201000000,
        "netIncomeRatio": 0.0538008565,
        "eps": 1.07,
        "epsdiluted": 1.07,
        "weightedAverageShsOut": 187364620,
        "weightedAverageShsOutDil": 188727272,
        "link": "https://www.sec.gov/Archives/edgar/data/23082/000002308204000100/0000023082-04-000100-index.htm",
        "finalLink": "https://www.sec.gov/Archives/edgar/data/23082/000002308204000100/csc10q_fy05q1.htm"
    },
    {
        "date": "2004-04-02",
        "symbol": "CSC",
        "reportedCurrency": "USD",
        "cik": "0000023082",
        "fillingDate": "2004-06-15",
        "acceptedDate": "2004-06-15 16:31:29",
        "calendarYear": "2004",
        "period": "Q4",
        "revenue": 4000000000,
        "costOfRevenue": 0,
        "grossProfit": 4000000000,
        "grossProfitRatio": 1,
        "researchAndDevelopmentExpenses": 0,
        "generalAndAdministrativeExpenses": 237000000,
        "sellingAndMarketingExpenses": 0,
        "sellingGeneralAndAdministrativeExpenses": 237000000,
        "otherExpenses": 0,
        "operatingExpenses": 237000000,
        "costAndExpenses": 3728000000,
        "interestIncome": 0,
        "interestExpense": -43000000,
        "depreciationAndAmortization": 263000000,
        "ebitda": 411000000,
        "ebitdaratio": 0.10275,
        "operatingIncome": 148000000,
        "operatingIncomeRatio": 0.037,
        "totalOtherIncomeExpensesNet": 124000000,
        "incomeBeforeTax": 272000000,
        "incomeBeforeTaxRatio": 0.068,
        "incomeTaxExpense": -43000000,
        "netIncome": 315000000,
        "netIncomeRatio": 0.07875,
        "eps": 1.68,
        "epsdiluted": 1.67,
        "weightedAverageShsOut": 187364620,
        "weightedAverageShsOutDil": 188727272,
        "link": "https://www.sec.gov/Archives/edgar/data/23082/000104746904020645/0001047469-04-020645-index.htm",
        "finalLink": "https://www.sec.gov/Archives/edgar/data/23082/000104746904020645/a2138102z10-k.htm"
    },
    {
        "date": "2004-01-02",
        "symbol": "CSC",
        "reportedCurrency": "USD",
        "cik": "0000023082",
        "fillingDate": "2004-02-12",
        "acceptedDate": "2004-02-12 12:52:17",
        "calendarYear": "2004",
        "period": "Q3",
        "revenue": 3621000000,
        "costOfRevenue": 0,
        "grossProfit": 3621000000,
        "grossProfitRatio": 1,
        "researchAndDevelopmentExpenses": 0,
        "generalAndAdministrativeExpenses": 205000000,
        "sellingAndMarketingExpenses": 0,
        "sellingGeneralAndAdministrativeExpenses": 205000000,
        "otherExpenses": 0,
        "operatingExpenses": 205000000,
        "costAndExpenses": 3435000000,
        "interestIncome": 0,
        "interestExpense": -43000000,
        "depreciationAndAmortization": 281000000,
        "ebitda": 366000000,
        "ebitdaratio": 0.1010770505,
        "operatingIncome": 85000000,
        "operatingIncomeRatio": 0.0234741784,
        "totalOtherIncomeExpensesNet": 101000000,
        "incomeBeforeTax": 186000000,
        "incomeBeforeTaxRatio": 0.0513670257,
        "incomeTaxExpense": -43000000,
        "netIncome": 229000000,
        "netIncomeRatio": 0.0632421983,
        "eps": 1.22,
        "epsdiluted": 1.22,
        "weightedAverageShsOut": 187364620,
        "weightedAverageShsOutDil": 187364620,
        "link": "https://www.sec.gov/Archives/edgar/data/23082/000002308204000005/0000023082-04-000005-index.htm",
        "finalLink": "https://www.sec.gov/Archives/edgar/data/23082/000002308204000005/csc10q_fy04q3.htm"
    },
    {
        "date": "2003-10-03",
        "symbol": "CSC",
        "reportedCurrency": "USD",
        "cik": "0000023082",
        "fillingDate": "2003-11-12",
        "acceptedDate": "2003-11-12 11:52:26",
        "calendarYear": "2004",
        "period": "Q2",
        "revenue": 3592000000,
        "costOfRevenue": 0,
        "grossProfit": 3592000000,
        "grossProfitRatio": 1,
        "researchAndDevelopmentExpenses": 0,
        "generalAndAdministrativeExpenses": 200000000,
        "sellingAndMarketingExpenses": 0,
        "sellingGeneralAndAdministrativeExpenses": 200000000,
        "otherExpenses": 0,
        "operatingExpenses": 200000000,
        "costAndExpenses": 3436000000,
        "interestIncome": 0,
        "interestExpense": -40000000,
        "depreciationAndAmortization": 242000000,
        "ebitda": 310000000,
        "ebitdaratio": 0.0863028953,
        "operatingIncome": 68000000,
        "operatingIncomeRatio": 0.0189309577,
        "totalOtherIncomeExpensesNet": 87000000,
        "incomeBeforeTax": 155000000,
        "incomeBeforeTaxRatio": 0.0431514477,
        "incomeTaxExpense": -40000000,
        "netIncome": 195000000,
        "netIncomeRatio": 0.0542873051,
        "eps": 1.04,
        "epsdiluted": 1.04,
        "weightedAverageShsOut": 187364620,
        "weightedAverageShsOutDil": 187364620,
        "link": "https://www.sec.gov/Archives/edgar/data/23082/000002308203000073/0000023082-03-000073-index.htm",
        "finalLink": "https://www.sec.gov/Archives/edgar/data/23082/000002308203000073/csc10q_fy04q2.htm"
    },
    {
        "date": "2003-07-04",
        "symbol": "CSC",
        "reportedCurrency": "USD",
        "cik": "0000023082",
        "fillingDate": "2003-08-13",
        "acceptedDate": "2003-08-13 11:52:49",
        "calendarYear": "2004",
        "period": "Q1",
        "revenue": 3554000000,
        "costOfRevenue": 0,
        "grossProfit": 3554000000,
        "grossProfitRatio": 1,
        "researchAndDevelopmentExpenses": 0,
        "generalAndAdministrativeExpenses": 208000000,
        "sellingAndMarketingExpenses": 0,
        "sellingGeneralAndAdministrativeExpenses": 208000000,
        "otherExpenses": 0,
        "operatingExpenses": 208000000,
        "costAndExpenses": 3421000000,
        "interestIncome": 0,
        "interestExpense": -43000000,
        "depreciationAndAmortization": 252000000,
        "ebitda": 301000000,
        "ebitdaratio": 0.0846933033,
        "operatingIncome": 49000000,
        "operatingIncomeRatio": 0.0137872819,
        "totalOtherIncomeExpensesNet": 84000000,
        "incomeBeforeTax": 133000000,
        "incomeBeforeTaxRatio": 0.0374226224,
        "incomeTaxExpense": -43000000,
        "netIncome": 176000000,
        "netIncomeRatio": 0.0495216657,
        "eps": 1.02,
        "epsdiluted": 1.02,
        "weightedAverageShsOut": 172549019,
        "weightedAverageShsOutDil": 173228346,
        "link": "https://www.sec.gov/Archives/edgar/data/23082/000002308203000051/0000023082-03-000051-index.htm",
        "finalLink": "https://www.sec.gov/Archives/edgar/data/23082/000002308203000051/csc10q_fy0401.htm"
    },
    {
        "date": "2003-03-28",
        "symbol": "CSC",
        "reportedCurrency": "USD",
        "cik": "0000023082",
        "fillingDate": "2003-06-13",
        "acceptedDate": "2003-06-13 16:47:26",
        "calendarYear": "2003",
        "period": "Q4",
        "revenue": 3079000000,
        "costOfRevenue": 0,
        "grossProfit": 3079000000,
        "grossProfitRatio": 1,
        "researchAndDevelopmentExpenses": 0,
        "generalAndAdministrativeExpenses": 192000000,
        "sellingAndMarketingExpenses": 0,
        "sellingGeneralAndAdministrativeExpenses": 192000000,
        "otherExpenses": 0,
        "operatingExpenses": 192000000,
        "costAndExpenses": 2855000000,
        "interestIncome": 0,
        "interestExpense": -36000000,
        "depreciationAndAmortization": 226000000,
        "ebitda": 353000000,
        "ebitdaratio": 0.1146476129,
        "operatingIncome": 127000000,
        "operatingIncomeRatio": 0.0412471582,
        "totalOtherIncomeExpensesNet": 96000000,
        "incomeBeforeTax": 223000000,
        "incomeBeforeTaxRatio": 0.0724261124,
        "incomeTaxExpense": -36000000,
        "netIncome": 259000000,
        "netIncomeRatio": 0.0841182202,
        "eps": 1.5,
        "epsdiluted": 1.5,
        "weightedAverageShsOut": 172549019,
        "weightedAverageShsOutDil": 173228346,
        "link": "https://www.sec.gov/Archives/edgar/data/23082/000095014803001515/0000950148-03-001515-index.htm",
        "finalLink": "https://www.sec.gov/Archives/edgar/data/23082/000095014803001515/v90832e10vk.htm"
    },
    {
        "date": "2002-12-27",
        "symbol": "CSC",
        "reportedCurrency": "USD",
        "cik": "0000023082",
        "fillingDate": "2003-02-07",
        "acceptedDate": "2003-02-07 11:26:50",
        "calendarYear": "2003",
        "period": "Q3",
        "revenue": 2770000000,
        "costOfRevenue": 0,
        "grossProfit": 2770000000,
        "grossProfitRatio": 1,
        "researchAndDevelopmentExpenses": 0,
        "generalAndAdministrativeExpenses": 181000000,
        "sellingAndMarketingExpenses": 0,
        "sellingGeneralAndAdministrativeExpenses": 181000000,
        "otherExpenses": 0,
        "operatingExpenses": 181000000,
        "costAndExpenses": 2623000000,
        "interestIncome": 0,
        "interestExpense": -36000000,
        "depreciationAndAmortization": 209000000,
        "ebitda": 279000000,
        "ebitdaratio": 0.1007220217,
        "operatingIncome": 70000000,
        "operatingIncomeRatio": 0.0252707581,
        "totalOtherIncomeExpensesNet": 78000000,
        "incomeBeforeTax": 148000000,
        "incomeBeforeTaxRatio": 0.0534296029,
        "incomeTaxExpense": -36000000,
        "netIncome": 184000000,
        "netIncomeRatio": 0.0664259928,
        "eps": 1.07,
        "epsdiluted": 1.07,
        "weightedAverageShsOut": 172549019,
        "weightedAverageShsOutDil": 172549019,
        "link": "https://www.sec.gov/Archives/edgar/data/23082/000002308203000010/0000023082-03-000010-index.htm",
        "finalLink": "https://www.sec.gov/Archives/edgar/data/23082/000002308203000010/csc10q_fy0303.htm"
    },
    {
        "date": "2002-09-27",
        "symbol": "CSC",
        "reportedCurrency": "USD",
        "cik": "0000023082",
        "fillingDate": "2002-11-08",
        "acceptedDate": "2002-11-08 11:29:56",
        "calendarYear": "2003",
        "period": "Q2",
        "revenue": 2733000000,
        "costOfRevenue": 0,
        "grossProfit": 2733000000,
        "grossProfitRatio": 1,
        "researchAndDevelopmentExpenses": 0,
        "generalAndAdministrativeExpenses": 162000000,
        "sellingAndMarketingExpenses": 0,
        "sellingGeneralAndAdministrativeExpenses": 162000000,
        "otherExpenses": 0,
        "operatingExpenses": 162000000,
        "costAndExpenses": 2603000000,
        "interestIncome": 0,
        "interestExpense": -36000000,
        "depreciationAndAmortization": 216000000,
        "ebitda": 272000000,
        "ebitdaratio": 0.0995243322,
        "operatingIncome": 56000000,
        "operatingIncomeRatio": 0.0204903037,
        "totalOtherIncomeExpensesNet": 73000000,
        "incomeBeforeTax": 129000000,
        "incomeBeforeTaxRatio": 0.0472008782,
        "incomeTaxExpense": -36000000,
        "netIncome": 165000000,
        "netIncomeRatio": 0.0603732162,
        "eps": 0.96,
        "epsdiluted": 0.96,
        "weightedAverageShsOut": 172549019,
        "weightedAverageShsOutDil": 172549019,
        "link": "https://www.sec.gov/Archives/edgar/data/23082/000002308202000039/0000023082-02-000039-index.html",
        "finalLink": "https://www.sec.gov/Archives/edgar/data/23082/000002308202000039/csc10q_fy0302.htm"
    },
    {
        "date": "2002-06-28",
        "symbol": "CSC",
        "reportedCurrency": "USD",
        "cik": "0000023082",
        "fillingDate": "2002-08-12",
        "acceptedDate": "2002-08-12 12:44:32",
        "calendarYear": "2003",
        "period": "Q1",
        "revenue": 2764000000,
        "costOfRevenue": 0,
        "grossProfit": 2764000000,
        "grossProfitRatio": 1,
        "researchAndDevelopmentExpenses": 0,
        "generalAndAdministrativeExpenses": 181000000,
        "sellingAndMarketingExpenses": 0,
        "sellingGeneralAndAdministrativeExpenses": 181000000,
        "otherExpenses": 0,
        "operatingExpenses": 181000000,
        "costAndExpenses": 2653000000,
        "interestIncome": 0,
        "interestExpense": -34000000,
        "depreciationAndAmortization": 206000000,
        "ebitda": 251000000,
        "ebitdaratio": 0.0908104197,
        "operatingIncome": 45000000,
        "operatingIncomeRatio": 0.0162807525,
        "totalOtherIncomeExpensesNet": 66000000,
        "incomeBeforeTax": 111000000,
        "incomeBeforeTaxRatio": 0.0401591896,
        "incomeTaxExpense": -34000000,
        "netIncome": 145000000,
        "netIncomeRatio": 0.0524602026,
        "eps": 0.85,
        "epsdiluted": 0.85,
        "weightedAverageShsOut": 170297029,
        "weightedAverageShsOutDil": 171144278,
        "link": "https://www.sec.gov/Archives/edgar/data/23082/000002308202000030/0000023082-02-000030-index.html",
        "finalLink": "https://www.sec.gov/Archives/edgar/data/23082/000002308202000030/csc_10-qfy03q1.htm"
    }
]