[
    {
        "date": "2025-06-30",
        "symbol": "CSR",
        "reportedCurrency": "USD",
        "cik": "0000798359",
        "fillingDate": "2025-08-04",
        "acceptedDate": "2025-08-04 16:33:50",
        "calendarYear": "2025",
        "period": "Q2",
        "revenue": 68549000,
        "costOfRevenue": 28924000,
        "grossProfit": 39625000,
        "grossProfitRatio": 0.578053655,
        "researchAndDevelopmentExpenses": 0,
        "generalAndAdministrativeExpenses": 4382000,
        "sellingAndMarketingExpenses": 0,
        "sellingGeneralAndAdministrativeExpenses": 4382000,
        "otherExpenses": 42039000,
        "operatingExpenses": 46421000,
        "costAndExpenses": 75345000,
        "interestIncome": 735000,
        "interestExpense": 10724000,
        "depreciationAndAmortization": 27454000,
        "ebitda": 21393000,
        "ebitdaratio": 0.3120833273,
        "operatingIncome": -6796000,
        "operatingIncomeRatio": -0.0991407606,
        "totalOtherIncomeExpensesNet": -9989000,
        "incomeBeforeTax": -16785000,
        "incomeBeforeTaxRatio": -0.2448613401,
        "incomeTaxExpense": 0,
        "netIncome": -14355000,
        "netIncomeRatio": -0.2094122453,
        "eps": -0.87,
        "epsdiluted": -0.87,
        "weightedAverageShsOut": 16741000,
        "weightedAverageShsOutDil": 16741000,
        "link": "https://www.sec.gov/Archives/edgar/data/798359/000079835925000087/0000798359-25-000087-index.htm",
        "finalLink": "https://www.sec.gov/Archives/edgar/data/798359/000079835925000087/csr-20250630.htm"
    },
    {
        "date": "2025-03-31",
        "symbol": "CSR",
        "reportedCurrency": "USD",
        "cik": "0000798359",
        "fillingDate": "2025-05-01",
        "acceptedDate": "2025-05-01 16:44:22",
        "calendarYear": "2025",
        "period": "Q1",
        "revenue": 67093000,
        "costOfRevenue": 29164000,
        "grossProfit": 37929000,
        "grossProfitRatio": 0.56531978,
        "researchAndDevelopmentExpenses": 0,
        "generalAndAdministrativeExpenses": 4997000,
        "sellingAndMarketingExpenses": 0,
        "sellingGeneralAndAdministrativeExpenses": 4997000,
        "otherExpenses": 28186000,
        "operatingExpenses": 33183000,
        "costAndExpenses": 62347000,
        "interestIncome": 0,
        "interestExpense": 9635000,
        "depreciationAndAmortization": 27971000,
        "ebitda": 33425000,
        "ebitdaratio": 0.4981890808,
        "operatingIncome": 4746000,
        "operatingIncomeRatio": 0.0707376328,
        "totalOtherIncomeExpensesNet": -4782000,
        "incomeBeforeTax": -36000,
        "incomeBeforeTaxRatio": -0.0005365686,
        "incomeTaxExpense": 0,
        "netIncome": -36000,
        "netIncomeRatio": -0.0005365686,
        "eps": -0.22,
        "epsdiluted": -0.22,
        "weightedAverageShsOut": 16727000,
        "weightedAverageShsOutDil": 16727000,
        "link": "https://www.sec.gov/Archives/edgar/data/798359/000079835925000041/0000798359-25-000041-index.htm",
        "finalLink": "https://www.sec.gov/Archives/edgar/data/798359/000079835925000041/csr-20250331.htm"
    },
    {
        "date": "2024-12-31",
        "symbol": "CSR",
        "reportedCurrency": "USD",
        "cik": "0000798359",
        "fillingDate": "2025-02-18",
        "acceptedDate": "2025-02-18 16:30:39",
        "calendarYear": "2024",
        "period": "Q4",
        "revenue": 66409000,
        "costOfRevenue": 28661000,
        "grossProfit": 37748000,
        "grossProfitRatio": 0.5684169314,
        "researchAndDevelopmentExpenses": 0,
        "generalAndAdministrativeExpenses": 4861000,
        "sellingAndMarketingExpenses": 0,
        "sellingGeneralAndAdministrativeExpenses": 4861000,
        "otherExpenses": 30029000,
        "operatingExpenses": 34890000,
        "costAndExpenses": 63551000,
        "interestIncome": 1151000,
        "interestExpense": 9795000,
        "depreciationAndAmortization": 27640000,
        "ebitda": 32887000,
        "ebitdaratio": 0.4952190215,
        "operatingIncome": 2858000,
        "operatingIncomeRatio": 0.0430363354,
        "totalOtherIncomeExpensesNet": -8644000,
        "incomeBeforeTax": -5786000,
        "incomeBeforeTaxRatio": -0.0871267449,
        "incomeTaxExpense": 0,
        "netIncome": -4919000,
        "netIncomeRatio": -0.0740712855,
        "eps": -0.31,
        "epsdiluted": -0.31,
        "weightedAverageShsOut": 16583000,
        "weightedAverageShsOutDil": 16583000,
        "link": "https://www.sec.gov/Archives/edgar/data/798359/000079835925000011/0000798359-25-000011-index.htm",
        "finalLink": "https://www.sec.gov/Archives/edgar/data/798359/000079835925000011/csr-20241231.htm"
    },
    {
        "date": "2024-09-30",
        "symbol": "CSR",
        "reportedCurrency": "USD",
        "cik": "0000798359",
        "fillingDate": "2024-10-28",
        "acceptedDate": "2024-10-28 16:29:38",
        "calendarYear": "2024",
        "period": "Q3",
        "revenue": 65025000,
        "costOfRevenue": 28901000,
        "grossProfit": 36124000,
        "grossProfitRatio": 0.5555401769,
        "researchAndDevelopmentExpenses": 0,
        "generalAndAdministrativeExpenses": 4102000,
        "sellingAndMarketingExpenses": 0,
        "sellingGeneralAndAdministrativeExpenses": 4102000,
        "otherExpenses": 25672000,
        "operatingExpenses": 29774000,
        "costAndExpenses": 59087000,
        "interestIncome": 645000,
        "interestExpense": 8946000,
        "depreciationAndAmortization": 26380000,
        "ebitda": 33375000,
        "ebitdaratio": 0.5132641292,
        "operatingIncome": 6350000,
        "operatingIncomeRatio": 0.0976547482,
        "totalOtherIncomeExpensesNet": -8301000,
        "incomeBeforeTax": -1951000,
        "incomeBeforeTaxRatio": -0.0300038447,
        "incomeTaxExpense": 0,
        "netIncome": -888000,
        "netIncomeRatio": -0.013656286,
        "eps": -0.4,
        "epsdiluted": -0.4,
        "weightedAverageShsOut": 15528000,
        "weightedAverageShsOutDil": 15528000,
        "link": "https://www.sec.gov/Archives/edgar/data/798359/000079835924000122/0000798359-24-000122-index.htm",
        "finalLink": "https://www.sec.gov/Archives/edgar/data/798359/000079835924000122/csr-20240930.htm"
    },
    {
        "date": "2024-06-30",
        "symbol": "CSR",
        "reportedCurrency": "USD",
        "cik": "0000798359",
        "fillingDate": "2024-07-29",
        "acceptedDate": "2024-07-29 16:31:50",
        "calendarYear": "2024",
        "period": "Q2",
        "revenue": 65043000,
        "costOfRevenue": 53125000,
        "grossProfit": 11918000,
        "grossProfitRatio": 0.1832326307,
        "researchAndDevelopmentExpenses": 0,
        "generalAndAdministrativeExpenses": 4216000,
        "sellingAndMarketingExpenses": 742000,
        "sellingGeneralAndAdministrativeExpenses": 4958000,
        "otherExpenses": -510000,
        "operatingExpenses": 29930000,
        "costAndExpenses": 57341000,
        "interestIncome": 477000,
        "interestExpense": 9332000,
        "depreciationAndAmortization": 25714000,
        "ebitda": 33416000,
        "ebitdaratio": 0.5137524407,
        "operatingIncome": 7702000,
        "operatingIncomeRatio": 0.1184139723,
        "totalOtherIncomeExpensesNet": -8855000,
        "incomeBeforeTax": -1663000,
        "incomeBeforeTaxRatio": -0.0255677014,
        "incomeTaxExpense": -527000,
        "netIncome": -1136000,
        "netIncomeRatio": -0.0174653691,
        "eps": -0.0759,
        "epsdiluted": -0.0759,
        "weightedAverageShsOut": 14972000,
        "weightedAverageShsOutDil": 14972000,
        "link": "https://www.sec.gov/Archives/edgar/data/798359/000079835924000100/0000798359-24-000100-index.htm",
        "finalLink": "https://www.sec.gov/Archives/edgar/data/798359/000079835924000100/csr-20240630.htm"
    },
    {
        "date": "2024-03-31",
        "symbol": "CSR",
        "reportedCurrency": "USD",
        "cik": "0000798359",
        "fillingDate": "2024-03-31",
        "acceptedDate": "2024-03-29 20:00:00",
        "calendarYear": "2024",
        "period": "Q1",
        "revenue": 63929000,
        "costOfRevenue": 54411000,
        "grossProfit": 9518000,
        "grossProfitRatio": 0.1488839181,
        "researchAndDevelopmentExpenses": 0,
        "generalAndAdministrativeExpenses": 4623000,
        "sellingAndMarketingExpenses": 738000,
        "sellingGeneralAndAdministrativeExpenses": 5361000,
        "otherExpenses": -4623000,
        "operatingExpenses": 4623000,
        "costAndExpenses": 59034000,
        "interestIncome": 340000,
        "interestExpense": 9207000,
        "depreciationAndAmortization": 27012000,
        "ebitda": 31907000,
        "ebitdaratio": 0.4991005647,
        "operatingIncome": 4895000,
        "operatingIncomeRatio": 0.0765693191,
        "totalOtherIncomeExpensesNet": -8867000,
        "incomeBeforeTax": -4792000,
        "incomeBeforeTaxRatio": -0.0749581567,
        "incomeTaxExpense": -1047000,
        "netIncome": -3745000,
        "netIncomeRatio": -0.0585806129,
        "eps": -0.25,
        "epsdiluted": -0.25,
        "weightedAverageShsOut": 14922000,
        "weightedAverageShsOutDil": 14922000,
        "link": null,
        "finalLink": null
    },
    {
        "date": "2023-12-31",
        "symbol": "CSR",
        "reportedCurrency": "USD",
        "cik": "0000798359",
        "fillingDate": "2024-02-20",
        "acceptedDate": "2024-02-20 16:31:13",
        "calendarYear": "2023",
        "period": "Q4",
        "revenue": 63985000,
        "costOfRevenue": 54056000,
        "grossProfit": 9929000,
        "grossProfitRatio": 0.1551769946,
        "researchAndDevelopmentExpenses": 0,
        "generalAndAdministrativeExpenses": 4328000,
        "sellingAndMarketingExpenses": 900000,
        "sellingGeneralAndAdministrativeExpenses": 5228000,
        "otherExpenses": -4363000,
        "operatingExpenses": 4363000,
        "costAndExpenses": 58419000,
        "interestIncome": 533000,
        "interestExpense": 8913000,
        "depreciationAndAmortization": 26617000,
        "ebitda": 32183000,
        "ebitdaratio": 0.5029772603,
        "operatingIncome": 5566000,
        "operatingIncomeRatio": 0.0869891381,
        "totalOtherIncomeExpensesNet": -8380000,
        "incomeBeforeTax": -9885000,
        "incomeBeforeTaxRatio": -0.1544893334,
        "incomeTaxExpense": -1888000,
        "netIncome": -7997000,
        "netIncomeRatio": -0.1249824178,
        "eps": -0.53,
        "epsdiluted": -0.53,
        "weightedAverageShsOut": 15013000,
        "weightedAverageShsOutDil": 15013000,
        "link": "https://www.sec.gov/Archives/edgar/data/798359/000079835924000019/0000798359-24-000019-index.htm",
        "finalLink": "https://www.sec.gov/Archives/edgar/data/798359/000079835924000019/csr-20231231.htm"
    },
    {
        "date": "2023-09-30",
        "symbol": "CSR",
        "reportedCurrency": "USD",
        "cik": "0000798359",
        "fillingDate": "2023-10-30",
        "acceptedDate": "2023-10-30 16:38:13",
        "calendarYear": "2023",
        "period": "Q3",
        "revenue": 64568000,
        "costOfRevenue": 28942000,
        "grossProfit": 35626000,
        "grossProfitRatio": 0.5517593855,
        "researchAndDevelopmentExpenses": 0,
        "generalAndAdministrativeExpenses": 3832000,
        "sellingAndMarketingExpenses": 878000,
        "sellingGeneralAndAdministrativeExpenses": 4710000,
        "otherExpenses": -3832000,
        "operatingExpenses": 28529000,
        "costAndExpenses": 57471000,
        "interestIncome": 330000,
        "interestExpense": 8556000,
        "depreciationAndAmortization": 24697000,
        "ebitda": 42092000,
        "ebitdaratio": 0.6519018709,
        "operatingIncome": 17395000,
        "operatingIncomeRatio": 0.2694058977,
        "totalOtherIncomeExpensesNet": -8226000,
        "incomeBeforeTax": 9169000,
        "incomeBeforeTaxRatio": 0.1420053277,
        "incomeTaxExpense": 0,
        "netIncome": 7934000,
        "netIncomeRatio": 0.1228782059,
        "eps": 0.41,
        "epsdiluted": 0.41,
        "weightedAverageShsOut": 14989000,
        "weightedAverageShsOutDil": 18018000,
        "link": "https://www.sec.gov/Archives/edgar/data/798359/000079835923000107/0000798359-23-000107-index.htm",
        "finalLink": "https://www.sec.gov/Archives/edgar/data/798359/000079835923000107/csr-20230930.htm"
    },
    {
        "date": "2023-06-30",
        "symbol": "CSR",
        "reportedCurrency": "USD",
        "cik": "0000798359",
        "fillingDate": "2023-07-31",
        "acceptedDate": "2023-07-31 16:28:17",
        "calendarYear": "2023",
        "period": "Q2",
        "revenue": 64776000,
        "costOfRevenue": 27293000,
        "grossProfit": 37483000,
        "grossProfitRatio": 0.5786556749,
        "researchAndDevelopmentExpenses": 0,
        "generalAndAdministrativeExpenses": 3822000,
        "sellingAndMarketingExpenses": 744000,
        "sellingGeneralAndAdministrativeExpenses": 4566000,
        "otherExpenses": 6603000,
        "operatingExpenses": 28533000,
        "costAndExpenses": 55826000,
        "interestIncome": 295000,
        "interestExpense": 8641000,
        "depreciationAndAmortization": 24371000,
        "ebitda": 30337000,
        "ebitdaratio": 0.4683370384,
        "operatingIncome": 5966000,
        "operatingIncomeRatio": 0.0921020131,
        "totalOtherIncomeExpensesNet": -8346000,
        "incomeBeforeTax": -2380000,
        "incomeBeforeTaxRatio": -0.0367420032,
        "incomeTaxExpense": 0,
        "netIncome": -1703000,
        "netIncomeRatio": -0.0262906015,
        "eps": -0.11,
        "epsdiluted": -0.11,
        "weightedAverageShsOut": 14949000,
        "weightedAverageShsOutDil": 14949000,
        "link": "https://www.sec.gov/Archives/edgar/data/798359/000079835923000082/0000798359-23-000082-index.htm",
        "finalLink": "https://www.sec.gov/Archives/edgar/data/798359/000079835923000082/csr-20230630.htm"
    },
    {
        "date": "2023-03-31",
        "symbol": "CSR",
        "reportedCurrency": "USD",
        "cik": "0000798359",
        "fillingDate": "2023-05-01",
        "acceptedDate": "2023-05-01 16:27:27",
        "calendarYear": "2023",
        "period": "Q1",
        "revenue": 67897000,
        "costOfRevenue": 31491000,
        "grossProfit": 36406000,
        "grossProfitRatio": 0.5361945299,
        "researchAndDevelopmentExpenses": 0,
        "generalAndAdministrativeExpenses": 4523000,
        "sellingAndMarketingExpenses": 702000,
        "sellingGeneralAndAdministrativeExpenses": 5225000,
        "otherExpenses": 25993000,
        "operatingExpenses": 33716000,
        "costAndExpenses": 65207000,
        "interestIncome": 49000,
        "interestExpense": 10319000,
        "depreciationAndAmortization": 25993000,
        "ebitda": 88590000,
        "ebitdaratio": 1.3047704611,
        "operatingIncome": 2739000,
        "operatingIncomeRatio": 0.0403405158,
        "totalOtherIncomeExpensesNet": -10270000,
        "incomeBeforeTax": 52327000,
        "incomeBeforeTaxRatio": 0.7706820625,
        "incomeTaxExpense": -51311000,
        "netIncome": 103638000,
        "netIncomeRatio": 1.5264002828,
        "eps": 6.9,
        "epsdiluted": 5.65,
        "weightedAverageShsOut": 15025000,
        "weightedAverageShsOutDil": 18359000,
        "link": "https://www.sec.gov/Archives/edgar/data/798359/000079835923000052/0000798359-23-000052-index.htm",
        "finalLink": "https://www.sec.gov/Archives/edgar/data/798359/000079835923000052/csr-20230331.htm"
    },
    {
        "date": "2022-12-31",
        "symbol": "CSR",
        "reportedCurrency": "USD",
        "cik": "0000798359",
        "fillingDate": "2023-02-21",
        "acceptedDate": "2023-02-21 16:28:59",
        "calendarYear": "2022",
        "period": "Q4",
        "revenue": 67848000,
        "costOfRevenue": 31577000,
        "grossProfit": 36271000,
        "grossProfitRatio": 0.5345920292,
        "researchAndDevelopmentExpenses": 0,
        "generalAndAdministrativeExpenses": 3276000,
        "sellingAndMarketingExpenses": 800000,
        "sellingGeneralAndAdministrativeExpenses": 4075999,
        "otherExpenses": 25768000,
        "operatingExpenses": 29044000,
        "costAndExpenses": 60621000,
        "interestIncome": 132000,
        "interestExpense": 9603000,
        "depreciationAndAmortization": 25768000,
        "ebitda": 33009000,
        "ebitdaratio": 0.4865139724,
        "operatingIncome": 6906000,
        "operatingIncomeRatio": 0.1017863459,
        "totalOtherIncomeExpensesNet": -9471000,
        "incomeBeforeTax": -2565000,
        "incomeBeforeTaxRatio": -0.0378050937,
        "incomeTaxExpense": -398000,
        "netIncome": -2167000,
        "netIncomeRatio": -0.0319390402,
        "eps": -0.14,
        "epsdiluted": -0.14,
        "weightedAverageShsOut": 15027000,
        "weightedAverageShsOutDil": 15027000,
        "link": "https://www.sec.gov/Archives/edgar/data/798359/000079835923000013/0000798359-23-000013-index.htm",
        "finalLink": "https://www.sec.gov/Archives/edgar/data/798359/000079835923000013/csr-20221231.htm"
    },
    {
        "date": "2022-09-30",
        "symbol": "CSR",
        "reportedCurrency": "USD",
        "cik": "0000798359",
        "fillingDate": "2022-10-31",
        "acceptedDate": "2022-10-31 16:21:41",
        "calendarYear": "2022",
        "period": "Q3",
        "revenue": 65438000,
        "costOfRevenue": 29892000,
        "grossProfit": 35546000,
        "grossProfitRatio": 0.5432011981,
        "researchAndDevelopmentExpenses": 0,
        "generalAndAdministrativeExpenses": 4519000,
        "sellingAndMarketingExpenses": 795000,
        "sellingGeneralAndAdministrativeExpenses": 5314000,
        "otherExpenses": 23720000,
        "operatingExpenses": 28239000,
        "costAndExpenses": 58131000,
        "interestIncome": 70000,
        "interestExpense": 7871000,
        "depreciationAndAmortization": 23720000,
        "ebitda": 30751000,
        "ebitdaratio": 0.4699257312,
        "operatingIncome": 7031000,
        "operatingIncomeRatio": 0.1074452153,
        "totalOtherIncomeExpensesNet": -7801000,
        "incomeBeforeTax": -770000,
        "incomeBeforeTaxRatio": -0.0117668633,
        "incomeTaxExpense": 0,
        "netIncome": -639000,
        "netIncomeRatio": -0.0097649684,
        "eps": -0.0416,
        "epsdiluted": -0.034,
        "weightedAverageShsOut": 15373000,
        "weightedAverageShsOutDil": 18801000,
        "link": "https://www.sec.gov/Archives/edgar/data/798359/000079835922000102/0000798359-22-000102-index.htm",
        "finalLink": "https://www.sec.gov/Archives/edgar/data/798359/000079835922000102/csr-20220930.htm"
    },
    {
        "date": "2022-06-30",
        "symbol": "CSR",
        "reportedCurrency": "USD",
        "cik": "0000798359",
        "fillingDate": "2022-08-01",
        "acceptedDate": "2022-08-01 16:26:09",
        "calendarYear": "2022",
        "period": "Q2",
        "revenue": 63116000,
        "costOfRevenue": 28937000,
        "grossProfit": 34179000,
        "grossProfitRatio": 0.5415267127,
        "researchAndDevelopmentExpenses": 0,
        "generalAndAdministrativeExpenses": 5221000,
        "sellingAndMarketingExpenses": 0,
        "sellingGeneralAndAdministrativeExpenses": 5221000,
        "otherExpenses": 24768000,
        "operatingExpenses": 29989000,
        "costAndExpenses": 58926000,
        "interestIncome": 0,
        "interestExpense": 7578000,
        "depreciationAndAmortization": 24768000,
        "ebitda": 28603000,
        "ebitdaratio": 0.4531814437,
        "operatingIncome": 3835000,
        "operatingIncomeRatio": 0.0607611382,
        "totalOtherIncomeExpensesNet": -7578000,
        "incomeBeforeTax": -3743000,
        "incomeBeforeTaxRatio": -0.0593035047,
        "incomeTaxExpense": -557000,
        "netIncome": -3186000,
        "netIncomeRatio": -0.0504784841,
        "eps": -0.21,
        "epsdiluted": -0.21,
        "weightedAverageShsOut": 15326666,
        "weightedAverageShsOutDil": 15369000,
        "link": "https://www.sec.gov/Archives/edgar/data/798359/000079835922000091/0000798359-22-000091-index.htm",
        "finalLink": "https://www.sec.gov/Archives/edgar/data/798359/000079835922000091/csr-20220630.htm"
    },
    {
        "date": "2022-03-31",
        "symbol": "CSR",
        "reportedCurrency": "USD",
        "cik": "0000798359",
        "fillingDate": "2022-05-02",
        "acceptedDate": "2022-05-02 16:25:16",
        "calendarYear": "2022",
        "period": "Q1",
        "revenue": 60314000,
        "costOfRevenue": 28126000,
        "grossProfit": 32188000,
        "grossProfitRatio": 0.5336737739,
        "researchAndDevelopmentExpenses": 0,
        "generalAndAdministrativeExpenses": 4500000,
        "sellingAndMarketingExpenses": 0,
        "sellingGeneralAndAdministrativeExpenses": 4500000,
        "otherExpenses": 31001000,
        "operatingExpenses": 35501000,
        "costAndExpenses": 63627000,
        "interestIncome": 1063000,
        "interestExpense": 7715000,
        "depreciationAndAmortization": 31001000,
        "ebitda": 27688000,
        "ebitdaratio": 0.4590642305,
        "operatingIncome": -2250000,
        "operatingIncomeRatio": -0.0373047717,
        "totalOtherIncomeExpensesNet": -6652000,
        "incomeBeforeTax": -10563000,
        "incomeBeforeTaxRatio": -0.1751334682,
        "incomeTaxExpense": -1536000,
        "netIncome": -9027000,
        "netIncomeRatio": -0.149666744,
        "eps": -0.6,
        "epsdiluted": -0.6,
        "weightedAverageShsOut": 14994117,
        "weightedAverageShsOutDil": 15097000,
        "link": "https://www.sec.gov/Archives/edgar/data/798359/000079835922000054/0000798359-22-000054-index.htm",
        "finalLink": "https://www.sec.gov/Archives/edgar/data/798359/000079835922000054/csr-20220331.htm"
    },
    {
        "date": "2021-12-31",
        "symbol": "CSR",
        "reportedCurrency": "USD",
        "cik": "0000798359",
        "fillingDate": "2022-02-28",
        "acceptedDate": "2022-02-28 16:29:57",
        "calendarYear": "2021",
        "period": "Q4",
        "revenue": 57988000,
        "costOfRevenue": 26203000,
        "grossProfit": 31785000,
        "grossProfitRatio": 0.5481306477,
        "researchAndDevelopmentExpenses": 0,
        "generalAndAdministrativeExpenses": 4231000,
        "sellingAndMarketingExpenses": 0,
        "sellingGeneralAndAdministrativeExpenses": 4231000,
        "otherExpenses": 30418000,
        "operatingExpenses": 34649000,
        "costAndExpenses": 60852000,
        "interestIncome": 1117000,
        "interestExpense": 7456000,
        "depreciationAndAmortization": 30418000,
        "ebitda": 28232000,
        "ebitdaratio": 0.4868593502,
        "operatingIncome": -2466000,
        "operatingIncomeRatio": -0.0425260399,
        "totalOtherIncomeExpensesNet": -33179000,
        "incomeBeforeTax": -8805000,
        "incomeBeforeTaxRatio": -0.1518417604,
        "incomeTaxExpense": -1620000,
        "netIncome": -7048000,
        "netIncomeRatio": -0.1215423881,
        "eps": -0.49,
        "epsdiluted": -0.39,
        "weightedAverageShsOut": 14450820,
        "weightedAverageShsOutDil": 17868000,
        "link": "https://www.sec.gov/Archives/edgar/data/798359/000079835922000035/0000798359-22-000035-index.htm",
        "finalLink": "https://www.sec.gov/Archives/edgar/data/798359/000079835922000035/iret-20211231.htm"
    },
    {
        "date": "2021-09-30",
        "symbol": "CSR",
        "reportedCurrency": "USD",
        "cik": "0000798359",
        "fillingDate": "2021-11-01",
        "acceptedDate": "2021-11-01 16:25:16",
        "calendarYear": "2021",
        "period": "Q3",
        "revenue": 50413000,
        "costOfRevenue": 22553000,
        "grossProfit": 27860000,
        "grossProfitRatio": 0.552635233,
        "researchAndDevelopmentExpenses": 0,
        "generalAndAdministrativeExpenses": 4279000,
        "sellingAndMarketingExpenses": 0,
        "sellingGeneralAndAdministrativeExpenses": 4279000,
        "otherExpenses": 22447000,
        "operatingExpenses": 26726000,
        "costAndExpenses": 49279000,
        "interestIncome": 0,
        "interestExpense": 12384000,
        "depreciationAndAmortization": 22447000,
        "ebitda": 23591000,
        "ebitdaratio": 0.4679546942,
        "operatingIncome": 1144000,
        "operatingIncomeRatio": 0.0226925595,
        "totalOtherIncomeExpensesNet": -12384000,
        "incomeBeforeTax": -11240000,
        "incomeBeforeTaxRatio": -0.2229583639,
        "incomeTaxExpense": 0,
        "netIncome": -9332000,
        "netIncomeRatio": -0.1851109833,
        "eps": -0.66,
        "epsdiluted": -0.59,
        "weightedAverageShsOut": 14065000,
        "weightedAverageShsOutDil": 15922000,
        "link": "https://www.sec.gov/Archives/edgar/data/798359/000079835921000028/0000798359-21-000028-index.htm",
        "finalLink": "https://www.sec.gov/Archives/edgar/data/798359/000079835921000028/csr-20210930.htm"
    },
    {
        "date": "2021-06-30",
        "symbol": "CSR",
        "reportedCurrency": "USD",
        "cik": "0000798359",
        "fillingDate": "2021-08-02",
        "acceptedDate": "2021-08-02 16:26:43",
        "calendarYear": "2021",
        "period": "Q2",
        "revenue": 46656000,
        "costOfRevenue": 20845000,
        "grossProfit": 25811000,
        "grossProfitRatio": 0.5532193073,
        "researchAndDevelopmentExpenses": 0,
        "generalAndAdministrativeExpenses": 3797000,
        "sellingAndMarketingExpenses": 0,
        "sellingGeneralAndAdministrativeExpenses": 3797000,
        "otherExpenses": 19308000,
        "operatingExpenses": 23105000,
        "costAndExpenses": 43950000,
        "interestIncome": 619000,
        "interestExpense": 7089000,
        "depreciationAndAmortization": 19308000,
        "ebitda": 22041000,
        "ebitdaratio": 0.4724151235,
        "operatingIncome": 2733000,
        "operatingIncomeRatio": 0.0585776749,
        "totalOtherIncomeExpensesNet": -6470000,
        "incomeBeforeTax": 23103000,
        "incomeBeforeTaxRatio": 0.4951774691,
        "incomeTaxExpense": -25462000,
        "netIncome": 21698000,
        "netIncomeRatio": 0.4650634431,
        "eps": 1.49,
        "epsdiluted": 1.48,
        "weightedAverageShsOut": 13353000,
        "weightedAverageShsOutDil": 14514000,
        "link": "https://www.sec.gov/Archives/edgar/data/798359/000079835921000005/0000798359-21-000005-index.htm",
        "finalLink": "https://www.sec.gov/Archives/edgar/data/798359/000079835921000005/iret-20210630.htm"
    },
    {
        "date": "2021-03-31",
        "symbol": "CSR",
        "reportedCurrency": "USD",
        "cik": "0000798359",
        "fillingDate": "2021-05-03",
        "acceptedDate": "2021-05-03 16:25:30",
        "calendarYear": "2021",
        "period": "Q1",
        "revenue": 46648000,
        "costOfRevenue": 21008000,
        "grossProfit": 25640000,
        "grossProfitRatio": 0.5496484308,
        "researchAndDevelopmentExpenses": 0,
        "generalAndAdministrativeExpenses": 3906000,
        "sellingAndMarketingExpenses": 0,
        "sellingGeneralAndAdministrativeExpenses": 3906000,
        "otherExpenses": 19992000,
        "operatingExpenses": 23898000,
        "costAndExpenses": 44906000,
        "interestIncome": 431000,
        "interestExpense": 7231000,
        "depreciationAndAmortization": 19992000,
        "ebitda": 21633000,
        "ebitdaratio": 0.4637497856,
        "operatingIncome": 1641000,
        "operatingIncomeRatio": 0.0351783571,
        "totalOtherIncomeExpensesNet": -6800000,
        "incomeBeforeTax": -5159000,
        "incomeBeforeTaxRatio": -0.1105942377,
        "incomeTaxExpense": 0,
        "netIncome": -4707000,
        "netIncomeRatio": -0.1009046476,
        "eps": -0.36,
        "epsdiluted": -0.34,
        "weightedAverageShsOut": 13078000,
        "weightedAverageShsOutDil": 14035000,
        "link": "https://www.sec.gov/Archives/edgar/data/798359/000162828021008609/0001628280-21-008609-index.htm",
        "finalLink": "https://www.sec.gov/Archives/edgar/data/798359/000162828021008609/iret-20210331.htm"
    },
    {
        "date": "2020-12-31",
        "symbol": "CSR",
        "reportedCurrency": "USD",
        "cik": "0000798359",
        "fillingDate": "2021-02-22",
        "acceptedDate": "2021-02-22 16:30:45",
        "calendarYear": "2020",
        "period": "Q4",
        "revenue": 45540000,
        "costOfRevenue": 19384000,
        "grossProfit": 26156000,
        "grossProfitRatio": 0.5743522178,
        "researchAndDevelopmentExpenses": 0,
        "generalAndAdministrativeExpenses": 3733000,
        "sellingAndMarketingExpenses": 0,
        "sellingGeneralAndAdministrativeExpenses": 3733000,
        "otherExpenses": 20282000,
        "operatingExpenses": 24015000,
        "costAndExpenses": 43399000,
        "interestIncome": 406000,
        "interestExpense": 6903000,
        "depreciationAndAmortization": 20282000,
        "ebitda": 23426000,
        "ebitdaratio": 0.5144049188,
        "operatingIncome": 1810000,
        "operatingIncomeRatio": 0.0397452789,
        "totalOtherIncomeExpensesNet": -6482000,
        "incomeBeforeTax": -4672000,
        "incomeBeforeTaxRatio": -0.1025911287,
        "incomeTaxExpense": 0,
        "netIncome": -4218000,
        "netIncomeRatio": -0.0926218709,
        "eps": -0.32,
        "epsdiluted": -0.3,
        "weightedAverageShsOut": 13010870,
        "weightedAverageShsOutDil": 14222000,
        "link": "https://www.sec.gov/Archives/edgar/data/798359/000162828021002665/0001628280-21-002665-index.htm",
        "finalLink": "https://www.sec.gov/Archives/edgar/data/798359/000162828021002665/iret-20201231.htm"
    },
    {
        "date": "2020-09-30",
        "symbol": "CSR",
        "reportedCurrency": "USD",
        "cik": "0000798359",
        "fillingDate": "2020-11-02",
        "acceptedDate": "2020-11-02 16:16:46",
        "calendarYear": "2020",
        "period": "Q3",
        "revenue": 44138000,
        "costOfRevenue": 19973000,
        "grossProfit": 24165000,
        "grossProfitRatio": 0.5474874258,
        "researchAndDevelopmentExpenses": 0,
        "generalAndAdministrativeExpenses": 3077000,
        "sellingAndMarketingExpenses": 0,
        "sellingGeneralAndAdministrativeExpenses": 3077000,
        "otherExpenses": 18995000,
        "operatingExpenses": 22072000,
        "costAndExpenses": 42045000,
        "interestIncome": 0,
        "interestExpense": 0,
        "depreciationAndAmortization": 19241000,
        "ebitda": 21088000,
        "ebitdaratio": 0.4777742535,
        "operatingIncome": 2002000,
        "operatingIncomeRatio": 0.0453577416,
        "totalOtherIncomeExpensesNet": 19182000,
        "incomeBeforeTax": 21184000,
        "incomeBeforeTaxRatio": 0.4799492501,
        "incomeTaxExpense": 0,
        "netIncome": 19789000,
        "netIncomeRatio": 0.4483438307,
        "eps": 1.4,
        "epsdiluted": 1.38,
        "weightedAverageShsOut": 12885000,
        "weightedAverageShsOutDil": 14143000,
        "link": "https://www.sec.gov/Archives/edgar/data/798359/000162828020015257/0001628280-20-015257-index.htm",
        "finalLink": "https://www.sec.gov/Archives/edgar/data/798359/000162828020015257/iret-20200930.htm"
    },
    {
        "date": "2020-06-30",
        "symbol": "CSR",
        "reportedCurrency": "USD",
        "cik": "0000798359",
        "fillingDate": "2020-08-03",
        "acceptedDate": "2020-08-03 16:20:40",
        "calendarYear": "2020",
        "period": "Q2",
        "revenue": 43910000,
        "costOfRevenue": 19115000,
        "grossProfit": 24795000,
        "grossProfitRatio": 0.5646777499,
        "researchAndDevelopmentExpenses": 0,
        "generalAndAdministrativeExpenses": 3202000,
        "sellingAndMarketingExpenses": 0,
        "sellingGeneralAndAdministrativeExpenses": 3202000,
        "otherExpenses": 18156000,
        "operatingExpenses": 21358000,
        "costAndExpenses": 40473000,
        "interestIncome": 538000,
        "interestExpense": 6940000,
        "depreciationAndAmortization": 18156000,
        "ebitda": 20680000,
        "ebitdaratio": 0.4709633341,
        "operatingIncome": 2524000,
        "operatingIncomeRatio": 0.0574812116,
        "totalOtherIncomeExpensesNet": -6609000,
        "incomeBeforeTax": -4085000,
        "incomeBeforeTaxRatio": -0.0930312002,
        "incomeTaxExpense": 0,
        "netIncome": -3643000,
        "netIncomeRatio": -0.082965156,
        "eps": -0.3,
        "epsdiluted": -0.27,
        "weightedAverageShsOut": 12280000,
        "weightedAverageShsOutDil": 13317000,
        "link": "https://www.sec.gov/Archives/edgar/data/798359/000162828020011468/0001628280-20-011468-index.htm",
        "finalLink": "https://www.sec.gov/Archives/edgar/data/798359/000162828020011468/iret063020-10q.htm"
    },
    {
        "date": "2020-03-31",
        "symbol": "CSR",
        "reportedCurrency": "USD",
        "cik": "0000798359",
        "fillingDate": "2020-05-11",
        "acceptedDate": "2020-05-11 16:24:18",
        "calendarYear": "2020",
        "period": "Q1",
        "revenue": 44406000,
        "costOfRevenue": 20487000,
        "grossProfit": 23919000,
        "grossProfitRatio": 0.5386434266,
        "researchAndDevelopmentExpenses": 0,
        "generalAndAdministrativeExpenses": 3428000,
        "sellingAndMarketingExpenses": 0,
        "sellingGeneralAndAdministrativeExpenses": 3428000,
        "otherExpenses": 18160000,
        "operatingExpenses": 21588000,
        "costAndExpenses": 42075000,
        "interestIncome": 0,
        "interestExpense": 9688000,
        "depreciationAndAmortization": 18424000,
        "ebitda": 20491000,
        "ebitdaratio": 0.4614466514,
        "operatingIncome": 2004000,
        "operatingIncomeRatio": 0.0451290366,
        "totalOtherIncomeExpensesNet": -9688000,
        "incomeBeforeTax": -7684000,
        "incomeBeforeTaxRatio": -0.1730396793,
        "incomeTaxExpense": 0,
        "netIncome": -6847000,
        "netIncomeRatio": -0.1541908751,
        "eps": -0.57,
        "epsdiluted": -0.52,
        "weightedAverageShsOut": 12103000,
        "weightedAverageShsOutDil": 13157000,
        "link": "https://www.sec.gov/Archives/edgar/data/798359/000162828020007458/0001628280-20-007458-index.htm",
        "finalLink": "https://www.sec.gov/Archives/edgar/data/798359/000162828020007458/iret033120-10q.htm"
    },
    {
        "date": "2019-12-31",
        "symbol": "CSR",
        "reportedCurrency": "USD",
        "cik": "0000798359",
        "fillingDate": "2020-02-19",
        "acceptedDate": "2020-02-19 16:43:46",
        "calendarYear": "2019",
        "period": "Q4",
        "revenue": 45777000,
        "costOfRevenue": 20487000,
        "grossProfit": 25290000,
        "grossProfitRatio": 0.5524608428,
        "researchAndDevelopmentExpenses": 0,
        "generalAndAdministrativeExpenses": 3647000,
        "sellingAndMarketingExpenses": 0,
        "sellingGeneralAndAdministrativeExpenses": 3647000,
        "otherExpenses": 18972000,
        "operatingExpenses": 22619000,
        "costAndExpenses": 43106000,
        "interestIncome": 702000,
        "interestExpense": 7357000,
        "depreciationAndAmortization": 18972000,
        "ebitda": 22780000,
        "ebitdaratio": 0.4976298141,
        "operatingIncome": 2466000,
        "operatingIncomeRatio": 0.0538698473,
        "totalOtherIncomeExpensesNet": 50331000,
        "incomeBeforeTax": 52797000,
        "incomeBeforeTaxRatio": 1.1533521201,
        "incomeTaxExpense": 0,
        "netIncome": 48818000,
        "netIncomeRatio": 1.0664307403,
        "eps": 3.95,
        "epsdiluted": 3.89,
        "weightedAverageShsOut": 11886835,
        "weightedAverageShsOutDil": 13188000,
        "link": "https://www.sec.gov/Archives/edgar/data/798359/000162828020001795/0001628280-20-001795-index.htm",
        "finalLink": "https://www.sec.gov/Archives/edgar/data/798359/000162828020001795/iret123119-10k.htm"
    },
    {
        "date": "2019-09-30",
        "symbol": "CSR",
        "reportedCurrency": "USD",
        "cik": "0000798359",
        "fillingDate": "2019-11-06",
        "acceptedDate": "2019-11-06 16:17:57",
        "calendarYear": "2019",
        "period": "Q3",
        "revenue": 47436000,
        "costOfRevenue": 21463000,
        "grossProfit": 25973000,
        "grossProfitRatio": 0.5475377351,
        "researchAndDevelopmentExpenses": 0,
        "generalAndAdministrativeExpenses": 3448000,
        "sellingAndMarketingExpenses": 0,
        "sellingGeneralAndAdministrativeExpenses": 3448000,
        "otherExpenses": 18751000,
        "operatingExpenses": 22199000,
        "costAndExpenses": 43662000,
        "interestIncome": 498000,
        "interestExpense": 7694000,
        "depreciationAndAmortization": 19033000,
        "ebitda": 22525000,
        "ebitdaratio": 0.4748503246,
        "operatingIncome": 3596000,
        "operatingIncomeRatio": 0.0758074037,
        "totalOtherIncomeExpensesNet": 31122000,
        "incomeBeforeTax": 34718000,
        "incomeBeforeTaxRatio": 0.7318913905,
        "incomeTaxExpense": 0,
        "netIncome": 31756000,
        "netIncomeRatio": 0.6694493634,
        "eps": 2.57,
        "epsdiluted": 2.54,
        "weightedAverageShsOut": 11625000,
        "weightedAverageShsOutDil": 13087000,
        "link": "https://www.sec.gov/Archives/edgar/data/798359/000162828019013491/0001628280-19-013491-index.htm",
        "finalLink": "https://www.sec.gov/Archives/edgar/data/798359/000162828019013491/iret93019-10q.htm"
    },
    {
        "date": "2019-06-30",
        "symbol": "CSR",
        "reportedCurrency": "USD",
        "cik": "0000798359",
        "fillingDate": "2019-08-07",
        "acceptedDate": "2019-08-07 16:34:41",
        "calendarYear": "2019",
        "period": "Q2",
        "revenue": 46934000,
        "costOfRevenue": 20961000,
        "grossProfit": 25973000,
        "grossProfitRatio": 0.5533941279,
        "researchAndDevelopmentExpenses": 0,
        "generalAndAdministrativeExpenses": 3549000,
        "sellingAndMarketingExpenses": 0,
        "sellingGeneralAndAdministrativeExpenses": 3549000,
        "otherExpenses": 66000,
        "operatingExpenses": 21986000,
        "costAndExpenses": 42947000,
        "interestIncome": 402000,
        "interestExpense": 7590000,
        "depreciationAndAmortization": 18723000,
        "ebitda": 23178000,
        "ebitdaratio": 0.493842417,
        "operatingIncome": 3895000,
        "operatingIncomeRatio": 0.082988878,
        "totalOtherIncomeExpensesNet": -628000,
        "incomeBeforeTax": 3267000,
        "incomeBeforeTaxRatio": 0.0696083862,
        "incomeTaxExpense": 0,
        "netIncome": 3273000,
        "netIncomeRatio": 0.0697362253,
        "eps": 0.11,
        "epsdiluted": 0.11,
        "weightedAverageShsOut": 11729000,
        "weightedAverageShsOutDil": 12955000,
        "link": "https://www.sec.gov/Archives/edgar/data/798359/000162828019010293/0001628280-19-010293-index.htm",
        "finalLink": "https://www.sec.gov/Archives/edgar/data/798359/000162828019010293/iret63019-10q.htm"
    },
    {
        "date": "2019-03-31",
        "symbol": "CSR",
        "reportedCurrency": "USD",
        "cik": "0000798359",
        "fillingDate": "2019-05-08",
        "acceptedDate": "2019-05-08 16:54:18",
        "calendarYear": "2019",
        "period": "Q1",
        "revenue": 45608000,
        "costOfRevenue": 21590000,
        "grossProfit": 24018000,
        "grossProfitRatio": 0.5266181372,
        "researchAndDevelopmentExpenses": 0,
        "generalAndAdministrativeExpenses": 3806000,
        "sellingAndMarketingExpenses": 0,
        "sellingGeneralAndAdministrativeExpenses": 3806000,
        "otherExpenses": 17000,
        "operatingExpenses": 21917000,
        "costAndExpenses": 43507000,
        "interestIncome": 407000,
        "interestExpense": 7896000,
        "depreciationAndAmortization": 18413000,
        "ebitda": 20212000,
        "ebitdaratio": 0.4431678653,
        "operatingIncome": 1460000,
        "operatingIncomeRatio": 0.0320119277,
        "totalOtherIncomeExpensesNet": -7420000,
        "incomeBeforeTax": -5960000,
        "incomeBeforeTaxRatio": -0.1306788283,
        "incomeTaxExpense": 0,
        "netIncome": -4641000,
        "netIncomeRatio": -0.1017584634,
        "eps": -0.39,
        "epsdiluted": -0.35,
        "weightedAverageShsOut": 11763000,
        "weightedAverageShsOutDil": 13130000,
        "link": "https://www.sec.gov/Archives/edgar/data/798359/000162828019006296/0001628280-19-006296-index.htm",
        "finalLink": "https://www.sec.gov/Archives/edgar/data/798359/000162828019006296/iret33119-10q.htm"
    },
    {
        "date": "2018-12-31",
        "symbol": "CSR",
        "reportedCurrency": "USD",
        "cik": "0000798359",
        "fillingDate": "2018-12-31",
        "acceptedDate": "2018-12-31 00:00:00",
        "calendarYear": "2018",
        "period": "Q4",
        "revenue": 45730000,
        "costOfRevenue": 19837000,
        "grossProfit": 25893000,
        "grossProfitRatio": 0.5662147387,
        "researchAndDevelopmentExpenses": 0,
        "generalAndAdministrativeExpenses": 3769000,
        "sellingAndMarketingExpenses": 0,
        "sellingGeneralAndAdministrativeExpenses": 3769000,
        "otherExpenses": 18812000,
        "operatingExpenses": 22581000,
        "costAndExpenses": 42418000,
        "interestIncome": 483000,
        "interestExpense": 7682000,
        "depreciationAndAmortization": 18812000,
        "ebitda": 22607000,
        "ebitdaratio": 0.4943581894,
        "operatingIncome": 27340000,
        "operatingIncomeRatio": 0.5978569867,
        "totalOtherIncomeExpensesNet": 13259500,
        "incomeBeforeTax": -5041000,
        "incomeBeforeTaxRatio": -0.1102339821,
        "incomeTaxExpense": 219000,
        "netIncome": -4106000,
        "netIncomeRatio": -0.0897878854,
        "eps": -0.31,
        "epsdiluted": -0.31,
        "weightedAverageShsOut": 13317000,
        "weightedAverageShsOutDil": 13317000,
        "link": null,
        "finalLink": null
    },
    {
        "date": "2018-10-31",
        "symbol": "CSR",
        "reportedCurrency": "USD",
        "cik": "0000798359",
        "fillingDate": "2018-12-10",
        "acceptedDate": "2018-12-10 16:45:42",
        "calendarYear": "2018",
        "period": "Q3",
        "revenue": 45638000,
        "costOfRevenue": 20655000,
        "grossProfit": 24983000,
        "grossProfitRatio": 0.5474166265,
        "researchAndDevelopmentExpenses": 0,
        "generalAndAdministrativeExpenses": 3374000,
        "sellingAndMarketingExpenses": 0,
        "sellingGeneralAndAdministrativeExpenses": 3374000,
        "otherExpenses": 19000,
        "operatingExpenses": 22565000,
        "costAndExpenses": 43220000,
        "interestIncome": 410000,
        "interestExpense": 7997000,
        "depreciationAndAmortization": 19578000,
        "ebitda": 21964000,
        "ebitdaratio": 0.481265612,
        "operatingIncome": 2193000,
        "operatingIncomeRatio": 0.0480520619,
        "totalOtherIncomeExpensesNet": -6751000,
        "incomeBeforeTax": -5611000,
        "incomeBeforeTaxRatio": -0.1229457908,
        "incomeTaxExpense": -592000,
        "netIncome": -4558000,
        "netIncomeRatio": -0.0998729129,
        "eps": -0.38,
        "epsdiluted": -0.34,
        "weightedAverageShsOut": 11939600,
        "weightedAverageShsOutDil": 13318500,
        "link": "https://www.sec.gov/Archives/edgar/data/798359/000162828018014965/0001628280-18-014965-index.htm",
        "finalLink": "https://www.sec.gov/Archives/edgar/data/798359/000162828018014965/iret103118-10q.htm"
    },
    {
        "date": "2018-07-31",
        "symbol": "CSR",
        "reportedCurrency": "USD",
        "cik": "0000798359",
        "fillingDate": "2018-09-10",
        "acceptedDate": "2018-09-10 16:39:02",
        "calendarYear": "2018",
        "period": "Q2",
        "revenue": 45946000,
        "costOfRevenue": 20896000,
        "grossProfit": 25050000,
        "grossProfitRatio": 0.5452052409,
        "researchAndDevelopmentExpenses": 0,
        "generalAndAdministrativeExpenses": 3870000,
        "sellingAndMarketingExpenses": 0,
        "sellingGeneralAndAdministrativeExpenses": 3870000,
        "otherExpenses": 35000,
        "operatingExpenses": 22720000,
        "costAndExpenses": 43616000,
        "interestIncome": 516000,
        "interestExpense": 8385000,
        "depreciationAndAmortization": 18850000,
        "ebitda": 30475000,
        "ebitdaratio": 0.6632786314,
        "operatingIncome": 2343000,
        "operatingIncomeRatio": 0.0509946459,
        "totalOtherIncomeExpensesNet": 803000,
        "incomeBeforeTax": 2933000,
        "incomeBeforeTaxRatio": 0.0638358073,
        "incomeTaxExpense": -8217000,
        "netIncome": 2725000,
        "netIncomeRatio": 0.0593087538,
        "eps": 0.1,
        "epsdiluted": 0.1,
        "weightedAverageShsOut": 11924500,
        "weightedAverageShsOutDil": 13327100,
        "link": "https://www.sec.gov/Archives/edgar/data/798359/000162828018011742/0001628280-18-011742-index.htm",
        "finalLink": "https://www.sec.gov/Archives/edgar/data/798359/000162828018011742/iret073118-10q.htm"
    },
    {
        "date": "2018-04-30",
        "symbol": "CSR",
        "reportedCurrency": "USD",
        "cik": "0000798359",
        "fillingDate": "2018-06-28",
        "acceptedDate": "2018-06-27 18:03:11",
        "calendarYear": "2018",
        "period": "Q1",
        "revenue": 44185000,
        "costOfRevenue": 20145000,
        "grossProfit": 24040000,
        "grossProfitRatio": 0.5440760439,
        "researchAndDevelopmentExpenses": 0,
        "generalAndAdministrativeExpenses": 4093000,
        "sellingAndMarketingExpenses": 0,
        "sellingGeneralAndAdministrativeExpenses": 4093000,
        "otherExpenses": 23000,
        "operatingExpenses": 25165000,
        "costAndExpenses": 45310000,
        "interestIncome": 592000,
        "interestExpense": 8302000,
        "depreciationAndAmortization": 21072000,
        "ebitda": 5255000,
        "ebitdaratio": 0.1189317642,
        "operatingIncome": -18809000,
        "operatingIncomeRatio": -0.4256874505,
        "totalOtherIncomeExpensesNet": -5424000,
        "incomeBeforeTax": -24356000,
        "incomeBeforeTaxRatio": -0.5512277922,
        "incomeTaxExpense": 0,
        "netIncome": -20874000,
        "netIncomeRatio": -0.4724227679,
        "eps": -1.56,
        "epsdiluted": -1.56,
        "weightedAverageShsOut": 13370300,
        "weightedAverageShsOutDil": 13370300,
        "link": "https://www.sec.gov/Archives/edgar/data/798359/000162828018008587/0001628280-18-008587-index.htm",
        "finalLink": "https://www.sec.gov/Archives/edgar/data/798359/000162828018008587/iret043018-10k.htm"
    },
    {
        "date": "2018-01-31",
        "symbol": "CSR",
        "reportedCurrency": "USD",
        "cik": "0000798359",
        "fillingDate": "2018-03-12",
        "acceptedDate": "2018-03-12 17:00:20",
        "calendarYear": "2017",
        "period": "Q4",
        "revenue": 43254000,
        "costOfRevenue": 20035000,
        "grossProfit": 23219000,
        "grossProfitRatio": 0.5368058445,
        "researchAndDevelopmentExpenses": 0,
        "generalAndAdministrativeExpenses": 3011000,
        "sellingAndMarketingExpenses": 0,
        "sellingGeneralAndAdministrativeExpenses": 3011000,
        "otherExpenses": 25000,
        "operatingExpenses": 21401000,
        "costAndExpenses": 41436000,
        "interestIncome": 408000,
        "interestExpense": 9236000,
        "depreciationAndAmortization": 20240000,
        "ebitda": 22491000,
        "ebitdaratio": 0.5199750312,
        "operatingIncome": 1818000,
        "operatingIncomeRatio": 0.0420307948,
        "totalOtherIncomeExpensesNet": 3299000,
        "incomeBeforeTax": 5117000,
        "incomeBeforeTaxRatio": 0.1183011976,
        "incomeTaxExpense": 0,
        "netIncome": 136105000,
        "netIncomeRatio": 3.146645397,
        "eps": 11.2,
        "epsdiluted": 11.2,
        "weightedAverageShsOut": 11974100,
        "weightedAverageShsOutDil": 13417500,
        "link": "https://www.sec.gov/Archives/edgar/data/798359/000162828018003105/0001628280-18-003105-index.htm",
        "finalLink": "https://www.sec.gov/Archives/edgar/data/798359/000162828018003105/iret013118-10q.htm"
    },
    {
        "date": "2017-10-31",
        "symbol": "CSR",
        "reportedCurrency": "USD",
        "cik": "0000798359",
        "fillingDate": "2017-12-11",
        "acceptedDate": "2017-12-11 17:17:44",
        "calendarYear": "2017",
        "period": "Q3",
        "revenue": 53921000,
        "costOfRevenue": 25297000,
        "grossProfit": 28624000,
        "grossProfitRatio": 0.530850689,
        "researchAndDevelopmentExpenses": 0,
        "generalAndAdministrativeExpenses": 3118000,
        "sellingAndMarketingExpenses": 0,
        "sellingGeneralAndAdministrativeExpenses": 3118000,
        "otherExpenses": 57000,
        "operatingExpenses": 23812000,
        "costAndExpenses": 49109000,
        "interestIncome": 199000,
        "interestExpense": 9666000,
        "depreciationAndAmortization": 21015000,
        "ebitda": 27533000,
        "ebitdaratio": 0.5106173847,
        "operatingIncome": 4812000,
        "operatingIncomeRatio": 0.0892416684,
        "totalOtherIncomeExpensesNet": -6803000,
        "incomeBeforeTax": 392000,
        "incomeBeforeTaxRatio": 0.0072698948,
        "incomeTaxExpense": -17419000,
        "netIncome": 12821000,
        "netIncomeRatio": 0.2377737802,
        "eps": 0.5,
        "epsdiluted": 0.5,
        "weightedAverageShsOut": 12014400,
        "weightedAverageShsOutDil": 13476700,
        "link": "https://www.sec.gov/Archives/edgar/data/798359/000155837017009289/0001558370-17-009289-index.htm",
        "finalLink": "https://www.sec.gov/Archives/edgar/data/798359/000155837017009289/iret-20171031x10q.htm"
    },
    {
        "date": "2017-07-31",
        "symbol": "CSR",
        "reportedCurrency": "USD",
        "cik": "0000798359",
        "fillingDate": "2017-09-11",
        "acceptedDate": "2017-09-11 16:36:23",
        "calendarYear": "2017",
        "period": "Q2",
        "revenue": 52735000,
        "costOfRevenue": 24250000,
        "grossProfit": 28485000,
        "grossProfitRatio": 0.5401535982,
        "researchAndDevelopmentExpenses": 0,
        "generalAndAdministrativeExpenses": 4002000,
        "sellingAndMarketingExpenses": 0,
        "sellingGeneralAndAdministrativeExpenses": 4002000,
        "otherExpenses": 210000,
        "operatingExpenses": 32929000,
        "costAndExpenses": 57179000,
        "interestIncome": 21000,
        "interestExpense": 9295000,
        "depreciationAndAmortization": 29238000,
        "ebitda": 21405000,
        "ebitdaratio": 0.4058974116,
        "operatingIncome": -4700000,
        "operatingIncomeRatio": -0.0891248696,
        "totalOtherIncomeExpensesNet": -7978000,
        "incomeBeforeTax": -13839000,
        "incomeBeforeTaxRatio": -0.2624253342,
        "incomeTaxExpense": -2244000,
        "netIncome": -11264000,
        "netIncomeRatio": -0.2135962833,
        "eps": -0.94,
        "epsdiluted": -0.83,
        "weightedAverageShsOut": 12042100,
        "weightedAverageShsOutDil": 13554900,
        "link": "https://www.sec.gov/Archives/edgar/data/798359/000155837017007014/0001558370-17-007014-index.htm",
        "finalLink": "https://www.sec.gov/Archives/edgar/data/798359/000155837017007014/iret-20170731x10q.htm"
    },
    {
        "date": "2017-04-30",
        "symbol": "CSR",
        "reportedCurrency": "USD",
        "cik": "0000798359",
        "fillingDate": "2017-06-28",
        "acceptedDate": "2017-06-28 16:37:38",
        "calendarYear": "2017",
        "period": "Q1",
        "revenue": 54344000,
        "costOfRevenue": 22355000,
        "grossProfit": 31989000,
        "grossProfitRatio": 0.5886390402,
        "researchAndDevelopmentExpenses": 0,
        "generalAndAdministrativeExpenses": 3637000,
        "sellingAndMarketingExpenses": 0,
        "sellingGeneralAndAdministrativeExpenses": 3637000,
        "otherExpenses": 452000,
        "operatingExpenses": 18464000,
        "costAndExpenses": 40819000,
        "interestIncome": 13000,
        "interestExpense": 9457000,
        "depreciationAndAmortization": 13736000,
        "ebitda": 27261000,
        "ebitdaratio": 0.5016377153,
        "operatingIncome": 7426000,
        "operatingIncomeRatio": 0.13664802,
        "totalOtherIncomeExpensesNet": -4720000,
        "incomeBeforeTax": 4651000,
        "incomeBeforeTaxRatio": 0.0855844251,
        "incomeTaxExpense": -27692000,
        "netIncome": 30280000,
        "netIncomeRatio": 0.5571912263,
        "eps": 2.3,
        "epsdiluted": 2.3,
        "weightedAverageShsOut": 11804022,
        "weightedAverageShsOutDil": 12115500,
        "link": "https://www.sec.gov/Archives/edgar/data/798359/000155837017004986/0001558370-17-004986-index.htm",
        "finalLink": "https://www.sec.gov/Archives/edgar/data/798359/000155837017004986/iret-20170430x10k.htm"
    },
    {
        "date": "2017-01-31",
        "symbol": "CSR",
        "reportedCurrency": "USD",
        "cik": "0000798359",
        "fillingDate": "2017-03-13",
        "acceptedDate": "2017-03-13 16:42:23",
        "calendarYear": "2016",
        "period": "Q4",
        "revenue": 51174000,
        "costOfRevenue": 22793000,
        "grossProfit": 28381000,
        "grossProfitRatio": 0.5545980381,
        "researchAndDevelopmentExpenses": 0,
        "generalAndAdministrativeExpenses": 3130000,
        "sellingAndMarketingExpenses": 0,
        "sellingGeneralAndAdministrativeExpenses": 3130000,
        "otherExpenses": 158000,
        "operatingExpenses": 17642000,
        "costAndExpenses": 40435000,
        "interestIncome": 272000,
        "interestExpense": 8832000,
        "depreciationAndAmortization": 13848000,
        "ebitda": 12813000,
        "ebitdaratio": 0.2503810529,
        "operatingIncome": 10734000,
        "operatingIncomeRatio": 0.2097549537,
        "totalOtherIncomeExpensesNet": -10510000,
        "incomeBeforeTax": 1558000,
        "incomeBeforeTaxRatio": 0.0304451479,
        "incomeTaxExpense": -22077000,
        "netIncome": 23110000,
        "netIncomeRatio": 0.4515965139,
        "eps": 1.6,
        "epsdiluted": 1.6,
        "weightedAverageShsOut": 12125500,
        "weightedAverageShsOutDil": 13737500,
        "link": "https://www.sec.gov/Archives/edgar/data/798359/000155837017001682/0001558370-17-001682-index.htm",
        "finalLink": "https://www.sec.gov/Archives/edgar/data/798359/000155837017001682/iret-20170131x10q.htm"
    },
    {
        "date": "2016-10-31",
        "symbol": "CSR",
        "reportedCurrency": "USD",
        "cik": "0000798359",
        "fillingDate": "2016-12-12",
        "acceptedDate": "2016-12-12 16:36:38",
        "calendarYear": "2016",
        "period": "Q3",
        "revenue": 50609000,
        "costOfRevenue": 21573000,
        "grossProfit": 29036000,
        "grossProfitRatio": 0.5737319449,
        "researchAndDevelopmentExpenses": 0,
        "generalAndAdministrativeExpenses": 2702000,
        "sellingAndMarketingExpenses": 0,
        "sellingGeneralAndAdministrativeExpenses": 2702000,
        "otherExpenses": 37000,
        "operatingExpenses": 17049000,
        "costAndExpenses": 38622000,
        "interestIncome": 600000,
        "interestExpense": 10626000,
        "depreciationAndAmortization": 13945000,
        "ebitda": 25918000,
        "ebitdaratio": 0.5121223498,
        "operatingIncome": 11983000,
        "operatingIncomeRatio": 0.2367760675,
        "totalOtherIncomeExpensesNet": -10636000,
        "incomeBeforeTax": 1891000,
        "incomeBeforeTaxRatio": 0.0373648956,
        "incomeTaxExpense": -9602000,
        "netIncome": 11600000,
        "netIncomeRatio": 0.2292082436,
        "eps": 0.7,
        "epsdiluted": 0.7,
        "weightedAverageShsOut": 12115400,
        "weightedAverageShsOutDil": 13741800,
        "link": "https://www.sec.gov/Archives/edgar/data/798359/000155837016010506/0001558370-16-010506-index.htm",
        "finalLink": "https://www.sec.gov/Archives/edgar/data/798359/000155837016010506/iret-20161031x10q.htm"
    },
    {
        "date": "2016-07-31",
        "symbol": "CSR",
        "reportedCurrency": "USD",
        "cik": "0000798359",
        "fillingDate": "2016-09-08",
        "acceptedDate": "2016-09-08 16:36:42",
        "calendarYear": "2016",
        "period": "Q2",
        "revenue": 49611000,
        "costOfRevenue": 21634000,
        "grossProfit": 27977000,
        "grossProfitRatio": 0.5639273548,
        "researchAndDevelopmentExpenses": 0,
        "generalAndAdministrativeExpenses": 2606000,
        "sellingAndMarketingExpenses": 0,
        "sellingGeneralAndAdministrativeExpenses": 2606000,
        "otherExpenses": 473000,
        "operatingExpenses": 17725000,
        "costAndExpenses": 39359000,
        "interestIncome": 28000,
        "interestExpense": 10364000,
        "depreciationAndAmortization": 14667000,
        "ebitda": -29677000,
        "ebitdaratio": -0.5981939489,
        "operatingIncome": -43944000,
        "operatingIncomeRatio": -0.8857713007,
        "totalOtherIncomeExpensesNet": -1218000,
        "incomeBeforeTax": -44305000,
        "incomeBeforeTaxRatio": -0.8930479128,
        "incomeTaxExpense": 22576000,
        "netIncome": -21643000,
        "netIncomeRatio": -0.4362540566,
        "eps": -1.79,
        "epsdiluted": -1.58,
        "weightedAverageShsOut": 12111700,
        "weightedAverageShsOutDil": 13740200,
        "link": "https://www.sec.gov/Archives/edgar/data/798359/000155837016008254/0001558370-16-008254-index.htm",
        "finalLink": "https://www.sec.gov/Archives/edgar/data/798359/000155837016008254/iret-20160731x10q.htm"
    },
    {
        "date": "2016-04-30",
        "symbol": "CSR",
        "reportedCurrency": "USD",
        "cik": "0000798359",
        "fillingDate": "2016-06-29",
        "acceptedDate": "2016-06-29 16:57:59",
        "calendarYear": "2016",
        "period": "Q1",
        "revenue": 48523000,
        "costOfRevenue": 20524000,
        "grossProfit": 27999000,
        "grossProfitRatio": 0.5770253282,
        "researchAndDevelopmentExpenses": 0,
        "generalAndAdministrativeExpenses": 2951000,
        "sellingAndMarketingExpenses": 0,
        "sellingGeneralAndAdministrativeExpenses": 2951000,
        "otherExpenses": 31000,
        "operatingExpenses": 17418000,
        "costAndExpenses": 37942000,
        "interestIncome": 569000,
        "interestExpense": 5901000,
        "depreciationAndAmortization": 13517000,
        "ebitda": 24698000,
        "ebitdaratio": 0.508995734,
        "operatingIncome": 7961000,
        "operatingIncomeRatio": 0.1640665252,
        "totalOtherIncomeExpensesNet": -3347000,
        "incomeBeforeTax": 10292000,
        "incomeBeforeTaxRatio": 0.2121055994,
        "incomeTaxExpense": -15129000,
        "netIncome": 11003000,
        "netIncomeRatio": 0.2267584444,
        "eps": 0.7,
        "epsdiluted": 0.7,
        "weightedAverageShsOut": 13459800,
        "weightedAverageShsOutDil": 13459800,
        "link": "https://www.sec.gov/Archives/edgar/data/798359/000155837016006536/0001558370-16-006536-index.htm",
        "finalLink": "https://www.sec.gov/Archives/edgar/data/798359/000155837016006536/iret-20160430x10k.htm"
    },
    {
        "date": "2016-01-31",
        "symbol": "CSR",
        "reportedCurrency": "USD",
        "cik": "0000798359",
        "fillingDate": "2016-03-10",
        "acceptedDate": "2016-03-10 16:36:59",
        "calendarYear": "2015",
        "period": "Q4",
        "revenue": 55772000,
        "costOfRevenue": 30216000,
        "grossProfit": 25556000,
        "grossProfitRatio": 0.4582227641,
        "researchAndDevelopmentExpenses": 0,
        "generalAndAdministrativeExpenses": 2929000,
        "sellingAndMarketingExpenses": 0,
        "sellingGeneralAndAdministrativeExpenses": 2929000,
        "otherExpenses": 135000,
        "operatingExpenses": 8836000,
        "costAndExpenses": 39052000,
        "interestIncome": 566000,
        "interestExpense": 9151000,
        "depreciationAndAmortization": 15342000,
        "ebitda": 29704000,
        "ebitdaratio": 0.5325970021,
        "operatingIncome": 16428000,
        "operatingIncomeRatio": 0.2945564082,
        "totalOtherIncomeExpensesNet": -8393000,
        "incomeBeforeTax": 8035000,
        "incomeBeforeTaxRatio": 0.1440687083,
        "incomeTaxExpense": -33046000,
        "netIncome": 39797000,
        "netIncomeRatio": 0.7135659471,
        "eps": 3,
        "epsdiluted": 3,
        "weightedAverageShsOut": 12186400,
        "weightedAverageShsOutDil": 13574100,
        "link": "https://www.sec.gov/Archives/edgar/data/798359/000114036116057315/0001140361-16-057315-index.htm",
        "finalLink": "https://www.sec.gov/Archives/edgar/data/798359/000114036116057315/form10q.htm"
    },
    {
        "date": "2015-10-31",
        "symbol": "CSR",
        "reportedCurrency": "USD",
        "cik": "0000798359",
        "fillingDate": "2015-12-10",
        "acceptedDate": "2015-12-10 16:36:18",
        "calendarYear": "2015",
        "period": "Q3",
        "revenue": 52270000,
        "costOfRevenue": 29521000,
        "grossProfit": 22749000,
        "grossProfitRatio": 0.4352209681,
        "researchAndDevelopmentExpenses": 0,
        "generalAndAdministrativeExpenses": 2933000,
        "sellingAndMarketingExpenses": 0,
        "sellingGeneralAndAdministrativeExpenses": 2933000,
        "otherExpenses": 100000,
        "operatingExpenses": 9921000,
        "costAndExpenses": 39442000,
        "interestIncome": 565000,
        "interestExpense": 8741000,
        "depreciationAndAmortization": 15185000,
        "ebitda": 23724000,
        "ebitdaratio": 0.4538741152,
        "operatingIncome": 10786000,
        "operatingIncomeRatio": 0.2063516357,
        "totalOtherIncomeExpensesNet": -6766000,
        "incomeBeforeTax": 1214000,
        "incomeBeforeTaxRatio": 0.0232255596,
        "incomeTaxExpense": -13473000,
        "netIncome": 16666000,
        "netIncomeRatio": 0.3188444615,
        "eps": 1.1,
        "epsdiluted": 1.1,
        "weightedAverageShsOut": 12466500,
        "weightedAverageShsOutDil": 13856500,
        "link": "https://www.sec.gov/Archives/edgar/data/798359/000114036115044161/0001140361-15-044161-index.htm",
        "finalLink": "https://www.sec.gov/Archives/edgar/data/798359/000114036115044161/form10q.htm"
    },
    {
        "date": "2015-07-31",
        "symbol": "CSR",
        "reportedCurrency": "USD",
        "cik": "0000798359",
        "fillingDate": "2015-09-09",
        "acceptedDate": "2015-09-09 16:35:54",
        "calendarYear": "2015",
        "period": "Q2",
        "revenue": 50956000,
        "costOfRevenue": 27067000,
        "grossProfit": 23889000,
        "grossProfitRatio": 0.4688162336,
        "researchAndDevelopmentExpenses": 0,
        "generalAndAdministrativeExpenses": 2454000,
        "sellingAndMarketingExpenses": 0,
        "sellingGeneralAndAdministrativeExpenses": 2454000,
        "otherExpenses": 51000,
        "operatingExpenses": 8252000,
        "costAndExpenses": 35319000,
        "interestIncome": 556000,
        "interestExpense": 9196000,
        "depreciationAndAmortization": 18709000,
        "ebitda": 30502000,
        "ebitdaratio": 0.5985948662,
        "operatingIncome": 14181000,
        "operatingIncomeRatio": 0.2782989246,
        "totalOtherIncomeExpensesNet": -8764000,
        "incomeBeforeTax": 5417000,
        "incomeBeforeTaxRatio": 0.1063074025,
        "incomeTaxExpense": 2337000,
        "netIncome": 4540000,
        "netIncomeRatio": 0.0890964754,
        "eps": 0.1,
        "epsdiluted": 0.1,
        "weightedAverageShsOut": 12485500,
        "weightedAverageShsOutDil": 13880600,
        "link": "https://www.sec.gov/Archives/edgar/data/798359/000114036115034700/0001140361-15-034700-index.htm",
        "finalLink": "https://www.sec.gov/Archives/edgar/data/798359/000114036115034700/form10q.htm"
    },
    {
        "date": "2015-04-30",
        "symbol": "CSR",
        "reportedCurrency": "USD",
        "cik": "0000798359",
        "fillingDate": "2015-06-29",
        "acceptedDate": "2015-06-29 16:36:41",
        "calendarYear": "2015",
        "period": "Q1",
        "revenue": 70759000,
        "costOfRevenue": 38295000,
        "grossProfit": 32464000,
        "grossProfitRatio": 0.4587967608,
        "researchAndDevelopmentExpenses": 0,
        "generalAndAdministrativeExpenses": 838000,
        "sellingAndMarketingExpenses": 0,
        "sellingGeneralAndAdministrativeExpenses": 838000,
        "otherExpenses": 347000,
        "operatingExpenses": 10381000,
        "costAndExpenses": 48676000,
        "interestIncome": 557000,
        "interestExpense": 15162000,
        "depreciationAndAmortization": 18495000,
        "ebitda": 47519000,
        "ebitdaratio": 0.6715612148,
        "operatingIncome": 21216000,
        "operatingIncomeRatio": 0.29983465,
        "totalOtherIncomeExpensesNet": -7354000,
        "incomeBeforeTax": 13862000,
        "incomeBeforeTaxRatio": 0.1959044079,
        "incomeTaxExpense": -3795000,
        "netIncome": 10753000,
        "netIncomeRatio": 0.1519665343,
        "eps": 1.46,
        "epsdiluted": 1.46,
        "weightedAverageShsOut": 12085500,
        "weightedAverageShsOutDil": 12085500,
        "link": "https://www.sec.gov/Archives/edgar/data/798359/000114036115025776/0001140361-15-025776-index.htm",
        "finalLink": "https://www.sec.gov/Archives/edgar/data/798359/000114036115025776/form10k.htm"
    },
    {
        "date": "2015-01-31",
        "symbol": "CSR",
        "reportedCurrency": "USD",
        "cik": "0000798359",
        "fillingDate": "2015-03-12",
        "acceptedDate": "2015-03-12 16:31:01",
        "calendarYear": "2014",
        "period": "Q4",
        "revenue": 72916000,
        "costOfRevenue": 38294000,
        "grossProfit": 34622000,
        "grossProfitRatio": 0.4748203412,
        "researchAndDevelopmentExpenses": 0,
        "generalAndAdministrativeExpenses": 3242000,
        "sellingAndMarketingExpenses": 0,
        "sellingGeneralAndAdministrativeExpenses": 3242000,
        "otherExpenses": 109000,
        "operatingExpenses": 11041000,
        "costAndExpenses": 49335000,
        "interestIncome": 561000,
        "interestExpense": 14595000,
        "depreciationAndAmortization": 18109000,
        "ebitda": 36107000,
        "ebitdaratio": 0.4951862417,
        "operatingIncome": 22125000,
        "operatingIncomeRatio": 0.3034313457,
        "totalOtherIncomeExpensesNet": -8388000,
        "incomeBeforeTax": 9151000,
        "incomeBeforeTaxRatio": 0.125500576,
        "incomeTaxExpense": 369000,
        "netIncome": 8371000,
        "netIncomeRatio": 0.1148033353,
        "eps": 0.5,
        "epsdiluted": 0.5,
        "weightedAverageShsOut": 12085500,
        "weightedAverageShsOutDil": 13531600,
        "link": "https://www.sec.gov/Archives/edgar/data/798359/000079835915000015/0000798359-15-000015-index.htm",
        "finalLink": "https://www.sec.gov/Archives/edgar/data/798359/000079835915000015/form10q-01312015.htm"
    },
    {
        "date": "2014-10-31",
        "symbol": "CSR",
        "reportedCurrency": "USD",
        "cik": "0000798359",
        "fillingDate": "2014-12-10",
        "acceptedDate": "2014-12-10 16:30:59",
        "calendarYear": "2014",
        "period": "Q3",
        "revenue": 70885000,
        "costOfRevenue": 36962000,
        "grossProfit": 33923000,
        "grossProfitRatio": 0.4785638711,
        "researchAndDevelopmentExpenses": 0,
        "generalAndAdministrativeExpenses": 3468000,
        "sellingAndMarketingExpenses": 0,
        "sellingGeneralAndAdministrativeExpenses": 3468000,
        "otherExpenses": 136000,
        "operatingExpenses": 11296000,
        "costAndExpenses": 48258000,
        "interestIncome": 560000,
        "interestExpense": 14599000,
        "depreciationAndAmortization": 18011000,
        "ebitda": 34292000,
        "ebitdaratio": 0.4837694858,
        "operatingIncome": 18542000,
        "operatingIncomeRatio": 0.2615786132,
        "totalOtherIncomeExpensesNet": -12215000,
        "incomeBeforeTax": 5870000,
        "incomeBeforeTaxRatio": 0.0828101855,
        "incomeTaxExpense": 2770000,
        "netIncome": 5114000,
        "netIncomeRatio": 0.0721450236,
        "eps": 0.2,
        "epsdiluted": 0.2,
        "weightedAverageShsOut": 11703400,
        "weightedAverageShsOutDil": 13329500,
        "link": "https://www.sec.gov/Archives/edgar/data/798359/000079835914000100/0000798359-14-000100-index.htm",
        "finalLink": "https://www.sec.gov/Archives/edgar/data/798359/000079835914000100/form10q-10312014.htm"
    },
    {
        "date": "2014-07-31",
        "symbol": "CSR",
        "reportedCurrency": "USD",
        "cik": "0000798359",
        "fillingDate": "2014-09-09",
        "acceptedDate": "2014-09-09 16:31:11",
        "calendarYear": "2014",
        "period": "Q2",
        "revenue": 68630000,
        "costOfRevenue": 36631000,
        "grossProfit": 31999000,
        "grossProfitRatio": 0.4662538249,
        "researchAndDevelopmentExpenses": 0,
        "generalAndAdministrativeExpenses": 3664000,
        "sellingAndMarketingExpenses": 0,
        "sellingGeneralAndAdministrativeExpenses": 3664000,
        "otherExpenses": 131000,
        "operatingExpenses": 12040000,
        "costAndExpenses": 48671000,
        "interestIncome": 560000,
        "interestExpense": 14664000,
        "depreciationAndAmortization": 17463000,
        "ebitda": 26394000,
        "ebitdaratio": 0.3845840012,
        "operatingIncome": 16767000,
        "operatingIncomeRatio": 0.2443100685,
        "totalOtherIncomeExpensesNet": -11437000,
        "incomeBeforeTax": -199000,
        "incomeBeforeTaxRatio": -0.0028996066,
        "incomeTaxExpense": 5265000,
        "netIncome": -151000,
        "netIncomeRatio": -0.002200204,
        "eps": -0.0136,
        "epsdiluted": -0.0115,
        "weightedAverageShsOut": 11103900,
        "weightedAverageShsOutDil": 13133200,
        "link": "https://www.sec.gov/Archives/edgar/data/798359/000079835914000076/0000798359-14-000076-index.htm",
        "finalLink": "https://www.sec.gov/Archives/edgar/data/798359/000079835914000076/form10q.htm"
    },
    {
        "date": "2014-04-30",
        "symbol": "CSR",
        "reportedCurrency": "USD",
        "cik": "0000798359",
        "fillingDate": "2014-06-30",
        "acceptedDate": "2014-06-30 16:31:51",
        "calendarYear": "2014",
        "period": "Q1",
        "revenue": 66983000,
        "costOfRevenue": 29589000,
        "grossProfit": 37394000,
        "grossProfitRatio": 0.5582610513,
        "researchAndDevelopmentExpenses": 0,
        "generalAndAdministrativeExpenses": 2801000,
        "sellingAndMarketingExpenses": 0,
        "sellingGeneralAndAdministrativeExpenses": 2801000,
        "otherExpenses": 523000,
        "operatingExpenses": 20565000,
        "costAndExpenses": 50154000,
        "interestIncome": 1085000,
        "interestExpense": 14617000,
        "depreciationAndAmortization": 17262000,
        "ebitda": -2178000,
        "ebitdaratio": -0.0325157129,
        "operatingIncome": -20939000,
        "operatingIncomeRatio": -0.3126017049,
        "totalOtherIncomeExpensesNet": -13746000,
        "incomeBeforeTax": -34522000,
        "incomeBeforeTaxRatio": -0.5153845005,
        "incomeTaxExpense": 0,
        "netIncome": -28542000,
        "netIncomeRatio": -0.426108117,
        "eps": -2.21,
        "epsdiluted": -2.21,
        "weightedAverageShsOut": 12924400,
        "weightedAverageShsOutDil": 12924400,
        "link": "https://www.sec.gov/Archives/edgar/data/798359/000079835914000048/0000798359-14-000048-index.htm",
        "finalLink": "https://www.sec.gov/Archives/edgar/data/798359/000079835914000048/form10k.htm"
    },
    {
        "date": "2014-01-31",
        "symbol": "CSR",
        "reportedCurrency": "USD",
        "cik": "0000798359",
        "fillingDate": "2014-03-12",
        "acceptedDate": "2014-03-12 16:30:48",
        "calendarYear": "2013",
        "period": "Q4",
        "revenue": 67629000,
        "costOfRevenue": 34832000,
        "grossProfit": 32797000,
        "grossProfitRatio": 0.4849546792,
        "researchAndDevelopmentExpenses": 0,
        "generalAndAdministrativeExpenses": 2662000,
        "sellingAndMarketingExpenses": 0,
        "sellingGeneralAndAdministrativeExpenses": 2662000,
        "otherExpenses": 167000,
        "operatingExpenses": 10763000,
        "costAndExpenses": 45595000,
        "interestIncome": 573000,
        "interestExpense": 15130000,
        "depreciationAndAmortization": 18008000,
        "ebitda": 36742000,
        "ebitdaratio": 0.5432876429,
        "operatingIncome": 17994000,
        "operatingIncomeRatio": 0.2660692898,
        "totalOtherIncomeExpensesNet": -14523000,
        "incomeBeforeTax": 3604000,
        "incomeBeforeTaxRatio": 0.0532907481,
        "incomeTaxExpense": 3385000,
        "netIncome": 3503000,
        "netIncomeRatio": 0.0517973059,
        "eps": 0.0588,
        "epsdiluted": 0.0588,
        "weightedAverageShsOut": 10620800,
        "weightedAverageShsOutDil": 12802700,
        "link": "https://www.sec.gov/Archives/edgar/data/798359/000079835914000015/0000798359-14-000015-index.htm",
        "finalLink": "https://www.sec.gov/Archives/edgar/data/798359/000079835914000015/iretform10q-01312014.htm"
    },
    {
        "date": "2013-10-31",
        "symbol": "CSR",
        "reportedCurrency": "USD",
        "cik": "0000798359",
        "fillingDate": "2013-12-10",
        "acceptedDate": "2013-12-10 16:30:54",
        "calendarYear": "2013",
        "period": "Q3",
        "revenue": 66190000,
        "costOfRevenue": 35765000,
        "grossProfit": 30425000,
        "grossProfitRatio": 0.4596615803,
        "researchAndDevelopmentExpenses": 0,
        "generalAndAdministrativeExpenses": 2527000,
        "sellingAndMarketingExpenses": 0,
        "sellingGeneralAndAdministrativeExpenses": 2527000,
        "otherExpenses": 67000,
        "operatingExpenses": 10408000,
        "costAndExpenses": 46173000,
        "interestIncome": 585000,
        "interestExpense": 14848000,
        "depreciationAndAmortization": 17901000,
        "ebitda": 37622000,
        "ebitdaratio": 0.5683940172,
        "operatingIncome": 19213000,
        "operatingIncomeRatio": 0.2902704336,
        "totalOtherIncomeExpensesNet": -14147000,
        "incomeBeforeTax": 5017000,
        "incomeBeforeTaxRatio": 0.0757969482,
        "incomeTaxExpense": -3770000,
        "netIncome": 8787000,
        "netIncomeRatio": 0.1327541925,
        "eps": 0.6,
        "epsdiluted": 0.6,
        "weightedAverageShsOut": 10486100,
        "weightedAverageShsOutDil": 12671300,
        "link": "https://www.sec.gov/Archives/edgar/data/798359/000079835913000130/0000798359-13-000130-index.htm",
        "finalLink": "https://www.sec.gov/Archives/edgar/data/798359/000079835913000130/iretform10q-10312013.htm"
    },
    {
        "date": "2013-07-31",
        "symbol": "CSR",
        "reportedCurrency": "USD",
        "cik": "0000798359",
        "fillingDate": "2013-09-09",
        "acceptedDate": "2013-09-09 16:31:04",
        "calendarYear": "2013",
        "period": "Q2",
        "revenue": 67182000,
        "costOfRevenue": 38207000,
        "grossProfit": 28975000,
        "grossProfitRatio": 0.4312911196,
        "researchAndDevelopmentExpenses": 0,
        "generalAndAdministrativeExpenses": 2753000,
        "sellingAndMarketingExpenses": 0,
        "sellingGeneralAndAdministrativeExpenses": 2753000,
        "otherExpenses": 22000,
        "operatingExpenses": 11344000,
        "costAndExpenses": 49551000,
        "interestIncome": 188000,
        "interestExpense": 14799000,
        "depreciationAndAmortization": 20087000,
        "ebitda": 36938000,
        "ebitdaratio": 0.5498198922,
        "operatingIncome": 16149000,
        "operatingIncomeRatio": 0.2403768867,
        "totalOtherIncomeExpensesNet": -14386000,
        "incomeBeforeTax": 1560000,
        "incomeBeforeTaxRatio": 0.0232205055,
        "incomeTaxExpense": -1026000,
        "netIncome": 3078000,
        "netIncomeRatio": 0.0458158435,
        "eps": 0.0194,
        "epsdiluted": 0.0194,
        "weightedAverageShsOut": 10235800,
        "weightedAverageShsOutDil": 12417900,
        "link": "https://www.sec.gov/Archives/edgar/data/798359/000079835913000097/0000798359-13-000097-index.htm",
        "finalLink": "https://www.sec.gov/Archives/edgar/data/798359/000079835913000097/iretform10q-07312013.htm"
    },
    {
        "date": "2013-04-30",
        "symbol": "CSR",
        "reportedCurrency": "USD",
        "cik": "0000798359",
        "fillingDate": "2013-07-01",
        "acceptedDate": "2013-07-01 16:32:58",
        "calendarYear": "2013",
        "period": "Q1",
        "revenue": 67011000,
        "costOfRevenue": 27122000,
        "grossProfit": 39889000,
        "grossProfitRatio": 0.5952604796,
        "researchAndDevelopmentExpenses": 0,
        "generalAndAdministrativeExpenses": 2092000,
        "sellingAndMarketingExpenses": 0,
        "sellingGeneralAndAdministrativeExpenses": 2092000,
        "otherExpenses": 102000,
        "operatingExpenses": 19288000,
        "costAndExpenses": 46410000,
        "interestIncome": 148000,
        "interestExpense": 14928000,
        "depreciationAndAmortization": 16519000,
        "ebitda": 37509000,
        "ebitdaratio": 0.5597439226,
        "operatingIncome": 22639000,
        "operatingIncomeRatio": 0.3378400561,
        "totalOtherIncomeExpensesNet": -14116000,
        "incomeBeforeTax": 8337000,
        "incomeBeforeTaxRatio": 0.1244124099,
        "incomeTaxExpense": -4196000,
        "netIncome": 10015000,
        "netIncomeRatio": 0.1494530749,
        "eps": 0.7,
        "epsdiluted": 0.7,
        "weightedAverageShsOut": 11819200,
        "weightedAverageShsOutDil": 11819200,
        "link": "https://www.sec.gov/Archives/edgar/data/798359/000079835913000065/0000798359-13-000065-index.htm",
        "finalLink": "https://www.sec.gov/Archives/edgar/data/798359/000079835913000065/iretform10k-04302013.htm"
    },
    {
        "date": "2013-01-31",
        "symbol": "CSR",
        "reportedCurrency": "USD",
        "cik": "0000798359",
        "fillingDate": "2013-03-12",
        "acceptedDate": "2013-03-12 16:31:39",
        "calendarYear": "2012",
        "period": "Q4",
        "revenue": 66231000,
        "costOfRevenue": 26375000,
        "grossProfit": 39856000,
        "grossProfitRatio": 0.6017725838,
        "researchAndDevelopmentExpenses": 0,
        "generalAndAdministrativeExpenses": 2245000,
        "sellingAndMarketingExpenses": 0,
        "sellingGeneralAndAdministrativeExpenses": 2245000,
        "otherExpenses": 185000,
        "operatingExpenses": 19009000,
        "costAndExpenses": 45384000,
        "interestIncome": 255000,
        "interestExpense": 15725000,
        "depreciationAndAmortization": 16300000,
        "ebitda": 37014000,
        "ebitdaratio": 0.5588621642,
        "operatingIncome": 20847000,
        "operatingIncomeRatio": 0.3147619695,
        "totalOtherIncomeExpensesNet": -16259000,
        "incomeBeforeTax": 5377000,
        "incomeBeforeTaxRatio": 0.0811855476,
        "incomeTaxExpense": 53000,
        "netIncome": 5324000,
        "netIncomeRatio": 0.0803853181,
        "eps": 0.3,
        "epsdiluted": 0.3,
        "weightedAverageShsOut": 11520700,
        "weightedAverageShsOutDil": 11520700,
        "link": "https://www.sec.gov/Archives/edgar/data/798359/000079835913000014/0000798359-13-000014-index.htm",
        "finalLink": "https://www.sec.gov/Archives/edgar/data/798359/000079835913000014/iretform10q-01312013.htm"
    },
    {
        "date": "2012-10-31",
        "symbol": "CSR",
        "reportedCurrency": "USD",
        "cik": "0000798359",
        "fillingDate": "2012-12-10",
        "acceptedDate": "2012-12-10 16:31:47",
        "calendarYear": "2012",
        "period": "Q3",
        "revenue": 67206000,
        "costOfRevenue": 24804000,
        "grossProfit": 42402000,
        "grossProfitRatio": 0.6309258102,
        "researchAndDevelopmentExpenses": 0,
        "generalAndAdministrativeExpenses": 2872000,
        "sellingAndMarketingExpenses": 143000,
        "sellingGeneralAndAdministrativeExpenses": 2061000,
        "otherExpenses": 25300000,
        "operatingExpenses": 19080000,
        "costAndExpenses": 43884000,
        "interestIncome": 203000,
        "interestExpense": 16300000,
        "depreciationAndAmortization": 16506000,
        "ebitda": 39349000,
        "ebitdaratio": 0.5854983186,
        "operatingIncome": 23322000,
        "operatingIncomeRatio": 0.3470225873,
        "totalOtherIncomeExpensesNet": -14010000,
        "incomeBeforeTax": 7225000,
        "incomeBeforeTaxRatio": 0.1075052823,
        "incomeTaxExpense": -6131000,
        "netIncome": 8512000,
        "netIncomeRatio": 0.1266553582,
        "eps": 0.6,
        "epsdiluted": 0.6,
        "weightedAverageShsOut": 11369000,
        "weightedAverageShsOutDil": 11369000,
        "link": "https://www.sec.gov/Archives/edgar/data/798359/000079835912000116/0000798359-12-000116-index.htm",
        "finalLink": "https://www.sec.gov/Archives/edgar/data/798359/000079835912000116/iretform10q-10312012.htm"
    },
    {
        "date": "2012-07-31",
        "symbol": "CSR",
        "reportedCurrency": "USD",
        "cik": "0000798359",
        "fillingDate": "2012-09-10",
        "acceptedDate": "2012-09-10 16:31:03",
        "calendarYear": "2012",
        "period": "Q2",
        "revenue": 62410000,
        "costOfRevenue": 15760000,
        "grossProfit": 46650000,
        "grossProfitRatio": 0.747476366,
        "researchAndDevelopmentExpenses": 0,
        "generalAndAdministrativeExpenses": 2881000,
        "sellingAndMarketingExpenses": 136000,
        "sellingGeneralAndAdministrativeExpenses": 3017000,
        "otherExpenses": 25192000,
        "operatingExpenses": 28209000,
        "costAndExpenses": 43969000,
        "interestIncome": 18000,
        "interestExpense": 16517000,
        "depreciationAndAmortization": 16724000,
        "ebitda": 34656000,
        "ebitdaratio": 0.5552956257,
        "operatingIncome": 18317000,
        "operatingIncomeRatio": 0.2934946323,
        "totalOtherIncomeExpensesNet": 467000,
        "incomeBeforeTax": 18441000,
        "incomeBeforeTaxRatio": 0.2954814934,
        "incomeTaxExpense": 121000,
        "netIncome": 1679000,
        "netIncomeRatio": 0.0269027399,
        "eps": 0.1,
        "epsdiluted": 0.1,
        "weightedAverageShsOut": 9051800,
        "weightedAverageShsOutDil": 11129200,
        "link": "https://www.sec.gov/Archives/edgar/data/798359/000079835912000091/0000798359-12-000091-index.htm",
        "finalLink": "https://www.sec.gov/Archives/edgar/data/798359/000079835912000091/iretform10q-07312012.htm"
    },
    {
        "date": "2012-04-30",
        "symbol": "CSR",
        "reportedCurrency": "USD",
        "cik": "0000798359",
        "fillingDate": "2012-07-16",
        "acceptedDate": "2012-07-16 16:01:53",
        "calendarYear": "2012",
        "period": "Q1",
        "revenue": 60895000,
        "costOfRevenue": 22851000,
        "grossProfit": 38044000,
        "grossProfitRatio": 0.6247475162,
        "researchAndDevelopmentExpenses": 0,
        "generalAndAdministrativeExpenses": 0,
        "sellingAndMarketingExpenses": 1437000,
        "sellingGeneralAndAdministrativeExpenses": 1437000,
        "otherExpenses": 23766000,
        "operatingExpenses": 17036000,
        "costAndExpenses": 39887000,
        "interestIncome": 141000,
        "interestExpense": 16430000,
        "depreciationAndAmortization": 15210000,
        "ebitda": 36394000,
        "ebitdaratio": 0.5976516955,
        "operatingIncome": 21008000,
        "operatingIncomeRatio": 0.3449872732,
        "totalOtherIncomeExpensesNet": -16094000,
        "incomeBeforeTax": 4719000,
        "incomeBeforeTaxRatio": 0.0774940471,
        "incomeTaxExpense": 531000,
        "netIncome": 3379000,
        "netIncomeRatio": 0.0554889564,
        "eps": 0.3,
        "epsdiluted": 0.3,
        "weightedAverageShsOut": 10731600,
        "weightedAverageShsOutDil": 10731600,
        "link": "https://www.sec.gov/Archives/edgar/data/798359/000079835912000073/0000798359-12-000073-index.htm",
        "finalLink": "https://www.sec.gov/Archives/edgar/data/798359/000079835912000073/iretform10k-04302012.htm"
    },
    {
        "date": "2012-01-31",
        "symbol": "CSR",
        "reportedCurrency": "USD",
        "cik": "0000798359",
        "fillingDate": "2012-03-12",
        "acceptedDate": "2012-03-12 16:28:18",
        "calendarYear": "2011",
        "period": "Q4",
        "revenue": 61023000,
        "costOfRevenue": 15910000,
        "grossProfit": 45113000,
        "grossProfitRatio": 0.7392786326,
        "researchAndDevelopmentExpenses": 0,
        "generalAndAdministrativeExpenses": 2383000,
        "sellingAndMarketingExpenses": 166000,
        "sellingGeneralAndAdministrativeExpenses": 2549000,
        "otherExpenses": 23670000,
        "operatingExpenses": 26219000,
        "costAndExpenses": 42129000,
        "interestIncome": 25000,
        "interestExpense": 16533000,
        "depreciationAndAmortization": 15666000,
        "ebitda": 34700000,
        "ebitdaratio": 0.5686380545,
        "operatingIncome": 18759000,
        "operatingIncomeRatio": 0.307408682,
        "totalOtherIncomeExpensesNet": -17035000,
        "incomeBeforeTax": 18894000,
        "incomeBeforeTaxRatio": 0.3096209626,
        "incomeTaxExpense": 99000,
        "netIncome": 2127000,
        "netIncomeRatio": 0.0348557101,
        "eps": 0.2,
        "epsdiluted": 0.2,
        "weightedAverageShsOut": 8433900,
        "weightedAverageShsOutDil": 10393500,
        "link": "https://www.sec.gov/Archives/edgar/data/798359/000079835912000015/0000798359-12-000015-index.htm",
        "finalLink": "https://www.sec.gov/Archives/edgar/data/798359/000079835912000015/iretform10q-01312012.htm"
    },
    {
        "date": "2011-10-31",
        "symbol": "CSR",
        "reportedCurrency": "USD",
        "cik": "0000798359",
        "fillingDate": "2011-12-12",
        "acceptedDate": "2011-12-12 16:30:46",
        "calendarYear": "2011",
        "period": "Q3",
        "revenue": 60688000,
        "costOfRevenue": 17330000,
        "grossProfit": 43358000,
        "grossProfitRatio": 0.7144410757,
        "researchAndDevelopmentExpenses": 0,
        "generalAndAdministrativeExpenses": 2889000,
        "sellingAndMarketingExpenses": 0,
        "sellingGeneralAndAdministrativeExpenses": 2889000,
        "otherExpenses": 22629000,
        "operatingExpenses": 25518000,
        "costAndExpenses": 42848000,
        "interestIncome": 37000,
        "interestExpense": 16317000,
        "depreciationAndAmortization": 15361000,
        "ebitda": 32221000,
        "ebitdaratio": 0.5309286844,
        "operatingIncome": 17005000,
        "operatingIncomeRatio": 0.2802036646,
        "totalOtherIncomeExpensesNet": -16104000,
        "incomeBeforeTax": 901000,
        "incomeBeforeTaxRatio": 0.0148464276,
        "incomeTaxExpense": 275000,
        "netIncome": 1285000,
        "netIncomeRatio": 0.0211738729,
        "eps": 0.1,
        "epsdiluted": 0.1,
        "weightedAverageShsOut": 8207800,
        "weightedAverageShsOutDil": 10166900,
        "link": "https://www.sec.gov/Archives/edgar/data/798359/000079835911000072/0000798359-11-000072-index.htm",
        "finalLink": "https://www.sec.gov/Archives/edgar/data/798359/000079835911000072/iretform10q2ndqrt-10312011.htm"
    },
    {
        "date": "2011-07-31",
        "symbol": "CSR",
        "reportedCurrency": "USD",
        "cik": "0000798359",
        "fillingDate": "2011-09-09",
        "acceptedDate": "2011-09-09 16:30:46",
        "calendarYear": "2011",
        "period": "Q2",
        "revenue": 59628000,
        "costOfRevenue": 16207000,
        "grossProfit": 43421000,
        "grossProfitRatio": 0.7281981619,
        "researchAndDevelopmentExpenses": 0,
        "generalAndAdministrativeExpenses": 3058000,
        "sellingAndMarketingExpenses": 0,
        "sellingGeneralAndAdministrativeExpenses": 3058000,
        "otherExpenses": 22703000,
        "operatingExpenses": 25761000,
        "costAndExpenses": 41968000,
        "interestIncome": 53000,
        "interestExpense": 15925000,
        "depreciationAndAmortization": 15301000,
        "ebitda": 32630000,
        "ebitdaratio": 0.5472261354,
        "operatingIncome": 17345000,
        "operatingIncomeRatio": 0.2908868317,
        "totalOtherIncomeExpensesNet": -15772000,
        "incomeBeforeTax": 1573000,
        "incomeBeforeTaxRatio": 0.0263802241,
        "incomeTaxExpense": 367000,
        "netIncome": 1421000,
        "netIncomeRatio": 0.0238310861,
        "eps": 0.1,
        "epsdiluted": 0.1,
        "weightedAverageShsOut": 8085400,
        "weightedAverageShsOutDil": 10084400,
        "link": "https://www.sec.gov/Archives/edgar/data/798359/000079835911000050/0000798359-11-000050-index.htm",
        "finalLink": "https://www.sec.gov/Archives/edgar/data/798359/000079835911000050/iretform10q1st-09092011.htm"
    },
    {
        "date": "2011-04-30",
        "symbol": "CSR",
        "reportedCurrency": "USD",
        "cik": "0000798359",
        "fillingDate": "2011-07-14",
        "acceptedDate": "2011-07-14 16:30:39",
        "calendarYear": "2011",
        "period": "Q1",
        "revenue": 59124000,
        "costOfRevenue": 18047000,
        "grossProfit": 41077000,
        "grossProfitRatio": 0.6947601651,
        "researchAndDevelopmentExpenses": 0,
        "generalAndAdministrativeExpenses": 2000000,
        "sellingAndMarketingExpenses": 123000,
        "sellingGeneralAndAdministrativeExpenses": 2123000,
        "otherExpenses": 23148000,
        "operatingExpenses": 25271000,
        "costAndExpenses": 43318000,
        "interestIncome": 65000,
        "interestExpense": 15626000,
        "depreciationAndAmortization": 15393000,
        "ebitda": 31134000,
        "ebitdaratio": 0.5265881875,
        "operatingIncome": 15741000,
        "operatingIncomeRatio": 0.2662370611,
        "totalOtherIncomeExpensesNet": -15806000,
        "incomeBeforeTax": 15806000,
        "incomeBeforeTaxRatio": 0.2673364454,
        "incomeTaxExpense": -329000,
        "netIncome": 444000,
        "netIncomeRatio": 0.0075096408,
        "eps": 2.03,
        "epsdiluted": 2.03,
        "weightedAverageShsOut": 7939800,
        "weightedAverageShsOutDil": 7939800,
        "link": "https://www.sec.gov/Archives/edgar/data/798359/000079835911000034/0000798359-11-000034-index.htm",
        "finalLink": "https://www.sec.gov/Archives/edgar/data/798359/000079835911000034/iretform10k-04302011.htm"
    },
    {
        "date": "2011-01-31",
        "symbol": "CSR",
        "reportedCurrency": "USD",
        "cik": "0000798359",
        "fillingDate": "2011-03-14",
        "acceptedDate": "2011-03-14 16:30:43",
        "calendarYear": "2010",
        "period": "Q4",
        "revenue": 60203000,
        "costOfRevenue": 18611000,
        "grossProfit": 41592000,
        "grossProfitRatio": 0.6908625816,
        "researchAndDevelopmentExpenses": 0,
        "generalAndAdministrativeExpenses": 2362000,
        "sellingAndMarketingExpenses": 134000,
        "sellingGeneralAndAdministrativeExpenses": 2496000,
        "otherExpenses": 22812000,
        "operatingExpenses": 25308000,
        "costAndExpenses": 43919000,
        "interestIncome": 75000,
        "interestExpense": 15888000,
        "depreciationAndAmortization": 14785000,
        "ebitda": 31037000,
        "ebitdaratio": 0.5155390927,
        "operatingIncome": 16252000,
        "operatingIncomeRatio": 0.2699533246,
        "totalOtherIncomeExpensesNet": -16241000,
        "incomeBeforeTax": 16284000,
        "incomeBeforeTaxRatio": 0.2704848596,
        "incomeTaxExpense": -11469000,
        "netIncome": 11833000,
        "netIncomeRatio": 0.1965516669,
        "eps": 1.4,
        "epsdiluted": 1.4,
        "weightedAverageShsOut": 7939800,
        "weightedAverageShsOutDil": 9935500,
        "link": "https://www.sec.gov/Archives/edgar/data/798359/000079835911000005/0000798359-11-000005-index.htm",
        "finalLink": "https://www.sec.gov/Archives/edgar/data/798359/000079835911000005/iretform10q-03142011.htm"
    },
    {
        "date": "2010-10-31",
        "symbol": "CSR",
        "reportedCurrency": "USD",
        "cik": "0000798359",
        "fillingDate": "2010-12-10",
        "acceptedDate": "2010-12-10 16:30:36",
        "calendarYear": "2010",
        "period": "Q3",
        "revenue": 60537000,
        "costOfRevenue": 16622000,
        "grossProfit": 43915000,
        "grossProfitRatio": 0.7254241208,
        "researchAndDevelopmentExpenses": 0,
        "generalAndAdministrativeExpenses": 2376000,
        "sellingAndMarketingExpenses": 136000,
        "sellingGeneralAndAdministrativeExpenses": 2512000,
        "otherExpenses": 22839000,
        "operatingExpenses": 25351000,
        "costAndExpenses": 41973000,
        "interestIncome": 65000,
        "interestExpense": 16880000,
        "depreciationAndAmortization": 15632000,
        "ebitda": 33650000,
        "ebitdaratio": 0.5558584006,
        "operatingIncome": 18629000,
        "operatingIncomeRatio": 0.3077291574,
        "totalOtherIncomeExpensesNet": -16249000,
        "incomeBeforeTax": 1851000,
        "incomeBeforeTaxRatio": 0.0305763417,
        "incomeTaxExpense": -19000,
        "netIncome": 5819000,
        "netIncomeRatio": 0.0961230322,
        "eps": 0.7,
        "epsdiluted": 0.7,
        "weightedAverageShsOut": 7864700,
        "weightedAverageShsOutDil": 9873700,
        "link": "https://www.sec.gov/Archives/edgar/data/798359/000079835910000062/0000798359-10-000062-index.htm",
        "finalLink": "https://www.sec.gov/Archives/edgar/data/798359/000079835910000062/iretform10q-12102010.htm"
    },
    {
        "date": "2010-07-31",
        "symbol": "CSR",
        "reportedCurrency": "USD",
        "cik": "0000798359",
        "fillingDate": "2010-09-09",
        "acceptedDate": "2010-09-09 16:30:17",
        "calendarYear": "2010",
        "period": "Q2",
        "revenue": 62021000,
        "costOfRevenue": 16937000,
        "grossProfit": 45084000,
        "grossProfitRatio": 0.7269150772,
        "researchAndDevelopmentExpenses": 0,
        "generalAndAdministrativeExpenses": 2262000,
        "sellingAndMarketingExpenses": 212000,
        "sellingGeneralAndAdministrativeExpenses": 2474000,
        "otherExpenses": 23638000,
        "operatingExpenses": 26112000,
        "costAndExpenses": 43049000,
        "interestIncome": 58000,
        "interestExpense": 16762000,
        "depreciationAndAmortization": 15534000,
        "ebitda": 33646000,
        "ebitdaratio": 0.5424936715,
        "operatingIncome": 19030000,
        "operatingIncomeRatio": 0.3068315571,
        "totalOtherIncomeExpensesNet": -16989000,
        "incomeBeforeTax": 2351000,
        "incomeBeforeTaxRatio": 0.0379065155,
        "incomeTaxExpense": 19000,
        "netIncome": 1986000,
        "netIncomeRatio": 0.0320214121,
        "eps": 0.2,
        "epsdiluted": 0.2,
        "weightedAverageShsOut": 7638400,
        "weightedAverageShsOutDil": 9677700,
        "link": "https://www.sec.gov/Archives/edgar/data/798359/000079835910000038/0000798359-10-000038-index.htm",
        "finalLink": "https://www.sec.gov/Archives/edgar/data/798359/000079835910000038/irertform10q1srqrt-09092010.htm"
    },
    {
        "date": "2010-04-30",
        "symbol": "CSR",
        "reportedCurrency": "USD",
        "cik": "0000798359",
        "fillingDate": "2010-07-14",
        "acceptedDate": "2010-07-14 16:32:15",
        "calendarYear": "2010",
        "period": "Q1",
        "revenue": 62228000,
        "costOfRevenue": 17870000,
        "grossProfit": 44358000,
        "grossProfitRatio": 0.7128302372,
        "researchAndDevelopmentExpenses": 0,
        "generalAndAdministrativeExpenses": 2307000,
        "sellingAndMarketingExpenses": 131000,
        "sellingGeneralAndAdministrativeExpenses": 2438000,
        "otherExpenses": 23872000,
        "operatingExpenses": 26310000,
        "costAndExpenses": 44180000,
        "interestIncome": 278000,
        "interestExpense": 17058000,
        "depreciationAndAmortization": 15430000,
        "ebitda": 31702000,
        "ebitdaratio": 0.5094491226,
        "operatingIncome": 16272000,
        "operatingIncomeRatio": 0.2614900045,
        "totalOtherIncomeExpensesNet": -18048000,
        "incomeBeforeTax": 18048000,
        "incomeBeforeTaxRatio": 0.2900302115,
        "incomeTaxExpense": -2033000,
        "netIncome": 1247000,
        "netIncomeRatio": 0.0200392106,
        "eps": 2.73,
        "epsdiluted": 2.73,
        "weightedAverageShsOut": 7360700,
        "weightedAverageShsOutDil": 7360700,
        "link": "https://www.sec.gov/Archives/edgar/data/798359/000079835910000026/0000798359-10-000026-index.htm",
        "finalLink": "https://www.sec.gov/Archives/edgar/data/798359/000079835910000026/iretform10k-07142010.htm"
    },
    {
        "date": "2010-01-31",
        "symbol": "CSR",
        "reportedCurrency": "USD",
        "cik": "0000798359",
        "fillingDate": "2010-03-12",
        "acceptedDate": "2010-03-12 16:30:46",
        "calendarYear": "2009",
        "period": "Q4",
        "revenue": 60130000,
        "costOfRevenue": 17159000,
        "grossProfit": 42971000,
        "grossProfitRatio": 0.7146349576,
        "researchAndDevelopmentExpenses": 0,
        "generalAndAdministrativeExpenses": 2665000,
        "sellingAndMarketingExpenses": 107000,
        "sellingGeneralAndAdministrativeExpenses": 2772000,
        "otherExpenses": 23482000,
        "operatingExpenses": 26254000,
        "costAndExpenses": 43413000,
        "interestIncome": 140000,
        "interestExpense": 17447000,
        "depreciationAndAmortization": 15419000,
        "ebitda": 32842000,
        "ebitdaratio": 0.5461832696,
        "operatingIncome": 17423000,
        "operatingIncomeRatio": 0.2897555297,
        "totalOtherIncomeExpensesNet": -15374000,
        "incomeBeforeTax": 16717000,
        "incomeBeforeTaxRatio": 0.2780143023,
        "incomeTaxExpense": -476000,
        "netIncome": 452000,
        "netIncomeRatio": 0.0075170464,
        "eps": 2.34,
        "epsdiluted": 1.82,
        "weightedAverageShsOut": 7360700,
        "weightedAverageShsOutDil": 9451600,
        "link": "https://www.sec.gov/Archives/edgar/data/798359/000079835910000003/0000798359-10-000003-index.htm",
        "finalLink": "https://www.sec.gov/Archives/edgar/data/798359/000079835910000003/iretform10q-03122010.htm"
    },
    {
        "date": "2009-10-31",
        "symbol": "CSR",
        "reportedCurrency": "USD",
        "cik": "0000798359",
        "fillingDate": "2009-12-10",
        "acceptedDate": "2009-12-10 16:30:48",
        "calendarYear": "2009",
        "period": "Q3",
        "revenue": 59596000,
        "costOfRevenue": 15606000,
        "grossProfit": 43990000,
        "grossProfitRatio": 0.7381367877,
        "researchAndDevelopmentExpenses": 0,
        "generalAndAdministrativeExpenses": 2320000,
        "sellingAndMarketingExpenses": 133000,
        "sellingGeneralAndAdministrativeExpenses": 2453000,
        "otherExpenses": 23403000,
        "operatingExpenses": 25856000,
        "costAndExpenses": 41462000,
        "interestIncome": 62000,
        "interestExpense": 17200000,
        "depreciationAndAmortization": 15335000,
        "ebitda": 32490000,
        "ebitdaratio": 0.5451708168,
        "operatingIncome": 18930000,
        "operatingIncomeRatio": 0.3176387677,
        "totalOtherIncomeExpensesNet": -17317000,
        "incomeBeforeTax": 18134000,
        "incomeBeforeTaxRatio": 0.3042821666,
        "incomeTaxExpense": 1445000,
        "netIncome": 285000,
        "netIncomeRatio": 0.0047822001,
        "eps": 2.52,
        "epsdiluted": 1.91,
        "weightedAverageShsOut": 6616000,
        "weightedAverageShsOutDil": 8716200,
        "link": "https://www.sec.gov/Archives/edgar/data/798359/000079835909000075/0000798359-09-000075-index.htm",
        "finalLink": "https://www.sec.gov/Archives/edgar/data/798359/000079835909000075/iretform10q-12102009.htm"
    },
    {
        "date": "2009-07-31",
        "symbol": "CSR",
        "reportedCurrency": "USD",
        "cik": "0000798359",
        "fillingDate": "2009-09-09",
        "acceptedDate": "2009-09-09 16:08:05",
        "calendarYear": "2009",
        "period": "Q2",
        "revenue": 60821000,
        "costOfRevenue": 15472000,
        "grossProfit": 45349000,
        "grossProfitRatio": 0.7456141793,
        "researchAndDevelopmentExpenses": 0,
        "generalAndAdministrativeExpenses": 2329000,
        "sellingAndMarketingExpenses": 131000,
        "sellingGeneralAndAdministrativeExpenses": 2460000,
        "otherExpenses": 23048000,
        "operatingExpenses": 25508000,
        "costAndExpenses": 40980000,
        "interestIncome": 66000,
        "interestExpense": 17401000,
        "depreciationAndAmortization": 15000000,
        "ebitda": 34970000,
        "ebitdaratio": 0.5749658835,
        "operatingIncome": 2440000,
        "operatingIncomeRatio": 0.0401177225,
        "totalOtherIncomeExpensesNet": 129000,
        "incomeBeforeTax": 19841000,
        "incomeBeforeTaxRatio": 0.3262195623,
        "incomeTaxExpense": 360000,
        "netIncome": 2017000,
        "netIncomeRatio": 0.0331628878,
        "eps": 0.2,
        "epsdiluted": 0.2,
        "weightedAverageShsOut": 6238600,
        "weightedAverageShsOutDil": 8322300,
        "link": "https://www.sec.gov/Archives/edgar/data/798359/000079835909000050/0000798359-09-000050-index.htm",
        "finalLink": "https://www.sec.gov/Archives/edgar/data/798359/000079835909000050/iretform10-q09092009.htm"
    },
    {
        "date": "2009-04-30",
        "symbol": "CSR",
        "reportedCurrency": "USD",
        "cik": "0000798359",
        "fillingDate": "2009-04-30",
        "acceptedDate": "2009-04-30 00:00:00",
        "calendarYear": "2009",
        "period": "Q1",
        "revenue": 60652000,
        "costOfRevenue": 15645000,
        "grossProfit": 45007000,
        "grossProfitRatio": 0.7420530238,
        "researchAndDevelopmentExpenses": 0,
        "generalAndAdministrativeExpenses": 1674000,
        "sellingAndMarketingExpenses": 115000,
        "sellingGeneralAndAdministrativeExpenses": 1789000,
        "otherExpenses": 22758000,
        "operatingExpenses": 24547000,
        "costAndExpenses": 40192000,
        "interestIncome": 52000,
        "interestExpense": 17436000,
        "depreciationAndAmortization": 14773000,
        "ebitda": 35233000,
        "ebitdaratio": 0.5809041746,
        "operatingIncome": 2686000,
        "operatingIncomeRatio": 0.0442854316,
        "totalOtherIncomeExpensesNet": -156000,
        "incomeBeforeTax": 20460000,
        "incomeBeforeTaxRatio": 0.3373343006,
        "incomeTaxExpense": 913000,
        "netIncome": 2267000,
        "netIncomeRatio": 0.0373771681,
        "eps": 3.32,
        "epsdiluted": 3.32,
        "weightedAverageShsOut": 5883200,
        "weightedAverageShsOutDil": 5883200,
        "link": null,
        "finalLink": null
    },
    {
        "date": "2009-01-31",
        "symbol": "CSR",
        "reportedCurrency": "USD",
        "cik": "0000798359",
        "fillingDate": "2009-03-12",
        "acceptedDate": "2009-03-12 09:00:48",
        "calendarYear": "2008",
        "period": "Q4",
        "revenue": 60934000,
        "costOfRevenue": 17616000,
        "grossProfit": 43318000,
        "grossProfitRatio": 0.7109003184,
        "researchAndDevelopmentExpenses": 0,
        "generalAndAdministrativeExpenses": 1947000,
        "sellingAndMarketingExpenses": 123000,
        "sellingGeneralAndAdministrativeExpenses": 2070000,
        "otherExpenses": 22412000,
        "operatingExpenses": 24482000,
        "costAndExpenses": 42098000,
        "interestIncome": 123000,
        "interestExpense": 17341000,
        "depreciationAndAmortization": 14824000,
        "ebitda": 33660000,
        "ebitdaratio": 0.5524009584,
        "operatingIncome": 1495000,
        "operatingIncomeRatio": 0.0245347425,
        "totalOtherIncomeExpensesNet": -117000,
        "incomeBeforeTax": 18836000,
        "incomeBeforeTaxRatio": 0.3091213444,
        "incomeTaxExpense": 88000,
        "netIncome": 1378000,
        "netIncomeRatio": 0.0226146322,
        "eps": 0.2,
        "epsdiluted": 0.2,
        "weightedAverageShsOut": 5883200,
        "weightedAverageShsOutDil": 8003800,
        "link": "https://www.sec.gov/Archives/edgar/data/798359/000079835909000005/0000798359-09-000005-index.htm",
        "finalLink": "https://www.sec.gov/Archives/edgar/data/798359/000079835909000005/iret10q3rdqrt01312009.htm"
    },
    {
        "date": "2008-10-31",
        "symbol": "CSR",
        "reportedCurrency": "USD",
        "cik": "0000798359",
        "fillingDate": "2008-12-10",
        "acceptedDate": "2008-12-10 15:22:31",
        "calendarYear": "2008",
        "period": "Q3",
        "revenue": 59573000,
        "costOfRevenue": 15712000,
        "grossProfit": 43861000,
        "grossProfitRatio": 0.7362563577,
        "researchAndDevelopmentExpenses": 0,
        "generalAndAdministrativeExpenses": 1879000,
        "sellingAndMarketingExpenses": 114000,
        "sellingGeneralAndAdministrativeExpenses": 1993000,
        "otherExpenses": 21928000,
        "operatingExpenses": 23921000,
        "costAndExpenses": 39633000,
        "interestIncome": 210000,
        "interestExpense": 17078000,
        "depreciationAndAmortization": 14226000,
        "ebitda": 34715000,
        "ebitdaratio": 0.5827304316,
        "operatingIncome": 20489000,
        "operatingIncomeRatio": 0.3439309754,
        "totalOtherIncomeExpensesNet": -17417000,
        "incomeBeforeTax": 19940000,
        "incomeBeforeTaxRatio": 0.3347153912,
        "incomeTaxExpense": 888000,
        "netIncome": 2523000,
        "netIncomeRatio": 0.0423514008,
        "eps": 0.3,
        "epsdiluted": 0.3,
        "weightedAverageShsOut": 5837400,
        "weightedAverageShsOutDil": 7966800,
        "link": "https://www.sec.gov/Archives/edgar/data/798359/000079835908000066/0000798359-08-000066-index.htm",
        "finalLink": "https://www.sec.gov/Archives/edgar/data/798359/000079835908000066/iret2ndqtr10312008.htm"
    },
    {
        "date": "2008-07-31",
        "symbol": "CSR",
        "reportedCurrency": "USD",
        "cik": "0000798359",
        "fillingDate": "2008-09-09",
        "acceptedDate": "2008-09-09 11:59:49",
        "calendarYear": "2008",
        "period": "Q2",
        "revenue": 58846000,
        "costOfRevenue": 15684000,
        "grossProfit": 43162000,
        "grossProfitRatio": 0.733473813,
        "researchAndDevelopmentExpenses": 0,
        "generalAndAdministrativeExpenses": 1981000,
        "sellingAndMarketingExpenses": 100000,
        "sellingGeneralAndAdministrativeExpenses": 2081000,
        "otherExpenses": 21499000,
        "operatingExpenses": 23580000,
        "costAndExpenses": 39264000,
        "interestIncome": 223000,
        "interestExpense": 16888000,
        "depreciationAndAmortization": 14009000,
        "ebitda": 33591000,
        "ebitdaratio": 0.5708289433,
        "operatingIncome": 20141000,
        "operatingIncomeRatio": 0.3422662543,
        "totalOtherIncomeExpensesNet": -17783000,
        "incomeBeforeTax": 19582000,
        "incomeBeforeTaxRatio": 0.3327668831,
        "incomeTaxExpense": 895000,
        "netIncome": 2358000,
        "netIncomeRatio": 0.040070693,
        "eps": 0.3,
        "epsdiluted": 0.3,
        "weightedAverageShsOut": 5791600,
        "weightedAverageShsOutDil": 7921400,
        "link": "https://www.sec.gov/Archives/edgar/data/798359/000079835908000049/0000798359-08-000049-index.htm",
        "finalLink": "https://www.sec.gov/Archives/edgar/data/798359/000079835908000049/iret1qt10-q09092008.htm"
    },
    {
        "date": "2008-04-30",
        "symbol": "CSR",
        "reportedCurrency": "USD",
        "cik": "0000798359",
        "fillingDate": "2008-04-30",
        "acceptedDate": "2008-04-30 00:00:00",
        "calendarYear": "2008",
        "period": "Q1",
        "revenue": 58782000,
        "costOfRevenue": 0,
        "grossProfit": 58782000,
        "grossProfitRatio": 1,
        "researchAndDevelopmentExpenses": 0,
        "generalAndAdministrativeExpenses": 3912000,
        "sellingAndMarketingExpenses": 458000,
        "sellingGeneralAndAdministrativeExpenses": 4370000,
        "otherExpenses": -22581000,
        "operatingExpenses": -18211000,
        "costAndExpenses": 39437000,
        "interestIncome": 0,
        "interestExpense": 0,
        "depreciationAndAmortization": 14267000,
        "ebitda": 33612000,
        "ebitdaratio": 0.5718076962,
        "operatingIncome": 5635000,
        "operatingIncomeRatio": 0.0958626791,
        "totalOtherIncomeExpensesNet": -401000,
        "incomeBeforeTax": 19345000,
        "incomeBeforeTaxRatio": 0.3290973427,
        "incomeTaxExpense": 16458000,
        "netIncome": 3288000,
        "netIncomeRatio": 0.0559354905,
        "eps": 0.55,
        "epsdiluted": 0.55,
        "weightedAverageShsOut": 5859800,
        "weightedAverageShsOutDil": 5975000,
        "link": null,
        "finalLink": null
    },
    {
        "date": "2008-01-31",
        "symbol": "CSR",
        "reportedCurrency": "USD",
        "cik": "0000798359",
        "fillingDate": "2008-03-11",
        "acceptedDate": "2008-03-11 15:46:17",
        "calendarYear": "2007",
        "period": "Q4",
        "revenue": 54472000,
        "costOfRevenue": 7448000,
        "grossProfit": 47024000,
        "grossProfitRatio": 0.8632692025,
        "researchAndDevelopmentExpenses": 0,
        "generalAndAdministrativeExpenses": 1234000,
        "sellingAndMarketingExpenses": 0,
        "sellingGeneralAndAdministrativeExpenses": 1234000,
        "otherExpenses": 34571000,
        "operatingExpenses": 35805000,
        "costAndExpenses": 35805000,
        "interestIncome": 953000,
        "interestExpense": 15840000,
        "depreciationAndAmortization": 12724000,
        "ebitda": 31382000,
        "ebitdaratio": 0.5761124982,
        "operatingIncome": 2827000,
        "operatingIncomeRatio": 0.0518982229,
        "totalOtherIncomeExpensesNet": 165000,
        "incomeBeforeTax": 18667000,
        "incomeBeforeTaxRatio": 0.3426898223,
        "incomeTaxExpense": 15614000,
        "netIncome": 2983000,
        "netIncomeRatio": 0.0547620796,
        "eps": 0.4,
        "epsdiluted": 0.4,
        "weightedAverageShsOut": 5530400,
        "weightedAverageShsOutDil": 7575500,
        "link": "https://www.sec.gov/Archives/edgar/data/798359/000079835908000026/0000798359-08-000026-index.htm",
        "finalLink": "https://www.sec.gov/Archives/edgar/data/798359/000079835908000026/iret3rdqrt01312008.htm"
    },
    {
        "date": "2007-10-31",
        "symbol": "CSR",
        "reportedCurrency": "USD",
        "cik": "0000798359",
        "fillingDate": "2007-12-10",
        "acceptedDate": "2007-12-10 14:45:26",
        "calendarYear": "2007",
        "period": "Q3",
        "revenue": 54274000,
        "costOfRevenue": 7268000,
        "grossProfit": 47006000,
        "grossProfitRatio": 0.8660868924,
        "researchAndDevelopmentExpenses": 0,
        "generalAndAdministrativeExpenses": 1101000,
        "sellingAndMarketingExpenses": 0,
        "sellingGeneralAndAdministrativeExpenses": 1101000,
        "otherExpenses": 34225000,
        "operatingExpenses": 35326000,
        "costAndExpenses": 35326000,
        "interestIncome": 339000,
        "interestExpense": 15687000,
        "depreciationAndAmortization": 12672000,
        "ebitda": 31602000,
        "ebitdaratio": 0.5822677525,
        "operatingIncome": 3261000,
        "operatingIncomeRatio": 0.0600840181,
        "totalOtherIncomeExpensesNet": -425000,
        "incomeBeforeTax": 18948000,
        "incomeBeforeTaxRatio": 0.3491174411,
        "incomeTaxExpense": 16020000,
        "netIncome": 2836000,
        "netIncomeRatio": 0.052253381,
        "eps": 0.4,
        "epsdiluted": 0.4,
        "weightedAverageShsOut": 4967500,
        "weightedAverageShsOutDil": 7015800,
        "link": "https://www.sec.gov/Archives/edgar/data/798359/000079835907000053/0000798359-07-000053-index.htm",
        "finalLink": "https://www.sec.gov/Archives/edgar/data/798359/000079835907000053/iret2ndqrt10312007.htm"
    },
    {
        "date": "2007-07-31",
        "symbol": "CSR",
        "reportedCurrency": "USD",
        "cik": "0000798359",
        "fillingDate": "2007-09-10",
        "acceptedDate": "2007-09-10 12:15:08",
        "calendarYear": "2007",
        "period": "Q2",
        "revenue": 53642000,
        "costOfRevenue": 7035000,
        "grossProfit": 46607000,
        "grossProfitRatio": 0.8688527646,
        "researchAndDevelopmentExpenses": 0,
        "generalAndAdministrativeExpenses": 1122000,
        "sellingAndMarketingExpenses": 0,
        "sellingGeneralAndAdministrativeExpenses": 1122000,
        "otherExpenses": 33780000,
        "operatingExpenses": 34902000,
        "costAndExpenses": 34902000,
        "interestIncome": 354000,
        "interestExpense": 15442000,
        "depreciationAndAmortization": 12760000,
        "ebitda": 31478000,
        "ebitdaratio": 0.5868163007,
        "operatingIncome": 3298000,
        "operatingIncomeRatio": 0.0614816748,
        "totalOtherIncomeExpensesNet": -317000,
        "incomeBeforeTax": 18740000,
        "incomeBeforeTaxRatio": 0.3493531188,
        "incomeTaxExpense": 15478000,
        "netIncome": 2981000,
        "netIncomeRatio": 0.0555721263,
        "eps": 0.5,
        "epsdiluted": 0.5,
        "weightedAverageShsOut": 4866300,
        "weightedAverageShsOutDil": 6894700,
        "link": "https://www.sec.gov/Archives/edgar/data/798359/000079835907000042/0000798359-07-000042-index.htm",
        "finalLink": "https://www.sec.gov/Archives/edgar/data/798359/000079835907000042/iret1stqrt07312007.htm"
    },
    {
        "date": "2007-04-30",
        "symbol": "CSR",
        "reportedCurrency": "USD",
        "cik": "0000798359",
        "fillingDate": "2007-07-16",
        "acceptedDate": "2007-07-16 14:08:35",
        "calendarYear": "2007",
        "period": "Q1",
        "revenue": 52945000,
        "costOfRevenue": 0,
        "grossProfit": 52945000,
        "grossProfitRatio": 1,
        "researchAndDevelopmentExpenses": 0,
        "generalAndAdministrativeExpenses": 1096000,
        "sellingAndMarketingExpenses": 0,
        "sellingGeneralAndAdministrativeExpenses": 1096000,
        "otherExpenses": 92240000,
        "operatingExpenses": 93336000,
        "costAndExpenses": 93336000,
        "interestIncome": 0,
        "interestExpense": 0,
        "depreciationAndAmortization": 12406000,
        "ebitda": -27985000,
        "ebitdaratio": -0.5285673812,
        "operatingIncome": 3076000,
        "operatingIncomeRatio": 0.0580980263,
        "totalOtherIncomeExpensesNet": -1099000,
        "incomeBeforeTax": 1977000,
        "incomeBeforeTaxRatio": 0.0373406365,
        "incomeTaxExpense": -43327000,
        "netIncome": 4035000,
        "netIncomeRatio": 0.0762111625,
        "eps": 9.5,
        "epsdiluted": 9.5,
        "weightedAverageShsOut": 4768333,
        "weightedAverageShsOutDil": 4768333,
        "link": "https://www.sec.gov/Archives/edgar/data/798359/000079835907000036/0000798359-07-000036-index.htm",
        "finalLink": "https://www.sec.gov/Archives/edgar/data/798359/000079835907000036/iret10k07162007.htm"
    },
    {
        "date": "2007-01-31",
        "symbol": "CSR",
        "reportedCurrency": "USD",
        "cik": "0000798359",
        "fillingDate": "2007-03-12",
        "acceptedDate": "2007-03-12 13:01:33",
        "calendarYear": "2006",
        "period": "Q4",
        "revenue": 51372000,
        "costOfRevenue": 6754000,
        "grossProfit": 44618000,
        "grossProfitRatio": 0.8685276026,
        "researchAndDevelopmentExpenses": 0,
        "generalAndAdministrativeExpenses": 1169000,
        "sellingAndMarketingExpenses": 0,
        "sellingGeneralAndAdministrativeExpenses": 1169000,
        "otherExpenses": 31580000,
        "operatingExpenses": 32749000,
        "costAndExpenses": 32749000,
        "interestIncome": 4348000,
        "interestExpense": 0,
        "depreciationAndAmortization": 12231000,
        "ebitda": 30734000,
        "ebitdaratio": 0.5982636456,
        "operatingIncome": 3340000,
        "operatingIncomeRatio": 0.065015962,
        "totalOtherIncomeExpensesNet": 171000,
        "incomeBeforeTax": 18623000,
        "incomeBeforeTaxRatio": 0.3625126528,
        "incomeTaxExpense": 14161000,
        "netIncome": 3454000,
        "netIncomeRatio": 0.0672350697,
        "eps": 0.6,
        "epsdiluted": 0.6,
        "weightedAverageShsOut": 4768333,
        "weightedAverageShsOutDil": 4768333,
        "link": "https://www.sec.gov/Archives/edgar/data/798359/000079835907000013/0000798359-07-000013-index.htm",
        "finalLink": "https://www.sec.gov/Archives/edgar/data/798359/000079835907000013/iret3rdqrt20070131.htm"
    },
    {
        "date": "2006-10-31",
        "symbol": "CSR",
        "reportedCurrency": "USD",
        "cik": "0000798359",
        "fillingDate": "2006-12-11",
        "acceptedDate": "2006-12-11 15:16:56",
        "calendarYear": "2006",
        "period": "Q3",
        "revenue": 48962000,
        "costOfRevenue": 6300000,
        "grossProfit": 42662000,
        "grossProfitRatio": 0.8713287856,
        "researchAndDevelopmentExpenses": 0,
        "generalAndAdministrativeExpenses": 990000,
        "sellingAndMarketingExpenses": 0,
        "sellingGeneralAndAdministrativeExpenses": 990000,
        "otherExpenses": 30614000,
        "operatingExpenses": 31604000,
        "costAndExpenses": 31604000,
        "interestIncome": 2795000,
        "interestExpense": 0,
        "depreciationAndAmortization": 11615000,
        "ebitda": 28841000,
        "ebitdaratio": 0.58904865,
        "operatingIncome": 2111000,
        "operatingIncomeRatio": 0.0431150688,
        "totalOtherIncomeExpensesNet": 1257000,
        "incomeBeforeTax": 17358000,
        "incomeBeforeTaxRatio": 0.3545198317,
        "incomeTaxExpense": 13356000,
        "netIncome": 3508000,
        "netIncomeRatio": 0.0716474,
        "eps": 0.6,
        "epsdiluted": 0.6,
        "weightedAverageShsOut": 4858333,
        "weightedAverageShsOutDil": 4858333,
        "link": "https://www.sec.gov/Archives/edgar/data/798359/000079835906000051/0000798359-06-000051-index.htm",
        "finalLink": "https://www.sec.gov/Archives/edgar/data/798359/000079835906000051/iret2ndqrt20061031.htm"
    },
    {
        "date": "2006-07-31",
        "symbol": "CSR",
        "reportedCurrency": "USD",
        "cik": "0000798359",
        "fillingDate": "2006-09-11",
        "acceptedDate": "2006-09-11 10:35:37",
        "calendarYear": "2006",
        "period": "Q2",
        "revenue": 44785000,
        "costOfRevenue": 6212000,
        "grossProfit": 38573000,
        "grossProfitRatio": 0.8612928436,
        "researchAndDevelopmentExpenses": 0,
        "generalAndAdministrativeExpenses": 908000,
        "sellingAndMarketingExpenses": 0,
        "sellingGeneralAndAdministrativeExpenses": 908000,
        "otherExpenses": 27811000,
        "operatingExpenses": 28719000,
        "costAndExpenses": 28719000,
        "interestIncome": 2938000,
        "interestExpense": 0,
        "depreciationAndAmortization": 10443000,
        "ebitda": 26393000,
        "ebitdaratio": 0.5893267835,
        "operatingIncome": 2659000,
        "operatingIncomeRatio": 0.0593725578,
        "totalOtherIncomeExpensesNet": 94000,
        "incomeBeforeTax": 16066000,
        "incomeBeforeTaxRatio": 0.358736184,
        "incomeTaxExpense": 13004000,
        "netIncome": 3113000,
        "netIncomeRatio": 0.0695098805,
        "eps": 0.5,
        "epsdiluted": 0.5,
        "weightedAverageShsOut": 5040000,
        "weightedAverageShsOutDil": 5040000,
        "link": "https://www.sec.gov/Archives/edgar/data/798359/000079835906000026/0000798359-06-000026-index.htm",
        "finalLink": "https://www.sec.gov/Archives/edgar/data/798359/000079835906000026/iret1stqrt20060731.htm"
    },
    {
        "date": "2006-04-30",
        "symbol": "CSR",
        "reportedCurrency": "USD",
        "cik": "0000798359",
        "fillingDate": "2006-07-14",
        "acceptedDate": "2006-07-14 09:46:24",
        "calendarYear": "2006",
        "period": "Q1",
        "revenue": 43950000,
        "costOfRevenue": 0,
        "grossProfit": 43950000,
        "grossProfitRatio": 1,
        "researchAndDevelopmentExpenses": 0,
        "generalAndAdministrativeExpenses": 887000,
        "sellingAndMarketingExpenses": 0,
        "sellingGeneralAndAdministrativeExpenses": 887000,
        "otherExpenses": 2311000,
        "operatingExpenses": 3198000,
        "costAndExpenses": 3198000,
        "interestIncome": 0,
        "interestExpense": 0,
        "depreciationAndAmortization": 10053000,
        "ebitda": 50805000,
        "ebitdaratio": 1.1559726962,
        "operatingIncome": 2391000,
        "operatingIncomeRatio": 0.0544027304,
        "totalOtherIncomeExpensesNet": -25000,
        "incomeBeforeTax": 40752000,
        "incomeBeforeTaxRatio": 0.9272354949,
        "incomeTaxExpense": 35776000,
        "netIncome": 5001000,
        "netIncomeRatio": 0.1137883959,
        "eps": 1.16,
        "epsdiluted": 1.16,
        "weightedAverageShsOut": 4320000,
        "weightedAverageShsOutDil": 4320000,
        "link": "https://www.sec.gov/Archives/edgar/data/798359/000079835906000022/0000798359-06-000022-index.htm",
        "finalLink": "https://www.sec.gov/Archives/edgar/data/798359/000079835906000022/iret10kedgar072006.htm"
    },
    {
        "date": "2006-01-31",
        "symbol": "CSR",
        "reportedCurrency": "USD",
        "cik": "0000798359",
        "fillingDate": "2006-03-13",
        "acceptedDate": "2006-03-13 16:38:27",
        "calendarYear": "2005",
        "period": "Q4",
        "revenue": 43357000,
        "costOfRevenue": 5242000,
        "grossProfit": 38115000,
        "grossProfitRatio": 0.879096801,
        "researchAndDevelopmentExpenses": 0,
        "generalAndAdministrativeExpenses": 957000,
        "sellingAndMarketingExpenses": 0,
        "sellingGeneralAndAdministrativeExpenses": 957000,
        "otherExpenses": 52829000,
        "operatingExpenses": 53786000,
        "costAndExpenses": 53786000,
        "interestIncome": 2903000,
        "interestExpense": 0,
        "depreciationAndAmortization": 9749000,
        "ebitda": -1084000,
        "ebitdaratio": -0.0250017298,
        "operatingIncome": 2499000,
        "operatingIncomeRatio": 0.0576377517,
        "totalOtherIncomeExpensesNet": -2353000,
        "incomeBeforeTax": 2903000,
        "incomeBeforeTaxRatio": 0.0669557396,
        "incomeTaxExpense": -13154000,
        "netIncome": 2321000,
        "netIncomeRatio": 0.0535323016,
        "eps": 0.4,
        "epsdiluted": 0.4,
        "weightedAverageShsOut": 4320000,
        "weightedAverageShsOutDil": 4320000,
        "link": "https://www.sec.gov/Archives/edgar/data/798359/000079835906000010/0000798359-06-000010-index.htm",
        "finalLink": "https://www.sec.gov/Archives/edgar/data/798359/000079835906000010/iret3rdqrt20060131.htm"
    },
    {
        "date": "2005-10-31",
        "symbol": "CSR",
        "reportedCurrency": "USD",
        "cik": "0000798359",
        "fillingDate": "2005-12-12",
        "acceptedDate": "2005-12-12 15:11:14",
        "calendarYear": "2005",
        "period": "Q3",
        "revenue": 43750000,
        "costOfRevenue": 5341000,
        "grossProfit": 38409000,
        "grossProfitRatio": 0.87792,
        "researchAndDevelopmentExpenses": 0,
        "generalAndAdministrativeExpenses": 914000,
        "sellingAndMarketingExpenses": 0,
        "sellingGeneralAndAdministrativeExpenses": 914000,
        "otherExpenses": 52639000,
        "operatingExpenses": 53553000,
        "costAndExpenses": 53553000,
        "interestIncome": 3252000,
        "interestExpense": 0,
        "depreciationAndAmortization": 9793000,
        "ebitda": -261000,
        "ebitdaratio": -0.0059657143,
        "operatingIncome": 3001000,
        "operatingIncomeRatio": 0.0685942857,
        "totalOtherIncomeExpensesNet": -428000,
        "incomeBeforeTax": 3252000,
        "incomeBeforeTaxRatio": 0.0743314286,
        "incomeTaxExpense": -12627000,
        "netIncome": 2573000,
        "netIncomeRatio": 0.0588114286,
        "eps": 0.4,
        "epsdiluted": 0.4,
        "weightedAverageShsOut": 4950000,
        "weightedAverageShsOutDil": 4950000,
        "link": "https://www.sec.gov/Archives/edgar/data/798359/000079835905000031/0000798359-05-000031-index.htm",
        "finalLink": "https://www.sec.gov/Archives/edgar/data/798359/000079835905000031/iret2ndqrt20051031.htm"
    },
    {
        "date": "2005-07-31",
        "symbol": "CSR",
        "reportedCurrency": "USD",
        "cik": "0000798359",
        "fillingDate": "2005-09-09",
        "acceptedDate": "2005-09-09 12:38:31",
        "calendarYear": "2005",
        "period": "Q2",
        "revenue": 41753000,
        "costOfRevenue": 5295000,
        "grossProfit": 36458000,
        "grossProfitRatio": 0.8731827653,
        "researchAndDevelopmentExpenses": 0,
        "generalAndAdministrativeExpenses": 916000,
        "sellingAndMarketingExpenses": 0,
        "sellingGeneralAndAdministrativeExpenses": 916000,
        "otherExpenses": 51195000,
        "operatingExpenses": 52111000,
        "costAndExpenses": 52111000,
        "interestIncome": 2067000,
        "interestExpense": 0,
        "depreciationAndAmortization": 9624000,
        "ebitda": -936000,
        "ebitdaratio": -0.0224175508,
        "operatingIncome": 1865000,
        "operatingIncomeRatio": 0.044667449,
        "totalOtherIncomeExpensesNet": -1650000,
        "incomeBeforeTax": 2067000,
        "incomeBeforeTaxRatio": 0.0495054248,
        "incomeTaxExpense": -12232000,
        "netIncome": 1672000,
        "netIncomeRatio": 0.0400450267,
        "eps": 0.2,
        "epsdiluted": 0.2,
        "weightedAverageShsOut": 5395000,
        "weightedAverageShsOutDil": 5395000,
        "link": "https://www.sec.gov/Archives/edgar/data/798359/000079835905000018/0000798359-05-000018-index.htm",
        "finalLink": "https://www.sec.gov/Archives/edgar/data/798359/000079835905000018/iret1stqrt20050731.htm"
    },
    {
        "date": "2005-04-30",
        "symbol": "CSR",
        "reportedCurrency": "USD",
        "cik": "0000798359",
        "fillingDate": "2005-07-14",
        "acceptedDate": "2005-07-14 12:49:11",
        "calendarYear": "2005",
        "period": "Q1",
        "revenue": 40576000,
        "costOfRevenue": 0,
        "grossProfit": 40576000,
        "grossProfitRatio": 1,
        "researchAndDevelopmentExpenses": 0,
        "generalAndAdministrativeExpenses": 1034000,
        "sellingAndMarketingExpenses": 0,
        "sellingGeneralAndAdministrativeExpenses": 1034000,
        "otherExpenses": 72779000,
        "operatingExpenses": 73813000,
        "costAndExpenses": 73813000,
        "interestIncome": 0,
        "interestExpense": 0,
        "depreciationAndAmortization": 10208000,
        "ebitda": -23029000,
        "ebitdaratio": -0.5675522476,
        "operatingIncome": 1645000,
        "operatingIncomeRatio": 0.0405412066,
        "totalOtherIncomeExpensesNet": 390000,
        "incomeBeforeTax": 2035000,
        "incomeBeforeTaxRatio": 0.0501527997,
        "incomeTaxExpense": -36043000,
        "netIncome": 2416000,
        "netIncomeRatio": 0.0595425868,
        "eps": 8.64,
        "epsdiluted": 8.64,
        "weightedAverageShsOut": 4383667,
        "weightedAverageShsOutDil": 4405000,
        "link": "https://www.sec.gov/Archives/edgar/data/798359/000079835905000013/0000798359-05-000013-index.htm",
        "finalLink": "https://www.sec.gov/Archives/edgar/data/798359/000079835905000013/iret10k07142005.htm"
    },
    {
        "date": "2005-01-31",
        "symbol": "CSR",
        "reportedCurrency": "USD",
        "cik": "0000798359",
        "fillingDate": "2005-03-11",
        "acceptedDate": "2005-03-11 16:06:33",
        "calendarYear": "2004",
        "period": "Q4",
        "revenue": 38478000,
        "costOfRevenue": 4838000,
        "grossProfit": 33640000,
        "grossProfitRatio": 0.8742658142,
        "researchAndDevelopmentExpenses": 0,
        "generalAndAdministrativeExpenses": 1158000,
        "sellingAndMarketingExpenses": 0,
        "sellingGeneralAndAdministrativeExpenses": 1158000,
        "otherExpenses": 23645000,
        "operatingExpenses": 24803000,
        "costAndExpenses": 24803000,
        "interestIncome": 2020000,
        "interestExpense": 0,
        "depreciationAndAmortization": 8710000,
        "ebitda": 10239000,
        "ebitdaratio": 0.2661001092,
        "operatingIncome": 1869000,
        "operatingIncomeRatio": 0.0485732107,
        "totalOtherIncomeExpensesNet": 1403000,
        "incomeBeforeTax": 13675000,
        "incomeBeforeTaxRatio": 0.3553978897,
        "incomeTaxExpense": 10288000,
        "netIncome": 3236000,
        "netIncomeRatio": 0.0841000052,
        "eps": 0.6,
        "epsdiluted": 0.6,
        "weightedAverageShsOut": 4405000,
        "weightedAverageShsOutDil": 4405000,
        "link": "https://www.sec.gov/Archives/edgar/data/798359/000095013405004748/0000950134-05-004748-index.htm",
        "finalLink": "https://www.sec.gov/Archives/edgar/data/798359/000095013405004748/c93104e10vq.htm"
    },
    {
        "date": "2004-10-31",
        "symbol": "CSR",
        "reportedCurrency": "USD",
        "cik": "0000798359",
        "fillingDate": "2004-12-10",
        "acceptedDate": "2004-12-10 11:07:43",
        "calendarYear": "2004",
        "period": "Q3",
        "revenue": 39168000,
        "costOfRevenue": 5069000,
        "grossProfit": 34099000,
        "grossProfitRatio": 0.8705831291,
        "researchAndDevelopmentExpenses": 0,
        "generalAndAdministrativeExpenses": 908000,
        "sellingAndMarketingExpenses": 0,
        "sellingGeneralAndAdministrativeExpenses": 908000,
        "otherExpenses": 47165000,
        "operatingExpenses": 48073000,
        "costAndExpenses": 48073000,
        "interestIncome": 0,
        "interestExpense": 0,
        "depreciationAndAmortization": 8477000,
        "ebitda": 10921000,
        "ebitdaratio": 0.2788245507,
        "operatingIncome": 2802000,
        "operatingIncomeRatio": 0.0715379902,
        "totalOtherIncomeExpensesNet": 1151000,
        "incomeBeforeTax": 3037000,
        "incomeBeforeTaxRatio": 0.0775377859,
        "incomeTaxExpense": -13093000,
        "netIncome": 3953000,
        "netIncomeRatio": 0.1009242239,
        "eps": 0.8,
        "epsdiluted": 0.8,
        "weightedAverageShsOut": 4200000,
        "weightedAverageShsOutDil": 4200000,
        "link": "https://www.sec.gov/Archives/edgar/data/798359/000095013404019002/0000950134-04-019002-index.htm",
        "finalLink": "https://www.sec.gov/Archives/edgar/data/798359/000095013404019002/c90367e10vq.htm"
    },
    {
        "date": "2004-07-31",
        "symbol": "CSR",
        "reportedCurrency": "USD",
        "cik": "0000798359",
        "fillingDate": "2004-09-09",
        "acceptedDate": "2004-09-09 15:42:01",
        "calendarYear": "2004",
        "period": "Q2",
        "revenue": 39475000,
        "costOfRevenue": 0,
        "grossProfit": 39475000,
        "grossProfitRatio": 1,
        "researchAndDevelopmentExpenses": 0,
        "generalAndAdministrativeExpenses": 745000,
        "sellingAndMarketingExpenses": 0,
        "sellingGeneralAndAdministrativeExpenses": 745000,
        "otherExpenses": 35050000,
        "operatingExpenses": 35795000,
        "costAndExpenses": 35795000,
        "interestIncome": 0,
        "interestExpense": 0,
        "depreciationAndAmortization": 8408000,
        "ebitda": 697000,
        "ebitdaratio": 0.0176567448,
        "operatingIncome": 3680000,
        "operatingIncomeRatio": 0.0932235592,
        "totalOtherIncomeExpensesNet": 456000,
        "incomeBeforeTax": 3891000,
        "incomeBeforeTaxRatio": 0.0985687144,
        "incomeTaxExpense": -2001000,
        "netIncome": 5470000,
        "netIncomeRatio": 0.1385687144,
        "eps": 1.2,
        "epsdiluted": 1.2,
        "weightedAverageShsOut": 4064167,
        "weightedAverageShsOutDil": 4064167,
        "link": "https://www.sec.gov/Archives/edgar/data/798359/000095013404013393/0000950134-04-013393-index.htm",
        "finalLink": "https://www.sec.gov/Archives/edgar/data/798359/000095013404013393/c88078e10vq.htm"
    },
    {
        "date": "2004-04-30",
        "symbol": "CSR",
        "reportedCurrency": "USD",
        "cik": "0000798359",
        "fillingDate": "2004-07-20",
        "acceptedDate": "2004-07-20 14:39:23",
        "calendarYear": "2004",
        "period": "Q1",
        "revenue": 38104724,
        "costOfRevenue": 0,
        "grossProfit": 38104724,
        "grossProfitRatio": 1,
        "researchAndDevelopmentExpenses": 0,
        "generalAndAdministrativeExpenses": 0,
        "sellingAndMarketingExpenses": 0,
        "sellingGeneralAndAdministrativeExpenses": 804740,
        "otherExpenses": 78634210,
        "operatingExpenses": 79438950,
        "costAndExpenses": 79438950,
        "interestIncome": 0,
        "interestExpense": 0,
        "depreciationAndAmortization": 7718033,
        "ebitda": -33578683,
        "ebitdaratio": -0.8812210003,
        "operatingIncome": 2155774,
        "operatingIncomeRatio": 0.05657498,
        "totalOtherIncomeExpensesNet": 82604,
        "incomeBeforeTax": 2238378,
        "incomeBeforeTaxRatio": 0.0587427953,
        "incomeTaxExpense": -42794893,
        "netIncome": 1415573,
        "netIncomeRatio": 0.0371495408,
        "eps": 10.85,
        "epsdiluted": 10.85,
        "weightedAverageShsOut": 4148652,
        "weightedAverageShsOutDil": 4148652,
        "link": "https://www.sec.gov/Archives/edgar/data/798359/000095013404010237/0000950134-04-010237-index.htm",
        "finalLink": "https://www.sec.gov/Archives/edgar/data/798359/000095013404010237/c86519e10vk.htm"
    },
    {
        "date": "2004-01-31",
        "symbol": "CSR",
        "reportedCurrency": "USD",
        "cik": "0000798359",
        "fillingDate": "2004-03-15",
        "acceptedDate": "2004-03-15 12:21:16",
        "calendarYear": "2003",
        "period": "Q4",
        "revenue": 35599594,
        "costOfRevenue": 0,
        "grossProfit": 35599594,
        "grossProfitRatio": 1,
        "researchAndDevelopmentExpenses": 0,
        "generalAndAdministrativeExpenses": 0,
        "sellingAndMarketingExpenses": 0,
        "sellingGeneralAndAdministrativeExpenses": 726396,
        "otherExpenses": 32062305,
        "operatingExpenses": 32788701,
        "costAndExpenses": 32788701,
        "interestIncome": 0,
        "interestExpense": 0,
        "depreciationAndAmortization": 6556331,
        "ebitda": 9262300,
        "ebitdaratio": 0.2601799335,
        "operatingIncome": 2810893,
        "operatingIncomeRatio": 0.078958569,
        "totalOtherIncomeExpensesNet": -321702,
        "incomeBeforeTax": 2915817,
        "incomeBeforeTaxRatio": 0.081905906,
        "incomeTaxExpense": 216778,
        "netIncome": 2489191,
        "netIncomeRatio": 0.0699218929,
        "eps": 0.6,
        "epsdiluted": 0.6,
        "weightedAverageShsOut": 4148333,
        "weightedAverageShsOutDil": 4148333,
        "link": "https://www.sec.gov/Archives/edgar/data/798359/000116923204001727/0001169232-04-001727-index.htm",
        "finalLink": "https://www.sec.gov/Archives/edgar/data/798359/000116923204001727/d58877_10q.htm"
    },
    {
        "date": "2003-10-31",
        "symbol": "CSR",
        "reportedCurrency": "USD",
        "cik": "0000798359",
        "fillingDate": "2003-12-15",
        "acceptedDate": "2003-12-15 16:16:40",
        "calendarYear": "2003",
        "period": "Q3",
        "revenue": 33983096,
        "costOfRevenue": 0,
        "grossProfit": 33983096,
        "grossProfitRatio": 1,
        "researchAndDevelopmentExpenses": 0,
        "generalAndAdministrativeExpenses": 0,
        "sellingAndMarketingExpenses": 0,
        "sellingGeneralAndAdministrativeExpenses": 586672,
        "otherExpenses": 29954905,
        "operatingExpenses": 30541577,
        "costAndExpenses": 30541577,
        "interestIncome": 0,
        "interestExpense": 0,
        "depreciationAndAmortization": 5982639,
        "ebitda": 3441519,
        "ebitdaratio": 0.1012714969,
        "operatingIncome": 3441519,
        "operatingIncomeRatio": 0.1012714969,
        "totalOtherIncomeExpensesNet": -826467,
        "incomeBeforeTax": 3534386,
        "incomeBeforeTaxRatio": 0.1040042379,
        "incomeTaxExpense": 733600,
        "netIncome": 2615052,
        "netIncomeRatio": 0.0769515526,
        "eps": 0.7,
        "epsdiluted": 0.7,
        "weightedAverageShsOut": 3735714,
        "weightedAverageShsOutDil": 3735714,
        "link": "https://www.sec.gov/Archives/edgar/data/798359/000079835903000051/0000798359-03-000051-index.htm",
        "finalLink": "https://www.sec.gov/Archives/edgar/data/798359/000079835903000051/qtr1003.htm"
    },
    {
        "date": "2003-07-31",
        "symbol": "CSR",
        "reportedCurrency": "USD",
        "cik": "0000798359",
        "fillingDate": "2003-09-15",
        "acceptedDate": "2003-09-15 15:23:48",
        "calendarYear": "2003",
        "period": "Q2",
        "revenue": 32991818,
        "costOfRevenue": 0,
        "grossProfit": 32991818,
        "grossProfitRatio": 1,
        "researchAndDevelopmentExpenses": 0,
        "generalAndAdministrativeExpenses": 0,
        "sellingAndMarketingExpenses": 0,
        "sellingGeneralAndAdministrativeExpenses": 629192,
        "otherExpenses": 28435541,
        "operatingExpenses": 29064733,
        "costAndExpenses": 29064733,
        "interestIncome": 0,
        "interestExpense": 0,
        "depreciationAndAmortization": 5776997,
        "ebitda": 9521000,
        "ebitdaratio": 0.2885867035,
        "operatingIncome": 3927085,
        "operatingIncomeRatio": 0.1190320885,
        "totalOtherIncomeExpensesNet": 275691,
        "incomeBeforeTax": 4019691,
        "incomeBeforeTaxRatio": 0.1218390269,
        "incomeTaxExpense": 914295,
        "netIncome": 2920184,
        "netIncomeRatio": 0.0885123699,
        "eps": 0.8,
        "epsdiluted": 0.8,
        "weightedAverageShsOut": 3650000,
        "weightedAverageShsOutDil": 3650000,
        "link": "https://www.sec.gov/Archives/edgar/data/798359/000079835903000041/0000798359-03-000041-index.htm",
        "finalLink": "https://www.sec.gov/Archives/edgar/data/798359/000079835903000041/qtr0703.htm"
    },
    {
        "date": "2003-04-30",
        "symbol": "CSR",
        "reportedCurrency": "USD",
        "cik": "0000798359",
        "fillingDate": "2003-07-29",
        "acceptedDate": "2003-07-29 12:01:41",
        "calendarYear": "2003",
        "period": "Q1",
        "revenue": 30979993,
        "costOfRevenue": 0,
        "grossProfit": 30979993,
        "grossProfitRatio": 1,
        "researchAndDevelopmentExpenses": 0,
        "generalAndAdministrativeExpenses": 0,
        "sellingAndMarketingExpenses": 0,
        "sellingGeneralAndAdministrativeExpenses": 0,
        "otherExpenses": 65206682,
        "operatingExpenses": 65206682,
        "costAndExpenses": 65206682,
        "interestIncome": 0,
        "interestExpense": 0,
        "depreciationAndAmortization": 5603118,
        "ebitda": -28623571,
        "ebitdaratio": -0.9239372972,
        "operatingIncome": 3676338,
        "operatingIncomeRatio": 0.1186681353,
        "totalOtherIncomeExpensesNet": 514777,
        "incomeBeforeTax": 4191115,
        "incomeBeforeTaxRatio": 0.135284569,
        "incomeTaxExpense": -38542082,
        "netIncome": 3800616,
        "netIncomeRatio": 0.122679692,
        "eps": 13.28,
        "epsdiluted": 13.28,
        "weightedAverageShsOut": 3218665,
        "weightedAverageShsOutDil": 3218665,
        "link": "https://www.sec.gov/Archives/edgar/data/798359/000095013403010650/0000950134-03-010650-index.htm",
        "finalLink": "https://www.sec.gov/Archives/edgar/data/798359/000095013403010650/c78552e10vk.htm"
    },
    {
        "date": "2003-01-31",
        "symbol": "CSR",
        "reportedCurrency": "USD",
        "cik": "0000798359",
        "fillingDate": "2003-03-14",
        "acceptedDate": "2003-03-14 15:33:02",
        "calendarYear": "2002",
        "period": "Q4",
        "revenue": 30417755,
        "costOfRevenue": 151475,
        "grossProfit": 30266280,
        "grossProfitRatio": 0.9950201782,
        "researchAndDevelopmentExpenses": 0,
        "generalAndAdministrativeExpenses": 0,
        "sellingAndMarketingExpenses": 0,
        "sellingGeneralAndAdministrativeExpenses": 0,
        "otherExpenses": 26564111,
        "operatingExpenses": 26564111,
        "costAndExpenses": 26564111,
        "interestIncome": 0,
        "interestExpense": 0,
        "depreciationAndAmortization": 5171761,
        "ebitda": 9025405,
        "ebitdaratio": 0.2967150271,
        "operatingIncome": 3853644,
        "operatingIncomeRatio": 0.1266906121,
        "totalOtherIncomeExpensesNet": 0,
        "incomeBeforeTax": 0,
        "incomeBeforeTaxRatio": 0,
        "incomeTaxExpense": 1402321,
        "netIncome": 2451323,
        "netIncomeRatio": 0.0805885576,
        "eps": 0.8,
        "epsdiluted": 0.8,
        "weightedAverageShsOut": 3064154,
        "weightedAverageShsOutDil": 3064154,
        "link": "https://www.sec.gov/Archives/edgar/data/798359/000079835903000018/0000798359-03-000018-index.htm",
        "finalLink": "https://www.sec.gov/Archives/edgar/data/798359/000079835903000018/qtr0103.htm"
    },
    {
        "date": "2002-10-31",
        "symbol": "CSR",
        "reportedCurrency": "USD",
        "cik": "0000798359",
        "fillingDate": "2002-12-16",
        "acceptedDate": "2002-12-16 16:46:54",
        "calendarYear": "2002",
        "period": "Q3",
        "revenue": 30432693,
        "costOfRevenue": 0,
        "grossProfit": 30432693,
        "grossProfitRatio": 1,
        "researchAndDevelopmentExpenses": 0,
        "generalAndAdministrativeExpenses": 0,
        "sellingAndMarketingExpenses": 0,
        "sellingGeneralAndAdministrativeExpenses": 0,
        "otherExpenses": 17157363,
        "operatingExpenses": 17157363,
        "costAndExpenses": 17157363,
        "interestIncome": 0,
        "interestExpense": 0,
        "depreciationAndAmortization": 4985702,
        "ebitda": 18261032,
        "ebitdaratio": 0.6000465355,
        "operatingIncome": 13275330,
        "operatingIncomeRatio": 0.4362193645,
        "totalOtherIncomeExpensesNet": 52774,
        "incomeBeforeTax": 13328104,
        "incomeBeforeTaxRatio": 0.4379534864,
        "incomeTaxExpense": 10154334,
        "netIncome": 3068222,
        "netIncomeRatio": 0.1008199307,
        "eps": 1,
        "epsdiluted": 1,
        "weightedAverageShsOut": 3188513,
        "weightedAverageShsOutDil": 3188513,
        "link": "https://www.sec.gov/Archives/edgar/data/798359/000079835902000068/0000798359-02-000068-index.htm",
        "finalLink": "https://www.sec.gov/Archives/edgar/data/798359/000079835902000068/qtr1002.htm"
    },
    {
        "date": "2002-07-31",
        "symbol": "CSR",
        "reportedCurrency": "USD",
        "cik": "0000798359",
        "fillingDate": "2002-09-12",
        "acceptedDate": "2002-09-12 15:11:24",
        "calendarYear": "2002",
        "period": "Q2",
        "revenue": 27539641,
        "costOfRevenue": 5227299,
        "grossProfit": 22312342,
        "grossProfitRatio": 0.8101900094,
        "researchAndDevelopmentExpenses": 0,
        "generalAndAdministrativeExpenses": 0,
        "sellingAndMarketingExpenses": 0,
        "sellingGeneralAndAdministrativeExpenses": 0,
        "otherExpenses": 14778528,
        "operatingExpenses": 14778528,
        "costAndExpenses": 14778528,
        "interestIncome": 0,
        "interestExpense": 0,
        "depreciationAndAmortization": 4546037,
        "ebitda": 17307150,
        "ebitdaratio": 0.6284450113,
        "operatingIncome": 12761113,
        "operatingIncomeRatio": 0.4633725254,
        "totalOtherIncomeExpensesNet": -9815662,
        "incomeBeforeTax": 13023681,
        "incomeBeforeTaxRatio": 0.4729067093,
        "incomeTaxExpense": 9553094,
        "netIncome": 2945451,
        "netIncomeRatio": 0.1069531371,
        "eps": 1,
        "epsdiluted": 1,
        "weightedAverageShsOut": 3007009,
        "weightedAverageShsOutDil": 3007009,
        "link": "https://www.sec.gov/Archives/edgar/data/798359/000079835902000056/0000798359-02-000056-index.htm",
        "finalLink": "https://www.sec.gov/Archives/edgar/data/798359/000079835902000056/qtr0702.htm"
    },
    {
        "date": "2002-04-30",
        "symbol": "CSR",
        "reportedCurrency": "USD",
        "cik": "0000798359",
        "fillingDate": "2002-07-29",
        "acceptedDate": "2002-07-29 16:25:17",
        "calendarYear": "2002",
        "period": "Q1",
        "revenue": 24455162,
        "costOfRevenue": 0,
        "grossProfit": 24455162,
        "grossProfitRatio": 1,
        "researchAndDevelopmentExpenses": 0,
        "generalAndAdministrativeExpenses": 0,
        "sellingAndMarketingExpenses": 0,
        "sellingGeneralAndAdministrativeExpenses": 0,
        "otherExpenses": -9378648,
        "operatingExpenses": -9378648,
        "costAndExpenses": -9378648,
        "interestIncome": 0,
        "interestExpense": 0,
        "depreciationAndAmortization": 4287947,
        "ebitda": 38121757,
        "ebitdaratio": 1.5588429551,
        "operatingIncome": 33833810,
        "operatingIncomeRatio": 1.3835038181,
        "totalOtherIncomeExpensesNet": 438498,
        "incomeBeforeTax": 34272308,
        "incomeBeforeTaxRatio": 1.401434511,
        "incomeTaxExpense": 30757078,
        "netIncome": 2638234,
        "netIncomeRatio": 0.1078804549,
        "eps": 1.02,
        "epsdiluted": 1.02,
        "weightedAverageShsOut": 2591058,
        "weightedAverageShsOutDil": 2591058,
        "link": "https://www.sec.gov/Archives/edgar/data/798359/000079835902000039/0000798359-02-000039-index.htm",
        "finalLink": "https://www.sec.gov/Archives/edgar/data/798359/000079835902000039/k2002.htm"
    },
    {
        "date": "2002-01-31",
        "symbol": "CSR",
        "reportedCurrency": "USD",
        "cik": "0000798359",
        "fillingDate": "2002-03-15",
        "acceptedDate": "2002-03-15 00:00:00",
        "calendarYear": "2001",
        "period": "Q4",
        "revenue": 23605772,
        "costOfRevenue": 0,
        "grossProfit": 23605772,
        "grossProfitRatio": 1,
        "researchAndDevelopmentExpenses": 0,
        "generalAndAdministrativeExpenses": 0,
        "sellingAndMarketingExpenses": 0,
        "sellingGeneralAndAdministrativeExpenses": 0,
        "otherExpenses": 19963083,
        "operatingExpenses": 19963083,
        "costAndExpenses": 19963083,
        "interestIncome": 0,
        "interestExpense": 0,
        "depreciationAndAmortization": 4137659,
        "ebitda": 7780348,
        "ebitdaratio": 0.3295951516,
        "operatingIncome": 3642689,
        "operatingIncomeRatio": 0.1543134874,
        "totalOtherIncomeExpensesNet": 6692,
        "incomeBeforeTax": 3649381,
        "incomeBeforeTaxRatio": 0.1545969774,
        "incomeTaxExpense": 1395745,
        "netIncome": 2240252,
        "netIncomeRatio": 0.0949027212,
        "eps": 0.9,
        "epsdiluted": 0.9,
        "weightedAverageShsOut": 2591058,
        "weightedAverageShsOutDil": 2591058,
        "link": "https://www.sec.gov/Archives/edgar/data/798359/000079835902000019/0000798359-02-000019-index.htm",
        "finalLink": "https://www.sec.gov/Archives/edgar/data/798359/000079835902000019/qtr0102.htm"
    },
    {
        "date": "2001-10-31",
        "symbol": "CSR",
        "reportedCurrency": "USD",
        "cik": "0000798359",
        "fillingDate": "2001-12-13",
        "acceptedDate": "2001-12-13 00:00:00",
        "calendarYear": "2001",
        "period": "Q3",
        "revenue": 23175041,
        "costOfRevenue": 0,
        "grossProfit": 23175041,
        "grossProfitRatio": 1,
        "researchAndDevelopmentExpenses": 0,
        "generalAndAdministrativeExpenses": 0,
        "sellingAndMarketingExpenses": 0,
        "sellingGeneralAndAdministrativeExpenses": 0,
        "otherExpenses": 11834587,
        "operatingExpenses": 11834587,
        "costAndExpenses": 11834587,
        "interestIncome": 0,
        "interestExpense": 0,
        "depreciationAndAmortization": 3853044,
        "ebitda": 15193498,
        "ebitdaratio": 0.6555974594,
        "operatingIncome": 11340454,
        "operatingIncomeRatio": 0.4893391127,
        "totalOtherIncomeExpensesNet": 32796,
        "incomeBeforeTax": 11373250,
        "incomeBeforeTaxRatio": 0.4907542558,
        "incomeTaxExpense": 8361743,
        "netIncome": 2945915,
        "netIncomeRatio": 0.1271158485,
        "eps": 1.2,
        "epsdiluted": 1.2,
        "weightedAverageShsOut": 2436215,
        "weightedAverageShsOutDil": 2436215,
        "link": "https://www.sec.gov/Archives/edgar/data/798359/000079835901500054/0000798359-01-500054-index.htm",
        "finalLink": "https://www.sec.gov/Archives/edgar/data/798359/000079835901500054/qtr1001.htm"
    },
    {
        "date": "2001-07-31",
        "symbol": "CSR",
        "reportedCurrency": "USD",
        "cik": "0000798359",
        "fillingDate": "2001-09-14",
        "acceptedDate": "2001-09-14 00:00:00",
        "calendarYear": "2001",
        "period": "Q2",
        "revenue": 21780094,
        "costOfRevenue": 0,
        "grossProfit": 21780094,
        "grossProfitRatio": 1,
        "researchAndDevelopmentExpenses": 0,
        "generalAndAdministrativeExpenses": 0,
        "sellingAndMarketingExpenses": 0,
        "sellingGeneralAndAdministrativeExpenses": 0,
        "otherExpenses": 25727606,
        "operatingExpenses": 25727606,
        "costAndExpenses": 25727606,
        "interestIncome": 0,
        "interestExpense": 0,
        "depreciationAndAmortization": 3785718,
        "ebitda": -777662,
        "ebitdaratio": -0.0357051719,
        "operatingIncome": 3250866,
        "operatingIncomeRatio": 0.1492585845,
        "totalOtherIncomeExpensesNet": -3250866,
        "incomeBeforeTax": 3866734,
        "incomeBeforeTaxRatio": 0.1775352301,
        "incomeTaxExpense": -7339107,
        "netIncome": 2775727,
        "netIncomeRatio": 0.1274432975,
        "eps": 1.1,
        "epsdiluted": 1.1,
        "weightedAverageShsOut": 2387377,
        "weightedAverageShsOutDil": 2387377,
        "link": "https://www.sec.gov/Archives/edgar/data/798359/000079835901500028/0000798359-01-500028-index.htm",
        "finalLink": "https://www.sec.gov/Archives/edgar/data/798359/000079835901500028/qtr0701.htm"
    },
    {
        "date": "2001-04-30",
        "symbol": "CSR",
        "reportedCurrency": "USD",
        "cik": "0000798359",
        "fillingDate": "2001-07-27",
        "acceptedDate": "2001-07-27 00:00:00",
        "calendarYear": "2001",
        "period": "Q1",
        "revenue": 20926509,
        "costOfRevenue": 0,
        "grossProfit": 20926509,
        "grossProfitRatio": 1,
        "researchAndDevelopmentExpenses": 0,
        "generalAndAdministrativeExpenses": 0,
        "sellingAndMarketingExpenses": 0,
        "sellingGeneralAndAdministrativeExpenses": 0,
        "otherExpenses": -6579941,
        "operatingExpenses": -6579941,
        "costAndExpenses": -6579941,
        "interestIncome": 0,
        "interestExpense": 0,
        "depreciationAndAmortization": 3590145,
        "ebitda": 31096595,
        "ebitdaratio": 1.4859905682,
        "operatingIncome": 2275052,
        "operatingIncomeRatio": 0.1087162699,
        "totalOtherIncomeExpensesNet": 5222694,
        "incomeBeforeTax": 27506450,
        "incomeBeforeTaxRatio": 1.3144308972,
        "incomeTaxExpense": 24215305,
        "netIncome": 2138183,
        "netIncomeRatio": 0.1021758096,
        "eps": 1.42,
        "epsdiluted": 1.42,
        "weightedAverageShsOut": 2265886,
        "weightedAverageShsOutDil": 2321725,
        "link": "https://www.sec.gov/Archives/edgar/data/798359/000079835901500015/0000798359-01-500015-index.htm",
        "finalLink": "https://www.sec.gov/Archives/edgar/data/798359/000079835901500015/k2001.htm"
    },
    {
        "date": "2001-01-31",
        "symbol": "CSR",
        "reportedCurrency": "USD",
        "cik": "0000798359",
        "fillingDate": "2001-03-15",
        "acceptedDate": "2001-03-15 00:00:00",
        "calendarYear": "2000",
        "period": "Q4",
        "revenue": 19004737,
        "costOfRevenue": 0,
        "grossProfit": 19004737,
        "grossProfitRatio": 1,
        "researchAndDevelopmentExpenses": 0,
        "generalAndAdministrativeExpenses": 0,
        "sellingAndMarketingExpenses": 0,
        "sellingGeneralAndAdministrativeExpenses": 0,
        "otherExpenses": 16285058,
        "operatingExpenses": 16285058,
        "costAndExpenses": 16285058,
        "interestIncome": 0,
        "interestExpense": 0,
        "depreciationAndAmortization": 3228315,
        "ebitda": 5947994,
        "ebitdaratio": 0.3129742864,
        "operatingIncome": 2719679,
        "operatingIncomeRatio": 0.1431053216,
        "totalOtherIncomeExpensesNet": 50248,
        "incomeBeforeTax": 2769927,
        "incomeBeforeTaxRatio": 0.145749294,
        "incomeTaxExpense": 342169,
        "netIncome": 2327262,
        "netIncomeRatio": 0.1224569432,
        "eps": 1,
        "epsdiluted": 1,
        "weightedAverageShsOut": 2321725,
        "weightedAverageShsOutDil": 2321725,
        "link": "https://www.sec.gov/Archives/edgar/data/798359/000079835901500003/0000798359-01-500003-index.htm",
        "finalLink": "https://www.sec.gov/Archives/edgar/data/798359/000079835901500003/qtr0101.htm"
    },
    {
        "date": "2000-10-31",
        "symbol": "CSR",
        "reportedCurrency": "USD",
        "cik": "0000798359",
        "fillingDate": "2000-12-13",
        "acceptedDate": "2000-12-13 00:00:00",
        "calendarYear": "2000",
        "period": "Q3",
        "revenue": 18404260,
        "costOfRevenue": 0,
        "grossProfit": 18404260,
        "grossProfitRatio": 1,
        "researchAndDevelopmentExpenses": 0,
        "generalAndAdministrativeExpenses": 0,
        "sellingAndMarketingExpenses": 0,
        "sellingGeneralAndAdministrativeExpenses": 0,
        "otherExpenses": 18741750,
        "operatingExpenses": 18741750,
        "costAndExpenses": 18741750,
        "interestIncome": 0,
        "interestExpense": 0,
        "depreciationAndAmortization": 3157371,
        "ebitda": 2819882,
        "ebitdaratio": 0.153218983,
        "operatingIncome": 2707811,
        "operatingIncomeRatio": 0.1471295776,
        "totalOtherIncomeExpensesNet": -2707811,
        "incomeBeforeTax": 0,
        "incomeBeforeTaxRatio": 0,
        "incomeTaxExpense": -2506682,
        "netIncome": 2169193,
        "netIncomeRatio": 0.1178636359,
        "eps": 0.9,
        "epsdiluted": 0.9,
        "weightedAverageShsOut": 2297266,
        "weightedAverageShsOutDil": 2297266,
        "link": "https://www.sec.gov/Archives/edgar/data/798359/000079835900500011/0000798359-00-500011-index.htm",
        "finalLink": "https://www.sec.gov/Archives/edgar/data/798359/000079835900500011/qtr1000.htm"
    },
    {
        "date": "2000-07-31",
        "symbol": "CSR",
        "reportedCurrency": "USD",
        "cik": "0000798359",
        "fillingDate": "2000-09-13",
        "acceptedDate": "2000-09-13 00:00:00",
        "calendarYear": "2000",
        "period": "Q2",
        "revenue": 17431644,
        "costOfRevenue": 0,
        "grossProfit": 17431644,
        "grossProfitRatio": 1,
        "researchAndDevelopmentExpenses": 0,
        "generalAndAdministrativeExpenses": 0,
        "sellingAndMarketingExpenses": 0,
        "sellingGeneralAndAdministrativeExpenses": 0,
        "otherExpenses": 14866513,
        "operatingExpenses": 14866513,
        "costAndExpenses": 14866513,
        "interestIncome": 0,
        "interestExpense": 0,
        "depreciationAndAmortization": 2751889,
        "ebitda": 5317020,
        "ebitdaratio": 0.3050211443,
        "operatingIncome": 2565131,
        "operatingIncomeRatio": 0.1471537051,
        "totalOtherIncomeExpensesNet": 0,
        "incomeBeforeTax": 0,
        "incomeBeforeTaxRatio": 0,
        "incomeTaxExpense": 425667,
        "netIncome": 2139464,
        "netIncomeRatio": 0.1227344937,
        "eps": 0.9,
        "epsdiluted": 0.9,
        "weightedAverageShsOut": 2263139,
        "weightedAverageShsOutDil": 2263139,
        "link": "https://www.sec.gov/Archives/edgar/data/798359/000079835900500008/0000798359-00-500008-index.htm",
        "finalLink": "https://www.sec.gov/Archives/edgar/data/798359/000079835900500008/qtr0700.htm"
    },
    {
        "date": "2000-04-30",
        "symbol": "CSR",
        "reportedCurrency": "USD",
        "cik": "0000798359",
        "fillingDate": "2000-07-27",
        "acceptedDate": "2000-07-27 00:00:00",
        "calendarYear": "2000",
        "period": "Q1",
        "revenue": 17287923,
        "costOfRevenue": 0,
        "grossProfit": 17287923,
        "grossProfitRatio": 1,
        "researchAndDevelopmentExpenses": 0,
        "generalAndAdministrativeExpenses": 0,
        "sellingAndMarketingExpenses": 0,
        "sellingGeneralAndAdministrativeExpenses": 0,
        "otherExpenses": -10442002,
        "operatingExpenses": -10442002,
        "costAndExpenses": -10442002,
        "interestIncome": 0,
        "interestExpense": 0,
        "depreciationAndAmortization": 2558927,
        "ebitda": 30288852,
        "ebitdaratio": 1.7520237683,
        "operatingIncome": 3196798,
        "operatingIncomeRatio": 0.1849150994,
        "totalOtherIncomeExpensesNet": -69318,
        "incomeBeforeTax": 27729925,
        "incomeBeforeTaxRatio": 1.6040055824,
        "incomeTaxExpense": 26255699,
        "netIncome": 1543544,
        "netIncomeRatio": 0.0892845254,
        "eps": 0.71,
        "epsdiluted": 0.71,
        "weightedAverageShsOut": 2165294,
        "weightedAverageShsOutDil": 2165294,
        "link": "https://www.sec.gov/Archives/edgar/data/798359/000079835900500005/0000798359-00-500005-index.htm",
        "finalLink": "https://www.sec.gov/Archives/edgar/data/798359/000079835900500005/k2000.htm"
    },
    {
        "date": "2000-01-31",
        "symbol": "CSR",
        "reportedCurrency": "USD",
        "cik": "0000798359",
        "fillingDate": "2000-03-07",
        "acceptedDate": "2000-03-07 00:00:00",
        "calendarYear": "1999",
        "period": "Q4",
        "revenue": 14054660,
        "costOfRevenue": 0,
        "grossProfit": 14054660,
        "grossProfitRatio": 1,
        "researchAndDevelopmentExpenses": 0,
        "generalAndAdministrativeExpenses": 0,
        "sellingAndMarketingExpenses": 0,
        "sellingGeneralAndAdministrativeExpenses": 0,
        "otherExpenses": 14345934,
        "operatingExpenses": 14345934,
        "costAndExpenses": 14345934,
        "interestIncome": 0,
        "interestExpense": 0,
        "depreciationAndAmortization": 2317282,
        "ebitda": 2026008,
        "ebitdaratio": 0.1441520464,
        "operatingIncome": 2390868,
        "operatingIncomeRatio": 0.1701121194,
        "totalOtherIncomeExpensesNet": -2390868,
        "incomeBeforeTax": 0,
        "incomeBeforeTaxRatio": 0,
        "incomeTaxExpense": -2313114,
        "netIncome": 2021840,
        "netIncomeRatio": 0.1438554899,
        "eps": 1.1,
        "epsdiluted": 1.1,
        "weightedAverageShsOut": 2165294,
        "weightedAverageShsOutDil": 2165294,
        "link": "https://www.sec.gov/Archives/edgar/data/798359/0000798359-00-000003-index.html",
        "finalLink": "https://www.sec.gov/Archives/edgar/data/798359/000079835900000003/0000798359-00-000003-d1.html"
    },
    {
        "date": "1999-10-31",
        "symbol": "CSR",
        "reportedCurrency": "USD",
        "cik": "0000798359",
        "fillingDate": "1999-12-14",
        "acceptedDate": "1999-12-14 00:00:00",
        "calendarYear": "1999",
        "period": "Q3",
        "revenue": 14300000,
        "costOfRevenue": 0,
        "grossProfit": 14300000,
        "grossProfitRatio": 1,
        "researchAndDevelopmentExpenses": 0,
        "generalAndAdministrativeExpenses": 0,
        "sellingAndMarketingExpenses": 0,
        "sellingGeneralAndAdministrativeExpenses": 0,
        "otherExpenses": -6600000,
        "operatingExpenses": -6600000,
        "costAndExpenses": -6600000,
        "interestIncome": 0,
        "interestExpense": 0,
        "depreciationAndAmortization": 2100000,
        "ebitda": 21500000,
        "ebitdaratio": 1.5034965035,
        "operatingIncome": 19400000,
        "operatingIncomeRatio": 1.3566433566,
        "totalOtherIncomeExpensesNet": 0,
        "incomeBeforeTax": 20900000,
        "incomeBeforeTaxRatio": 1.4615384615,
        "incomeTaxExpense": 16000000,
        "netIncome": 3400000,
        "netIncomeRatio": 0.2377622378,
        "eps": 1,
        "epsdiluted": 1,
        "weightedAverageShsOut": 1949500,
        "weightedAverageShsOutDil": 1949500,
        "link": "https://www.sec.gov/Archives/edgar/data/798359/0000798359-99-000051-index.html",
        "finalLink": "https://www.sec.gov/Archives/edgar/data/798359/000079835999000051/0000798359-99-000051-d1.html"
    },
    {
        "date": "1999-07-31",
        "symbol": "CSR",
        "reportedCurrency": "USD",
        "cik": "0000798359",
        "fillingDate": "1999-09-10",
        "acceptedDate": "1999-09-10 00:00:00",
        "calendarYear": "1999",
        "period": "Q2",
        "revenue": 11500000,
        "costOfRevenue": 0,
        "grossProfit": 11500000,
        "grossProfitRatio": 1,
        "researchAndDevelopmentExpenses": 0,
        "generalAndAdministrativeExpenses": 0,
        "sellingAndMarketingExpenses": 0,
        "sellingGeneralAndAdministrativeExpenses": 0,
        "otherExpenses": -6200000,
        "operatingExpenses": -6200000,
        "costAndExpenses": -6200000,
        "interestIncome": 0,
        "interestExpense": 0,
        "depreciationAndAmortization": 1700000,
        "ebitda": 16400000,
        "ebitdaratio": 1.4260869565,
        "operatingIncome": 14700000,
        "operatingIncomeRatio": 1.2782608696,
        "totalOtherIncomeExpensesNet": 0,
        "incomeBeforeTax": 17700000,
        "incomeBeforeTaxRatio": 1.5391304348,
        "incomeTaxExpense": 12900000,
        "netIncome": 1800000,
        "netIncomeRatio": 0.1565217391,
        "eps": 1,
        "epsdiluted": 1,
        "weightedAverageShsOut": 1949500,
        "weightedAverageShsOutDil": 1949500,
        "link": "https://www.sec.gov/Archives/edgar/data/798359/0000798359-99-000019-index.html",
        "finalLink": "https://www.sec.gov/Archives/edgar/data/798359/000079835999000019/0000798359-99-000019.txt"
    },
    {
        "date": "1999-04-30",
        "symbol": "CSR",
        "reportedCurrency": "USD",
        "cik": "0000798359",
        "fillingDate": "1999-07-30",
        "acceptedDate": "1999-07-30 00:00:00",
        "calendarYear": "1999",
        "period": "Q1",
        "revenue": 8827262,
        "costOfRevenue": 0,
        "grossProfit": 8827262,
        "grossProfitRatio": 1,
        "researchAndDevelopmentExpenses": 0,
        "generalAndAdministrativeExpenses": 0,
        "sellingAndMarketingExpenses": 0,
        "sellingGeneralAndAdministrativeExpenses": 0,
        "otherExpenses": 61127567,
        "operatingExpenses": 61127567,
        "costAndExpenses": 61127567,
        "interestIncome": 0,
        "interestExpense": 0,
        "depreciationAndAmortization": 1821551,
        "ebitda": -50478754,
        "ebitdaratio": -5.7185063726,
        "operatingIncome": -54347489,
        "operatingIncomeRatio": -6.1567776056,
        "totalOtherIncomeExpensesNet": 0,
        "incomeBeforeTax": -52300305,
        "incomeBeforeTaxRatio": -5.9248615256,
        "incomeTaxExpense": -55951624,
        "netIncome": 1604135,
        "netIncomeRatio": 0.1817250921,
        "eps": 1.93,
        "epsdiluted": 1.93,
        "weightedAverageShsOut": 1888889,
        "weightedAverageShsOutDil": 1888889,
        "link": "https://www.sec.gov/Archives/edgar/data/798359/000104746999029117/0001047469-99-029117-index.html",
        "finalLink": "https://www.sec.gov/Archives/edgar/data/798359/000104746999029117/"
    },
    {
        "date": "1999-01-31",
        "symbol": "CSR",
        "reportedCurrency": "USD",
        "cik": "0000798359",
        "fillingDate": "1999-03-10",
        "acceptedDate": "1999-03-10 00:00:00",
        "calendarYear": "1998",
        "period": "Q4",
        "revenue": 10300000,
        "costOfRevenue": 0,
        "grossProfit": 10300000,
        "grossProfitRatio": 1,
        "researchAndDevelopmentExpenses": 0,
        "generalAndAdministrativeExpenses": 0,
        "sellingAndMarketingExpenses": 0,
        "sellingGeneralAndAdministrativeExpenses": 0,
        "otherExpenses": -5400000,
        "operatingExpenses": -5400000,
        "costAndExpenses": -5400000,
        "interestIncome": 0,
        "interestExpense": 0,
        "depreciationAndAmortization": -100000,
        "ebitda": 15600000,
        "ebitdaratio": 1.5145631068,
        "operatingIncome": 15700000,
        "operatingIncomeRatio": 1.5242718447,
        "totalOtherIncomeExpensesNet": 100000,
        "incomeBeforeTax": 15800000,
        "incomeBeforeTaxRatio": 1.5339805825,
        "incomeTaxExpense": 14000000,
        "netIncome": 1700000,
        "netIncomeRatio": 0.1650485437,
        "eps": 0.9,
        "epsdiluted": 0.9,
        "weightedAverageShsOut": 1888889,
        "weightedAverageShsOutDil": 1888889,
        "link": "https://www.sec.gov/Archives/edgar/data/798359/000079835999000006/0000798359-99-000006-index.html",
        "finalLink": "https://www.sec.gov/Archives/edgar/data/798359/"
    },
    {
        "date": "1998-10-31",
        "symbol": "CSR",
        "reportedCurrency": "USD",
        "cik": "0000798359",
        "fillingDate": "1998-12-07",
        "acceptedDate": "1998-12-07 00:00:00",
        "calendarYear": "1998",
        "period": "Q3",
        "revenue": 11100000,
        "costOfRevenue": 0,
        "grossProfit": 11100000,
        "grossProfitRatio": 1,
        "researchAndDevelopmentExpenses": 0,
        "generalAndAdministrativeExpenses": 200000,
        "sellingAndMarketingExpenses": 0,
        "sellingGeneralAndAdministrativeExpenses": 200000,
        "otherExpenses": -5200000,
        "operatingExpenses": -5000000,
        "costAndExpenses": -5000000,
        "interestIncome": 0,
        "interestExpense": 0,
        "depreciationAndAmortization": -1300000,
        "ebitda": 14800000,
        "ebitdaratio": 1.3333333333,
        "operatingIncome": 16100000,
        "operatingIncomeRatio": 1.4504504505,
        "totalOtherIncomeExpensesNet": 1300000,
        "incomeBeforeTax": 17400000,
        "incomeBeforeTaxRatio": 1.5675675676,
        "incomeTaxExpense": 13300000,
        "netIncome": 2800000,
        "netIncomeRatio": 0.2522522523,
        "eps": 1.7,
        "epsdiluted": 1.7,
        "weightedAverageShsOut": 1647059,
        "weightedAverageShsOutDil": 1647059,
        "link": "https://www.sec.gov/Archives/edgar/data/798359/000079835998000027/0000798359-98-000027-index.html",
        "finalLink": "https://www.sec.gov/Archives/edgar/data/798359/"
    },
    {
        "date": "1998-07-31",
        "symbol": "CSR",
        "reportedCurrency": "USD",
        "cik": "0000798359",
        "fillingDate": "1998-09-01",
        "acceptedDate": "1998-09-01 00:00:00",
        "calendarYear": "1998",
        "period": "Q2",
        "revenue": 9500000,
        "costOfRevenue": 0,
        "grossProfit": 9500000,
        "grossProfitRatio": 1,
        "researchAndDevelopmentExpenses": 0,
        "generalAndAdministrativeExpenses": 0,
        "sellingAndMarketingExpenses": 0,
        "sellingGeneralAndAdministrativeExpenses": 0,
        "otherExpenses": -4900000,
        "operatingExpenses": -4900000,
        "costAndExpenses": -4900000,
        "interestIncome": 0,
        "interestExpense": 0,
        "depreciationAndAmortization": 1400000,
        "ebitda": 15800000,
        "ebitdaratio": 1.6631578947,
        "operatingIncome": 14400000,
        "operatingIncomeRatio": 1.5157894737,
        "totalOtherIncomeExpensesNet": 0,
        "incomeBeforeTax": 0,
        "incomeBeforeTaxRatio": 0,
        "incomeTaxExpense": 12800000,
        "netIncome": 1600000,
        "netIncomeRatio": 0.1684210526,
        "eps": 1,
        "epsdiluted": 1,
        "weightedAverageShsOut": 1600000,
        "weightedAverageShsOutDil": 1600000,
        "link": "https://www.sec.gov/Archives/edgar/data/798359/000079835998000020/0000798359-98-000020-index.html",
        "finalLink": "https://www.sec.gov/Archives/edgar/data/798359/"
    },
    {
        "date": "1998-04-30",
        "symbol": "CSR",
        "reportedCurrency": "USD",
        "cik": "0000798359",
        "fillingDate": "1998-07-30",
        "acceptedDate": "1998-07-30 00:00:00",
        "calendarYear": "1998",
        "period": "Q1",
        "revenue": 8407545,
        "costOfRevenue": 0,
        "grossProfit": 8407545,
        "grossProfitRatio": 1,
        "researchAndDevelopmentExpenses": 0,
        "generalAndAdministrativeExpenses": 0,
        "sellingAndMarketingExpenses": 0,
        "sellingGeneralAndAdministrativeExpenses": 0,
        "otherExpenses": 50595451,
        "operatingExpenses": 50595451,
        "costAndExpenses": 50595451,
        "interestIncome": 0,
        "interestExpense": 0,
        "depreciationAndAmortization": 1498015,
        "ebitda": -40689891,
        "ebitdaratio": -4.8396875663,
        "operatingIncome": -42753405,
        "operatingIncomeRatio": -5.0851235408,
        "totalOtherIncomeExpensesNet": 0,
        "incomeBeforeTax": -42187906,
        "incomeBeforeTaxRatio": -5.017862646,
        "incomeTaxExpense": -43868314,
        "netIncome": 1114909,
        "netIncomeRatio": 0.1326081514,
        "eps": 1.05,
        "epsdiluted": 1.05,
        "weightedAverageShsOut": 1588636,
        "weightedAverageShsOutDil": 1600000,
        "link": "https://www.sec.gov/Archives/edgar/data/798359/000079835998000014/0000798359-98-000014-index.html",
        "finalLink": "https://www.sec.gov/Archives/edgar/data/798359/"
    },
    {
        "date": "1998-01-31",
        "symbol": "CSR",
        "reportedCurrency": "USD",
        "cik": "0000798359",
        "fillingDate": "1998-03-10",
        "acceptedDate": "1998-03-10 00:00:00",
        "calendarYear": "1997",
        "period": "Q4",
        "revenue": 8700000,
        "costOfRevenue": 0,
        "grossProfit": 8700000,
        "grossProfitRatio": 1,
        "researchAndDevelopmentExpenses": 0,
        "generalAndAdministrativeExpenses": 0,
        "sellingAndMarketingExpenses": 0,
        "sellingGeneralAndAdministrativeExpenses": 0,
        "otherExpenses": -4400000,
        "operatingExpenses": -4400000,
        "costAndExpenses": -4400000,
        "interestIncome": 0,
        "interestExpense": 0,
        "depreciationAndAmortization": 1100000,
        "ebitda": 13900000,
        "ebitdaratio": 1.5977011494,
        "operatingIncome": 12800000,
        "operatingIncomeRatio": 1.4712643678,
        "totalOtherIncomeExpensesNet": 0,
        "incomeBeforeTax": 13100000,
        "incomeBeforeTaxRatio": 1.5057471264,
        "incomeTaxExpense": 11200000,
        "netIncome": 1600000,
        "netIncomeRatio": 0.183908046,
        "eps": 1,
        "epsdiluted": 1,
        "weightedAverageShsOut": 1600000,
        "weightedAverageShsOutDil": 1600000,
        "link": "https://www.sec.gov/Archives/edgar/data/798359/000079835998000002/0000798359-98-000002-index.html",
        "finalLink": "https://www.sec.gov/Archives/edgar/data/798359/"
    },
    {
        "date": "1997-10-31",
        "symbol": "CSR",
        "reportedCurrency": "USD",
        "cik": "0000798359",
        "fillingDate": "1997-12-10",
        "acceptedDate": "1997-12-10 00:00:00",
        "calendarYear": "1997",
        "period": "Q3",
        "revenue": 8000000,
        "costOfRevenue": 0,
        "grossProfit": 8000000,
        "grossProfitRatio": 1,
        "researchAndDevelopmentExpenses": 0,
        "generalAndAdministrativeExpenses": 200000,
        "sellingAndMarketingExpenses": 0,
        "sellingGeneralAndAdministrativeExpenses": 200000,
        "otherExpenses": -4000000,
        "operatingExpenses": -3800000,
        "costAndExpenses": -3800000,
        "interestIncome": 0,
        "interestExpense": 0,
        "depreciationAndAmortization": 1200000,
        "ebitda": 13000000,
        "ebitdaratio": 1.625,
        "operatingIncome": 11800000,
        "operatingIncomeRatio": 1.475,
        "totalOtherIncomeExpensesNet": 0,
        "incomeBeforeTax": 0,
        "incomeBeforeTaxRatio": 0,
        "incomeTaxExpense": 10500000,
        "netIncome": 1300000,
        "netIncomeRatio": 0.1625,
        "eps": 0.8,
        "epsdiluted": 0.8,
        "weightedAverageShsOut": 1625000,
        "weightedAverageShsOutDil": 1625000,
        "link": "https://www.sec.gov/Archives/edgar/data/798359/000079835997000023/0000798359-97-000023-index.html",
        "finalLink": "https://www.sec.gov/Archives/edgar/data/798359/"
    },
    {
        "date": "1997-07-31",
        "symbol": "CSR",
        "reportedCurrency": "USD",
        "cik": "0000798359",
        "fillingDate": "1997-09-12",
        "acceptedDate": "1997-09-12 00:00:00",
        "calendarYear": "1997",
        "period": "Q2",
        "revenue": 7200000,
        "costOfRevenue": 0,
        "grossProfit": 7200000,
        "grossProfitRatio": 1,
        "researchAndDevelopmentExpenses": 0,
        "generalAndAdministrativeExpenses": 100000,
        "sellingAndMarketingExpenses": 0,
        "sellingGeneralAndAdministrativeExpenses": 100000,
        "otherExpenses": -3900000,
        "operatingExpenses": -3800000,
        "costAndExpenses": -3800000,
        "interestIncome": 0,
        "interestExpense": 0,
        "depreciationAndAmortization": 1100000,
        "ebitda": 12100000,
        "ebitdaratio": 1.6805555556,
        "operatingIncome": 11000000,
        "operatingIncomeRatio": 1.5277777778,
        "totalOtherIncomeExpensesNet": 0,
        "incomeBeforeTax": 0,
        "incomeBeforeTaxRatio": 0,
        "incomeTaxExpense": 10100000,
        "netIncome": 900000,
        "netIncomeRatio": 0.125,
        "eps": 0.6,
        "epsdiluted": 0.6,
        "weightedAverageShsOut": 1500000,
        "weightedAverageShsOutDil": 1500000,
        "link": "https://www.sec.gov/Archives/edgar/data/798359/000079835997000020/0000798359-97-000020-index.html",
        "finalLink": "https://www.sec.gov/Archives/edgar/data/798359/"
    }
]