[
    {
        "date": "2017-12-31",
        "symbol": "CSRA",
        "reportedCurrency": "USD",
        "cik": "0000000000",
        "fillingDate": "2017-12-31",
        "acceptedDate": "2017-12-31 00:00:00",
        "calendarYear": "2017",
        "period": "Q3",
        "revenue": 1309000000,
        "costOfRevenue": 1063000000,
        "grossProfit": 246000000,
        "grossProfitRatio": 0.1879297173,
        "researchAndDevelopmentExpenses": 0,
        "generalAndAdministrativeExpenses": 20000000,
        "sellingAndMarketingExpenses": 56000000,
        "sellingGeneralAndAdministrativeExpenses": 36000000,
        "otherExpenses": 62000000,
        "operatingExpenses": 98000000,
        "costAndExpenses": 1161000000,
        "interestIncome": 0,
        "interestExpense": 27000000,
        "depreciationAndAmortization": 75000000,
        "ebitda": 203000000,
        "ebitdaratio": 0.1550802139,
        "operatingIncome": 128000000,
        "operatingIncomeRatio": 0.0977845684,
        "totalOtherIncomeExpensesNet": -11000000,
        "incomeBeforeTax": 117000000,
        "incomeBeforeTaxRatio": 0.089381207,
        "incomeTaxExpense": -75000000,
        "netIncome": 188000000,
        "netIncomeRatio": 0.1436210848,
        "eps": 1.15,
        "epsdiluted": 1.14,
        "weightedAverageShsOut": 163780000,
        "weightedAverageShsOutDil": 165144000,
        "link": null,
        "finalLink": null
    },
    {
        "date": "2017-09-30",
        "symbol": "CSRA",
        "reportedCurrency": "USD",
        "cik": "0000000000",
        "fillingDate": "2017-09-30",
        "acceptedDate": "2017-09-30 00:00:00",
        "calendarYear": "2017",
        "period": "Q2",
        "revenue": 1272000000,
        "costOfRevenue": 1022000000,
        "grossProfit": 250000000,
        "grossProfitRatio": 0.1965408805,
        "researchAndDevelopmentExpenses": 0,
        "generalAndAdministrativeExpenses": 20000000,
        "sellingAndMarketingExpenses": 51000000,
        "sellingGeneralAndAdministrativeExpenses": 31000000,
        "otherExpenses": 65000000,
        "operatingExpenses": 96000000,
        "costAndExpenses": 1118000000,
        "interestIncome": -2000000,
        "interestExpense": 27000000,
        "depreciationAndAmortization": 72000000,
        "ebitda": 203000000,
        "ebitdaratio": 0.159591195,
        "operatingIncome": 134000000,
        "operatingIncomeRatio": 0.1053459119,
        "totalOtherIncomeExpensesNet": -17000000,
        "incomeBeforeTax": 123000000,
        "incomeBeforeTaxRatio": 0.0966981132,
        "incomeTaxExpense": 45000000,
        "netIncome": 76000000,
        "netIncomeRatio": 0.0597484277,
        "eps": 0.46,
        "epsdiluted": 0.46,
        "weightedAverageShsOut": 163538000,
        "weightedAverageShsOutDil": 165251000,
        "link": null,
        "finalLink": null
    },
    {
        "date": "2017-06-30",
        "symbol": "CSRA",
        "reportedCurrency": "USD",
        "cik": "0000000000",
        "fillingDate": "2017-06-30",
        "acceptedDate": "2017-06-30 00:00:00",
        "calendarYear": "2017",
        "period": "Q1",
        "revenue": 1229000000,
        "costOfRevenue": 979000000,
        "grossProfit": 250000000,
        "grossProfitRatio": 0.2034174125,
        "researchAndDevelopmentExpenses": 0,
        "generalAndAdministrativeExpenses": 21000000,
        "sellingAndMarketingExpenses": 49000000,
        "sellingGeneralAndAdministrativeExpenses": 28000000,
        "otherExpenses": 60000000,
        "operatingExpenses": 88000000,
        "costAndExpenses": 1067000000,
        "interestIncome": -2000000,
        "interestExpense": 26000000,
        "depreciationAndAmortization": 81000000,
        "ebitda": 206000000,
        "ebitdaratio": 0.1676159479,
        "operatingIncome": 136000000,
        "operatingIncomeRatio": 0.1106590724,
        "totalOtherIncomeExpensesNet": -11000000,
        "incomeBeforeTax": 126000000,
        "incomeBeforeTaxRatio": 0.1025223759,
        "incomeTaxExpense": 46000000,
        "netIncome": 77000000,
        "netIncomeRatio": 0.0626525631,
        "eps": 0.47,
        "epsdiluted": 0.47,
        "weightedAverageShsOut": 163386000,
        "weightedAverageShsOutDil": 164980000,
        "link": null,
        "finalLink": null
    },
    {
        "date": "2017-03-31",
        "symbol": "CSRA",
        "reportedCurrency": "USD",
        "cik": "0000000000",
        "fillingDate": "2017-03-31",
        "acceptedDate": "2017-03-31 00:00:00",
        "calendarYear": "2016",
        "period": "Q4",
        "revenue": 1254000000,
        "costOfRevenue": 990000000,
        "grossProfit": 264000000,
        "grossProfitRatio": 0.2105263158,
        "researchAndDevelopmentExpenses": 0,
        "generalAndAdministrativeExpenses": 0,
        "sellingAndMarketingExpenses": 50000000,
        "sellingGeneralAndAdministrativeExpenses": 50000000,
        "otherExpenses": 52000000,
        "operatingExpenses": 102000000,
        "costAndExpenses": 1092000000,
        "interestIncome": -4000000,
        "interestExpense": 26000000,
        "depreciationAndAmortization": 53000000,
        "ebitda": 212000000,
        "ebitdaratio": 0.1690590112,
        "operatingIncome": 234000000,
        "operatingIncomeRatio": 0.1866028708,
        "totalOtherIncomeExpensesNet": -10000000,
        "incomeBeforeTax": 61000000,
        "incomeBeforeTaxRatio": 0.0486443381,
        "incomeTaxExpense": 21000000,
        "netIncome": 37000000,
        "netIncomeRatio": 0.0295055821,
        "eps": 0.23,
        "epsdiluted": 0.22,
        "weightedAverageShsOut": 163134000,
        "weightedAverageShsOutDil": 164855000,
        "link": null,
        "finalLink": null
    },
    {
        "date": "2016-12-31",
        "symbol": "CSRA",
        "reportedCurrency": "USD",
        "cik": "0000000000",
        "fillingDate": "2016-12-31",
        "acceptedDate": "2016-12-31 00:00:00",
        "calendarYear": "2016",
        "period": "Q3",
        "revenue": 1222000000,
        "costOfRevenue": 866000000,
        "grossProfit": 356000000,
        "grossProfitRatio": 0.2913256956,
        "researchAndDevelopmentExpenses": 0,
        "generalAndAdministrativeExpenses": 0,
        "sellingAndMarketingExpenses": 49000000,
        "sellingGeneralAndAdministrativeExpenses": 49000000,
        "otherExpenses": 61000000,
        "operatingExpenses": 110000000,
        "costAndExpenses": 976000000,
        "interestIncome": -3000000,
        "interestExpense": 26000000,
        "depreciationAndAmortization": 60000000,
        "ebitda": 215000000,
        "ebitdaratio": 0.1759410802,
        "operatingIncome": 252000000,
        "operatingIncomeRatio": 0.2062193126,
        "totalOtherIncomeExpensesNet": -191000000,
        "incomeBeforeTax": 204000000,
        "incomeBeforeTaxRatio": 0.1669394435,
        "incomeTaxExpense": 76000000,
        "netIncome": 126000000,
        "netIncomeRatio": 0.1031096563,
        "eps": 0.77,
        "epsdiluted": 0.76,
        "weightedAverageShsOut": 163325000,
        "weightedAverageShsOutDil": 164888000,
        "link": null,
        "finalLink": null
    },
    {
        "date": "2016-09-30",
        "symbol": "CSRA",
        "reportedCurrency": "USD",
        "cik": "0000000000",
        "fillingDate": "2016-09-30",
        "acceptedDate": "2016-09-30 00:00:00",
        "calendarYear": "2016",
        "period": "Q2",
        "revenue": 1263000000,
        "costOfRevenue": 983000000,
        "grossProfit": 280000000,
        "grossProfitRatio": 0.2216943785,
        "researchAndDevelopmentExpenses": 0,
        "generalAndAdministrativeExpenses": 0,
        "sellingAndMarketingExpenses": 55000000,
        "sellingGeneralAndAdministrativeExpenses": 55000000,
        "otherExpenses": -1000000,
        "operatingExpenses": 118000000,
        "costAndExpenses": 1101000000,
        "interestIncome": -10000000,
        "interestExpense": 26000000,
        "depreciationAndAmortization": 64000000,
        "ebitda": 307000000,
        "ebitdaratio": 0.2430720507,
        "operatingIncome": 170000000,
        "operatingIncomeRatio": 0.1346001584,
        "totalOtherIncomeExpensesNet": -42000000,
        "incomeBeforeTax": 124000000,
        "incomeBeforeTaxRatio": 0.098178939,
        "incomeTaxExpense": 44000000,
        "netIncome": 76000000,
        "netIncomeRatio": 0.0601741884,
        "eps": 0.46,
        "epsdiluted": 0.46,
        "weightedAverageShsOut": 163800000,
        "weightedAverageShsOutDil": 165100000,
        "link": null,
        "finalLink": null
    },
    {
        "date": "2016-06-30",
        "symbol": "CSRA",
        "reportedCurrency": "USD",
        "cik": "0000000000",
        "fillingDate": "2016-06-30",
        "acceptedDate": "2016-06-30 00:00:00",
        "calendarYear": "2016",
        "period": "Q1",
        "revenue": 1254000000,
        "costOfRevenue": 991000000,
        "grossProfit": 263000000,
        "grossProfitRatio": 0.2097288676,
        "researchAndDevelopmentExpenses": 0,
        "generalAndAdministrativeExpenses": 0,
        "sellingAndMarketingExpenses": 56000000,
        "sellingGeneralAndAdministrativeExpenses": 56000000,
        "otherExpenses": -1000000,
        "operatingExpenses": 121000000,
        "costAndExpenses": 1112000000,
        "interestIncome": 0,
        "interestExpense": 0,
        "depreciationAndAmortization": 67000000,
        "ebitda": 214000000,
        "ebitdaratio": 0.1706539075,
        "operatingIncome": 147000000,
        "operatingIncomeRatio": 0.1172248804,
        "totalOtherIncomeExpensesNet": -23000000,
        "incomeBeforeTax": 106000000,
        "incomeBeforeTaxRatio": 0.0845295056,
        "incomeTaxExpense": 38000000,
        "netIncome": 65000000,
        "netIncomeRatio": 0.0518341308,
        "eps": 0.4,
        "epsdiluted": 0.39,
        "weightedAverageShsOut": 163275412,
        "weightedAverageShsOutDil": 164938594,
        "link": null,
        "finalLink": null
    },
    {
        "date": "2016-03-31",
        "symbol": "CSRA",
        "reportedCurrency": "USD",
        "cik": "0000000000",
        "fillingDate": "2016-03-31",
        "acceptedDate": "2016-03-31 00:00:00",
        "calendarYear": "2015",
        "period": "Q4",
        "revenue": 1290150000,
        "costOfRevenue": 1227064000,
        "grossProfit": 63086000,
        "grossProfitRatio": 0.0488981901,
        "researchAndDevelopmentExpenses": 0,
        "generalAndAdministrativeExpenses": 0,
        "sellingAndMarketingExpenses": 52398000,
        "sellingGeneralAndAdministrativeExpenses": 52398000,
        "otherExpenses": -1467000,
        "operatingExpenses": 121664000,
        "costAndExpenses": 1348728000,
        "interestIncome": 0,
        "interestExpense": 0,
        "depreciationAndAmortization": 71558000,
        "ebitda": 30988000,
        "ebitdaratio": 0.0240189125,
        "operatingIncome": -40570000,
        "operatingIncomeRatio": -0.0314459559,
        "totalOtherIncomeExpensesNet": -36000000,
        "incomeBeforeTax": -106929000,
        "incomeBeforeTaxRatio": -0.0828810603,
        "incomeTaxExpense": -38724000,
        "netIncome": -71863000,
        "netIncomeRatio": -0.055701275,
        "eps": -0.44,
        "epsdiluted": -0.44,
        "weightedAverageShsOut": 163325000,
        "weightedAverageShsOutDil": 163325000,
        "link": null,
        "finalLink": null
    },
    {
        "date": "2015-12-31",
        "symbol": "CSRA",
        "reportedCurrency": "USD",
        "cik": "0000000000",
        "fillingDate": "2015-12-31",
        "acceptedDate": "2015-12-31 00:00:00",
        "calendarYear": "2015",
        "period": "Q3",
        "revenue": 1032312000,
        "costOfRevenue": 816646000,
        "grossProfit": 215666000,
        "grossProfitRatio": 0.2089155217,
        "researchAndDevelopmentExpenses": 0,
        "generalAndAdministrativeExpenses": 0,
        "sellingAndMarketingExpenses": 50094000,
        "sellingGeneralAndAdministrativeExpenses": 50094000,
        "otherExpenses": -4397000,
        "operatingExpenses": 95404000,
        "costAndExpenses": 912050000,
        "interestIncome": 0,
        "interestExpense": 0,
        "depreciationAndAmortization": 45310000,
        "ebitda": 12980000,
        "ebitdaratio": 0.012573718,
        "operatingIncome": 163956000,
        "operatingIncomeRatio": 0.1588240764,
        "totalOtherIncomeExpensesNet": -48351000,
        "incomeBeforeTax": 58525000,
        "incomeBeforeTaxRatio": 0.0566931315,
        "incomeTaxExpense": 7093000,
        "netIncome": 48442000,
        "netIncomeRatio": 0.0469257356,
        "eps": 0.3,
        "epsdiluted": 0.29,
        "weightedAverageShsOut": 161473333,
        "weightedAverageShsOutDil": 167041379,
        "link": null,
        "finalLink": null
    },
    {
        "date": "2015-09-30",
        "symbol": "CSRA",
        "reportedCurrency": "USD",
        "cik": "0000000000",
        "fillingDate": "2015-09-30",
        "acceptedDate": "2015-09-30 00:00:00",
        "calendarYear": "2015",
        "period": "Q2",
        "revenue": 969053000,
        "costOfRevenue": 756863000,
        "grossProfit": 212190000,
        "grossProfitRatio": 0.2189663517,
        "researchAndDevelopmentExpenses": 0,
        "generalAndAdministrativeExpenses": 0,
        "sellingAndMarketingExpenses": 44122000,
        "sellingGeneralAndAdministrativeExpenses": 44122000,
        "otherExpenses": 1758000,
        "operatingExpenses": 78836000,
        "costAndExpenses": 835699000,
        "interestIncome": 0,
        "interestExpense": 0,
        "depreciationAndAmortization": 37004000,
        "ebitda": 211866000,
        "ebitdaratio": 0.2186320046,
        "operatingIncome": 174862000,
        "operatingIncomeRatio": 0.1804462707,
        "totalOtherIncomeExpensesNet": -32130000,
        "incomeBeforeTax": 88132000,
        "incomeBeforeTaxRatio": 0.090946522,
        "incomeTaxExpense": 35407000,
        "netIncome": 47889000,
        "netIncomeRatio": 0.0494183497,
        "eps": 0.35,
        "epsdiluted": 0.35,
        "weightedAverageShsOut": 138800000,
        "weightedAverageShsOutDil": 138800000,
        "link": null,
        "finalLink": null
    },
    {
        "date": "2015-06-30",
        "symbol": "CSRA",
        "reportedCurrency": "USD",
        "cik": "0000000000",
        "fillingDate": "2015-06-30",
        "acceptedDate": "2015-06-30 00:00:00",
        "calendarYear": "2015",
        "period": "Q1",
        "revenue": 958932000,
        "costOfRevenue": 775058000,
        "grossProfit": 183874000,
        "grossProfitRatio": 0.1917487371,
        "researchAndDevelopmentExpenses": 0,
        "generalAndAdministrativeExpenses": 0,
        "sellingAndMarketingExpenses": 40630000,
        "sellingGeneralAndAdministrativeExpenses": 40630000,
        "otherExpenses": 19327000,
        "operatingExpenses": 73582000,
        "costAndExpenses": 848640000,
        "interestIncome": 0,
        "interestExpense": 0,
        "depreciationAndAmortization": 35242000,
        "ebitda": 170358000,
        "ebitdaratio": 0.17765389,
        "operatingIncome": 110292000,
        "operatingIncomeRatio": 0.1150154547,
        "totalOtherIncomeExpensesNet": -45222000,
        "incomeBeforeTax": 109361000,
        "incomeBeforeTaxRatio": 0.1140445829,
        "incomeTaxExpense": 42391000,
        "netIncome": 62677000,
        "netIncomeRatio": 0.0653612561,
        "eps": 0.38,
        "epsdiluted": 0.38,
        "weightedAverageShsOut": 163000000,
        "weightedAverageShsOutDil": 166000000,
        "link": null,
        "finalLink": null
    },
    {
        "date": "2015-03-31",
        "symbol": "CSRA",
        "reportedCurrency": "USD",
        "cik": "0000000000",
        "fillingDate": "2015-03-31",
        "acceptedDate": "2015-03-31 00:00:00",
        "calendarYear": "2014",
        "period": "Q4",
        "revenue": 1001118000,
        "costOfRevenue": 811849000,
        "grossProfit": 189269000,
        "grossProfitRatio": 0.1890576336,
        "researchAndDevelopmentExpenses": 0,
        "generalAndAdministrativeExpenses": 0,
        "sellingAndMarketingExpenses": 0,
        "sellingGeneralAndAdministrativeExpenses": 49429000,
        "otherExpenses": 0,
        "operatingExpenses": 82215000,
        "costAndExpenses": 894064000,
        "interestIncome": 0,
        "interestExpense": 0,
        "depreciationAndAmortization": 35076000,
        "ebitda": 142130000,
        "ebitdaratio": 0.1419712761,
        "operatingIncome": 107054000,
        "operatingIncomeRatio": 0.1069344473,
        "totalOtherIncomeExpensesNet": 2307000,
        "incomeBeforeTax": 99786000,
        "incomeBeforeTaxRatio": 0.0996745638,
        "incomeTaxExpense": 38300000,
        "netIncome": 57719000,
        "netIncomeRatio": 0.0576545422,
        "eps": 0,
        "epsdiluted": 0,
        "weightedAverageShsOut": 0,
        "weightedAverageShsOutDil": 0,
        "link": null,
        "finalLink": null
    },
    {
        "date": "2014-12-31",
        "symbol": "CSRA",
        "reportedCurrency": "USD",
        "cik": "0000000000",
        "fillingDate": "2014-12-31",
        "acceptedDate": "2014-12-31 00:00:00",
        "calendarYear": "2014",
        "period": "Q3",
        "revenue": 999033000,
        "costOfRevenue": 815595000,
        "grossProfit": 183438000,
        "grossProfitRatio": 0.1836155562,
        "researchAndDevelopmentExpenses": 0,
        "generalAndAdministrativeExpenses": 0,
        "sellingAndMarketingExpenses": 53037000,
        "sellingGeneralAndAdministrativeExpenses": 53037000,
        "otherExpenses": -1276000,
        "operatingExpenses": 86262000,
        "costAndExpenses": 901857000,
        "interestIncome": 0,
        "interestExpense": 0,
        "depreciationAndAmortization": 35697000,
        "ebitda": 132873000,
        "ebitdaratio": 0.1330016126,
        "operatingIncome": 97176000,
        "operatingIncomeRatio": 0.0972700601,
        "totalOtherIncomeExpensesNet": 2610000,
        "incomeBeforeTax": 90546000,
        "incomeBeforeTaxRatio": 0.0906336427,
        "incomeTaxExpense": 33900000,
        "netIncome": 55138000,
        "netIncomeRatio": 0.0551913701,
        "eps": 0,
        "epsdiluted": 0,
        "weightedAverageShsOut": 0,
        "weightedAverageShsOutDil": 0,
        "link": null,
        "finalLink": null
    },
    {
        "date": "2014-09-30",
        "symbol": "CSRA",
        "reportedCurrency": "USD",
        "cik": "0000000000",
        "fillingDate": "2014-09-30",
        "acceptedDate": "2014-09-30 00:00:00",
        "calendarYear": "2014",
        "period": "Q2",
        "revenue": 1036288000,
        "costOfRevenue": 819824000,
        "grossProfit": 216464000,
        "grossProfitRatio": 0.2088840168,
        "researchAndDevelopmentExpenses": 0,
        "generalAndAdministrativeExpenses": 0,
        "sellingAndMarketingExpenses": 48356000,
        "sellingGeneralAndAdministrativeExpenses": 48356000,
        "otherExpenses": -906000,
        "operatingExpenses": 84005000,
        "costAndExpenses": 903829000,
        "interestIncome": 0,
        "interestExpense": 0,
        "depreciationAndAmortization": 38121000,
        "ebitda": 170580000,
        "ebitdaratio": 0.1646067502,
        "operatingIncome": 132459000,
        "operatingIncomeRatio": 0.1278206445,
        "totalOtherIncomeExpensesNet": -6630000,
        "incomeBeforeTax": 126044000,
        "incomeBeforeTaxRatio": 0.1216302804,
        "incomeTaxExpense": 47531000,
        "netIncome": 73605000,
        "netIncomeRatio": 0.0710275522,
        "eps": 0,
        "epsdiluted": 0,
        "weightedAverageShsOut": 0,
        "weightedAverageShsOutDil": 0,
        "link": null,
        "finalLink": null
    },
    {
        "date": "2014-06-30",
        "symbol": "CSRA",
        "reportedCurrency": "USD",
        "cik": "0000000000",
        "fillingDate": "2014-06-30",
        "acceptedDate": "2014-06-30 00:00:00",
        "calendarYear": "2014",
        "period": "Q1",
        "revenue": 1033307000,
        "costOfRevenue": 835033000,
        "grossProfit": 198274000,
        "grossProfitRatio": 0.1918829544,
        "researchAndDevelopmentExpenses": 0,
        "generalAndAdministrativeExpenses": 0,
        "sellingAndMarketingExpenses": 0,
        "sellingGeneralAndAdministrativeExpenses": 43385000,
        "otherExpenses": 0,
        "operatingExpenses": 78783000,
        "costAndExpenses": 913816000,
        "interestIncome": 0,
        "interestExpense": 0,
        "depreciationAndAmortization": 37870000,
        "ebitda": 170580000,
        "ebitdaratio": 0.1650816263,
        "operatingIncome": 119491000,
        "operatingIncomeRatio": 0.1156393986,
        "totalOtherIncomeExpensesNet": -6415000,
        "incomeBeforeTax": 112332000,
        "incomeBeforeTaxRatio": 0.1087111575,
        "incomeTaxExpense": 41265000,
        "netIncome": 65295000,
        "netIncomeRatio": 0.06319032,
        "eps": 0,
        "epsdiluted": 0,
        "weightedAverageShsOut": 0,
        "weightedAverageShsOutDil": 0,
        "link": null,
        "finalLink": null
    }
]