[
    {
        "date": "2021-03-31",
        "symbol": "CTB",
        "reportedCurrency": "USD",
        "cik": "0000024491",
        "fillingDate": "2021-05-03",
        "acceptedDate": "2021-05-03 12:58:39",
        "calendarYear": "2021",
        "period": "Q1",
        "revenue": 655827000,
        "costOfRevenue": 546860000,
        "grossProfit": 108967000,
        "grossProfitRatio": 0.1661520492,
        "researchAndDevelopmentExpenses": 0,
        "generalAndAdministrativeExpenses": 0,
        "sellingAndMarketingExpenses": 0,
        "sellingGeneralAndAdministrativeExpenses": 71189000,
        "otherExpenses": 0,
        "operatingExpenses": 71189000,
        "costAndExpenses": 618049000,
        "interestIncome": 0,
        "interestExpense": 5130000,
        "depreciationAndAmortization": 41518000,
        "ebitda": 77251000,
        "ebitdaratio": 0.1177917347,
        "operatingIncome": 37778000,
        "operatingIncomeRatio": 0.0576036058,
        "totalOtherIncomeExpensesNet": -7144000,
        "incomeBeforeTax": 30634000,
        "incomeBeforeTaxRatio": 0.0467104892,
        "incomeTaxExpense": 8544000,
        "netIncome": 22059000,
        "netIncomeRatio": 0.0336353947,
        "eps": 0.44,
        "epsdiluted": 0.43,
        "weightedAverageShsOut": 50448000,
        "weightedAverageShsOutDil": 50794000,
        "link": "https://www.sec.gov/Archives/edgar/data/24491/000002449121000021/0000024491-21-000021-index.htm",
        "finalLink": "https://www.sec.gov/Archives/edgar/data/24491/000002449121000021/ctb-20210331.htm"
    },
    {
        "date": "2020-12-31",
        "symbol": "CTB",
        "reportedCurrency": "USD",
        "cik": "0000024491",
        "fillingDate": "2021-02-22",
        "acceptedDate": "2021-02-22 16:03:52",
        "calendarYear": "2020",
        "period": "Q4",
        "revenue": 728271000,
        "costOfRevenue": 599284000,
        "grossProfit": 128987000,
        "grossProfitRatio": 0.1771140139,
        "researchAndDevelopmentExpenses": 0,
        "generalAndAdministrativeExpenses": 68696000,
        "sellingAndMarketingExpenses": 0,
        "sellingGeneralAndAdministrativeExpenses": 68696000,
        "otherExpenses": 0,
        "operatingExpenses": 68696000,
        "costAndExpenses": 667980000,
        "interestIncome": 0,
        "interestExpense": 5793000,
        "depreciationAndAmortization": 40716000,
        "ebitda": 92816000,
        "ebitdaratio": 0.127447063,
        "operatingIncome": 60291000,
        "operatingIncomeRatio": 0.0827864902,
        "totalOtherIncomeExpensesNet": -14234000,
        "incomeBeforeTax": 46057000,
        "incomeBeforeTaxRatio": 0.063241568,
        "incomeTaxExpense": 8316000,
        "netIncome": 37991000,
        "netIncomeRatio": 0.0521660206,
        "eps": 0.75,
        "epsdiluted": 0.75,
        "weightedAverageShsOut": 50386000,
        "weightedAverageShsOutDil": 50744000,
        "link": "https://www.sec.gov/Archives/edgar/data/24491/000002449121000011/0000024491-21-000011-index.htm",
        "finalLink": "https://www.sec.gov/Archives/edgar/data/24491/000002449121000011/ctb-20201231.htm"
    },
    {
        "date": "2020-09-30",
        "symbol": "CTB",
        "reportedCurrency": "USD",
        "cik": "0000024491",
        "fillingDate": "2020-10-29",
        "acceptedDate": "2020-10-29 11:13:52",
        "calendarYear": "2020",
        "period": "Q3",
        "revenue": 764850000,
        "costOfRevenue": 527575000,
        "grossProfit": 237275000,
        "grossProfitRatio": 0.310224227,
        "researchAndDevelopmentExpenses": 0,
        "generalAndAdministrativeExpenses": 65768000,
        "sellingAndMarketingExpenses": 0,
        "sellingGeneralAndAdministrativeExpenses": 65768000,
        "otherExpenses": 0,
        "operatingExpenses": 65768000,
        "costAndExpenses": 593343000,
        "interestIncome": 0,
        "interestExpense": 5400000,
        "depreciationAndAmortization": 39752000,
        "ebitda": 207981000,
        "ebitdaratio": 0.2719239066,
        "operatingIncome": 171507000,
        "operatingIncomeRatio": 0.2242361247,
        "totalOtherIncomeExpensesNet": -8159000,
        "incomeBeforeTax": 163348000,
        "incomeBeforeTaxRatio": 0.2135686736,
        "incomeTaxExpense": 40225000,
        "netIncome": 122604000,
        "netIncomeRatio": 0.1602980977,
        "eps": 2.44,
        "epsdiluted": 2.42,
        "weightedAverageShsOut": 50323000,
        "weightedAverageShsOutDil": 50616000,
        "link": "https://www.sec.gov/Archives/edgar/data/24491/000002449120000036/0000024491-20-000036-index.htm",
        "finalLink": "https://www.sec.gov/Archives/edgar/data/24491/000002449120000036/a2020093010q.htm"
    },
    {
        "date": "2020-06-30",
        "symbol": "CTB",
        "reportedCurrency": "USD",
        "cik": "0000024491",
        "fillingDate": "2020-08-03",
        "acceptedDate": "2020-08-03 12:42:37",
        "calendarYear": "2020",
        "period": "Q2",
        "revenue": 496259000,
        "costOfRevenue": 430619000,
        "grossProfit": 65640000,
        "grossProfitRatio": 0.1322696415,
        "researchAndDevelopmentExpenses": 0,
        "generalAndAdministrativeExpenses": 58855000,
        "sellingAndMarketingExpenses": 0,
        "sellingGeneralAndAdministrativeExpenses": 58855000,
        "otherExpenses": 0,
        "operatingExpenses": 58855000,
        "costAndExpenses": 489474000,
        "interestIncome": 0,
        "interestExpense": 6507000,
        "depreciationAndAmortization": 40572000,
        "ebitda": 39982000,
        "ebitdaratio": 0.0805668008,
        "operatingIncome": 6785000,
        "operatingIncomeRatio": 0.0136722961,
        "totalOtherIncomeExpensesNet": -13310000,
        "incomeBeforeTax": -6525000,
        "incomeBeforeTaxRatio": -0.0131483762,
        "incomeTaxExpense": -882000,
        "netIncome": -6215000,
        "netIncomeRatio": -0.0125237023,
        "eps": -0.12,
        "epsdiluted": -0.12,
        "weightedAverageShsOut": 50282000,
        "weightedAverageShsOutDil": 50282000,
        "link": "https://www.sec.gov/Archives/edgar/data/24491/000002449120000024/0000024491-20-000024-index.htm",
        "finalLink": "https://www.sec.gov/Archives/edgar/data/24491/000002449120000024/a2020063010q.htm"
    },
    {
        "date": "2020-03-31",
        "symbol": "CTB",
        "reportedCurrency": "USD",
        "cik": "0000024491",
        "fillingDate": "2020-05-07",
        "acceptedDate": "2020-05-07 12:36:51",
        "calendarYear": "2020",
        "period": "Q1",
        "revenue": 531694000,
        "costOfRevenue": 475781000,
        "grossProfit": 55913000,
        "grossProfitRatio": 0.1051601109,
        "researchAndDevelopmentExpenses": 0,
        "generalAndAdministrativeExpenses": 51211000,
        "sellingAndMarketingExpenses": 0,
        "sellingGeneralAndAdministrativeExpenses": 51211000,
        "otherExpenses": 0,
        "operatingExpenses": 51211000,
        "costAndExpenses": 526992000,
        "interestIncome": 0,
        "interestExpense": 5007000,
        "depreciationAndAmortization": 37807000,
        "ebitda": 30564000,
        "ebitdaratio": 0.057484192,
        "operatingIncome": 4702000,
        "operatingIncomeRatio": 0.0088434325,
        "totalOtherIncomeExpensesNet": -16678000,
        "incomeBeforeTax": -11976000,
        "incomeBeforeTaxRatio": -0.0225242339,
        "incomeTaxExpense": -659000,
        "netIncome": -11591000,
        "netIncomeRatio": -0.0218001332,
        "eps": -0.23,
        "epsdiluted": -0.23,
        "weightedAverageShsOut": 50236000,
        "weightedAverageShsOutDil": 50236000,
        "link": "https://www.sec.gov/Archives/edgar/data/24491/000002449120000013/0000024491-20-000013-index.html",
        "finalLink": "https://www.sec.gov/Archives/edgar/data/24491/000002449120000013/a2020033110q.htm"
    },
    {
        "date": "2019-12-31",
        "symbol": "CTB",
        "reportedCurrency": "USD",
        "cik": "0000024491",
        "fillingDate": "2020-02-24",
        "acceptedDate": "2020-02-24 17:29:02",
        "calendarYear": "2019",
        "period": "Q4",
        "revenue": 750211000,
        "costOfRevenue": 618687000,
        "grossProfit": 131524000,
        "grossProfitRatio": 0.1753160111,
        "researchAndDevelopmentExpenses": 0,
        "generalAndAdministrativeExpenses": 66565000,
        "sellingAndMarketingExpenses": 0,
        "sellingGeneralAndAdministrativeExpenses": 66565000,
        "otherExpenses": 0,
        "operatingExpenses": 66565000,
        "costAndExpenses": 685252000,
        "interestIncome": 0,
        "interestExpense": 7590000,
        "depreciationAndAmortization": 36536000,
        "ebitda": 86831000,
        "ebitdaratio": 0.1157421046,
        "operatingIncome": 64959000,
        "operatingIncomeRatio": 0.08658764,
        "totalOtherIncomeExpensesNet": -20642000,
        "incomeBeforeTax": 44317000,
        "incomeBeforeTaxRatio": 0.0590727142,
        "incomeTaxExpense": -8553000,
        "netIncome": 51258000,
        "netIncomeRatio": 0.068324778,
        "eps": 1.02,
        "epsdiluted": 1.02,
        "weightedAverageShsOut": 50189000,
        "weightedAverageShsOutDil": 50420000,
        "link": "https://www.sec.gov/Archives/edgar/data/24491/000002449120000004/0000024491-20-000004-index.html",
        "finalLink": "https://www.sec.gov/Archives/edgar/data/24491/000002449120000004/a2019123110k.htm"
    },
    {
        "date": "2019-09-30",
        "symbol": "CTB",
        "reportedCurrency": "USD",
        "cik": "0000024491",
        "fillingDate": "2019-10-28",
        "acceptedDate": "2019-10-28 13:32:30",
        "calendarYear": "2019",
        "period": "Q3",
        "revenue": 704134000,
        "costOfRevenue": 589768000,
        "grossProfit": 114366000,
        "grossProfitRatio": 0.1624207892,
        "researchAndDevelopmentExpenses": 0,
        "generalAndAdministrativeExpenses": 60786000,
        "sellingAndMarketingExpenses": 0,
        "sellingGeneralAndAdministrativeExpenses": 60786000,
        "otherExpenses": 0,
        "operatingExpenses": 60786000,
        "costAndExpenses": 650554000,
        "interestIncome": 0,
        "interestExpense": 7476000,
        "depreciationAndAmortization": 37171000,
        "ebitda": 81712000,
        "ebitdaratio": 0.1160460935,
        "operatingIncome": 53580000,
        "operatingIncomeRatio": 0.0760934708,
        "totalOtherIncomeExpensesNet": -16851000,
        "incomeBeforeTax": 36729000,
        "incomeBeforeTaxRatio": 0.0521619464,
        "incomeTaxExpense": 7721000,
        "netIncome": 29344000,
        "netIncomeRatio": 0.0416738859,
        "eps": 0.58,
        "epsdiluted": 0.58,
        "weightedAverageShsOut": 50179000,
        "weightedAverageShsOutDil": 50358000,
        "link": "https://www.sec.gov/Archives/edgar/data/24491/000002449119000035/0000024491-19-000035-index.html",
        "finalLink": "https://www.sec.gov/Archives/edgar/data/24491/000002449119000035/a2019093010q.htm"
    },
    {
        "date": "2019-06-30",
        "symbol": "CTB",
        "reportedCurrency": "USD",
        "cik": "0000024491",
        "fillingDate": "2019-07-29",
        "acceptedDate": "2019-07-29 12:09:37",
        "calendarYear": "2019",
        "period": "Q2",
        "revenue": 679130000,
        "costOfRevenue": 579989000,
        "grossProfit": 99141000,
        "grossProfitRatio": 0.1459823598,
        "researchAndDevelopmentExpenses": 0,
        "generalAndAdministrativeExpenses": 65811000,
        "sellingAndMarketingExpenses": 0,
        "sellingGeneralAndAdministrativeExpenses": 65811000,
        "otherExpenses": 0,
        "operatingExpenses": 65811000,
        "costAndExpenses": 645800000,
        "interestIncome": 0,
        "interestExpense": 7810000,
        "depreciationAndAmortization": 37049000,
        "ebitda": 59531000,
        "ebitdaratio": 0.0876577386,
        "operatingIncome": 33330000,
        "operatingIncomeRatio": 0.0490774962,
        "totalOtherIncomeExpensesNet": -18221000,
        "incomeBeforeTax": 15109000,
        "incomeBeforeTaxRatio": 0.0222475815,
        "incomeTaxExpense": 5851000,
        "netIncome": 8821000,
        "netIncomeRatio": 0.0129886767,
        "eps": 0.18,
        "epsdiluted": 0.18,
        "weightedAverageShsOut": 50165000,
        "weightedAverageShsOutDil": 50362000,
        "link": "https://www.sec.gov/Archives/edgar/data/24491/000002449119000029/0000024491-19-000029-index.htm",
        "finalLink": "https://www.sec.gov/Archives/edgar/data/24491/000002449119000029/a2019063010q.htm"
    },
    {
        "date": "2019-03-31",
        "symbol": "CTB",
        "reportedCurrency": "USD",
        "cik": "0000024491",
        "fillingDate": "2019-04-29",
        "acceptedDate": "2019-04-29 12:00:13",
        "calendarYear": "2019",
        "period": "Q1",
        "revenue": 619163000,
        "costOfRevenue": 530904000,
        "grossProfit": 88259000,
        "grossProfitRatio": 0.1425456625,
        "researchAndDevelopmentExpenses": 0,
        "generalAndAdministrativeExpenses": 56855000,
        "sellingAndMarketingExpenses": 0,
        "sellingGeneralAndAdministrativeExpenses": 56855000,
        "otherExpenses": 0,
        "operatingExpenses": 56855000,
        "costAndExpenses": 587759000,
        "interestIncome": 0,
        "interestExpense": 8314000,
        "depreciationAndAmortization": 37298000,
        "ebitda": 58928000,
        "ebitdaratio": 0.0951736457,
        "operatingIncome": 31404000,
        "operatingIncomeRatio": 0.050720085,
        "totalOtherIncomeExpensesNet": -17889000,
        "incomeBeforeTax": 13515000,
        "incomeBeforeTaxRatio": 0.0218278547,
        "incomeTaxExpense": 6337000,
        "netIncome": 6979000,
        "netIncomeRatio": 0.0112716684,
        "eps": 0.14,
        "epsdiluted": 0.14,
        "weightedAverageShsOut": 50100000,
        "weightedAverageShsOutDil": 50378000,
        "link": "https://www.sec.gov/Archives/edgar/data/24491/000002449119000016/0000024491-19-000016-index.html",
        "finalLink": "https://www.sec.gov/Archives/edgar/data/24491/000002449119000016/a2019033110q.htm"
    },
    {
        "date": "2018-12-31",
        "symbol": "CTB",
        "reportedCurrency": "USD",
        "cik": "0000024491",
        "fillingDate": "2019-02-19",
        "acceptedDate": "2019-02-19 13:10:04",
        "calendarYear": "2018",
        "period": "Q4",
        "revenue": 770487000,
        "costOfRevenue": 645849000,
        "grossProfit": 124638000,
        "grossProfitRatio": 0.1617652212,
        "researchAndDevelopmentExpenses": 0,
        "generalAndAdministrativeExpenses": 65985000,
        "sellingAndMarketingExpenses": 0,
        "sellingGeneralAndAdministrativeExpenses": 65985000,
        "otherExpenses": 0,
        "operatingExpenses": 65985000,
        "costAndExpenses": 711834000,
        "interestIncome": 0,
        "interestExpense": 8143000,
        "depreciationAndAmortization": 36951000,
        "ebitda": 56226000,
        "ebitdaratio": 0.0729746251,
        "operatingIncome": 58653000,
        "operatingIncomeRatio": 0.0761245809,
        "totalOtherIncomeExpensesNet": -46664000,
        "incomeBeforeTax": 11989000,
        "incomeBeforeTaxRatio": 0.0155602885,
        "incomeTaxExpense": 11551000,
        "netIncome": -419000,
        "netIncomeRatio": -0.0005438119,
        "eps": -0.0084,
        "epsdiluted": -0.0083,
        "weightedAverageShsOut": 50073000,
        "weightedAverageShsOutDil": 50344000,
        "link": "https://www.sec.gov/Archives/edgar/data/24491/000002449119000012/0000024491-19-000012-index.html",
        "finalLink": "https://www.sec.gov/Archives/edgar/data/24491/000002449119000012/a2018123110k.htm"
    },
    {
        "date": "2018-09-30",
        "symbol": "CTB",
        "reportedCurrency": "USD",
        "cik": "0000024491",
        "fillingDate": "2018-10-29",
        "acceptedDate": "2018-10-29 11:35:56",
        "calendarYear": "2018",
        "period": "Q3",
        "revenue": 737671000,
        "costOfRevenue": 597724000,
        "grossProfit": 139947000,
        "grossProfitRatio": 0.189714656,
        "researchAndDevelopmentExpenses": 0,
        "generalAndAdministrativeExpenses": 58746000,
        "sellingAndMarketingExpenses": 0,
        "sellingGeneralAndAdministrativeExpenses": 58746000,
        "otherExpenses": 0,
        "operatingExpenses": 58746000,
        "costAndExpenses": 656470000,
        "interestIncome": 0,
        "interestExpense": 7930000,
        "depreciationAndAmortization": 36623000,
        "ebitda": 114493000,
        "ebitdaratio": 0.1552087584,
        "operatingIncome": 81201000,
        "operatingIncomeRatio": 0.1100775278,
        "totalOtherIncomeExpensesNet": -9541000,
        "incomeBeforeTax": 71660000,
        "incomeBeforeTaxRatio": 0.0971435776,
        "incomeTaxExpense": 16227000,
        "netIncome": 53713000,
        "netIncomeRatio": 0.0728143034,
        "eps": 1.07,
        "epsdiluted": 1.07,
        "weightedAverageShsOut": 50065000,
        "weightedAverageShsOutDil": 50279000,
        "link": "https://www.sec.gov/Archives/edgar/data/24491/000002449118000024/0000024491-18-000024-index.html",
        "finalLink": "https://www.sec.gov/Archives/edgar/data/24491/000002449118000024/ctb-09302018x10q.htm"
    },
    {
        "date": "2018-06-30",
        "symbol": "CTB",
        "reportedCurrency": "USD",
        "cik": "0000024491",
        "fillingDate": "2018-08-06",
        "acceptedDate": "2018-08-06 14:51:09",
        "calendarYear": "2018",
        "period": "Q2",
        "revenue": 698408000,
        "costOfRevenue": 604185000,
        "grossProfit": 94223000,
        "grossProfitRatio": 0.1349111121,
        "researchAndDevelopmentExpenses": 0,
        "generalAndAdministrativeExpenses": 61460000,
        "sellingAndMarketingExpenses": 0,
        "sellingGeneralAndAdministrativeExpenses": 61460000,
        "otherExpenses": 0,
        "operatingExpenses": 61460000,
        "costAndExpenses": 665645000,
        "interestIncome": 0,
        "interestExpense": 8417000,
        "depreciationAndAmortization": 37163000,
        "ebitda": 62855000,
        "ebitdaratio": 0.0899975373,
        "operatingIncome": 32763000,
        "operatingIncomeRatio": 0.0469109747,
        "totalOtherIncomeExpensesNet": -14787000,
        "incomeBeforeTax": 17976000,
        "incomeBeforeTaxRatio": 0.0257385368,
        "incomeTaxExpense": 2267000,
        "netIncome": 15008000,
        "netIncomeRatio": 0.0214888718,
        "eps": 0.3,
        "epsdiluted": 0.3,
        "weightedAverageShsOut": 50436000,
        "weightedAverageShsOutDil": 50590000,
        "link": "https://www.sec.gov/Archives/edgar/data/24491/000002449118000017/0000024491-18-000017-index.html",
        "finalLink": "https://www.sec.gov/Archives/edgar/data/24491/000002449118000017/ctb-06302018x10q.htm"
    },
    {
        "date": "2018-03-31",
        "symbol": "CTB",
        "reportedCurrency": "USD",
        "cik": "0000024491",
        "fillingDate": "2018-04-30",
        "acceptedDate": "2018-04-30 12:18:51",
        "calendarYear": "2018",
        "period": "Q1",
        "revenue": 601496000,
        "costOfRevenue": 517011000,
        "grossProfit": 84485000,
        "grossProfitRatio": 0.1404581244,
        "researchAndDevelopmentExpenses": 0,
        "generalAndAdministrativeExpenses": 58031000,
        "sellingAndMarketingExpenses": 0,
        "sellingGeneralAndAdministrativeExpenses": 58031000,
        "otherExpenses": 0,
        "operatingExpenses": 58031000,
        "costAndExpenses": 575042000,
        "interestIncome": 0,
        "interestExpense": 7691000,
        "depreciationAndAmortization": 36424000,
        "ebitda": 55851000,
        "ebitdaratio": 0.0928534853,
        "operatingIncome": 26454000,
        "operatingIncomeRatio": 0.0439803423,
        "totalOtherIncomeExpensesNet": -14020000,
        "incomeBeforeTax": 12434000,
        "incomeBeforeTaxRatio": 0.0206717917,
        "incomeTaxExpense": 3451000,
        "netIncome": 8285000,
        "netIncomeRatio": 0.0137739902,
        "eps": 0.16,
        "epsdiluted": 0.16,
        "weightedAverageShsOut": 50838000,
        "weightedAverageShsOutDil": 51179000,
        "link": "https://www.sec.gov/Archives/edgar/data/24491/000002449118000006/0000024491-18-000006-index.html",
        "finalLink": "https://www.sec.gov/Archives/edgar/data/24491/000002449118000006/ctb-03312018x10q.htm"
    },
    {
        "date": "2017-12-31",
        "symbol": "CTB",
        "reportedCurrency": "USD",
        "cik": "0000024491",
        "fillingDate": "2018-02-20",
        "acceptedDate": "2018-02-20 14:30:02",
        "calendarYear": "2017",
        "period": "Q4",
        "revenue": 757035000,
        "costOfRevenue": 646016000,
        "grossProfit": 111019000,
        "grossProfitRatio": 0.1466497586,
        "researchAndDevelopmentExpenses": 0,
        "generalAndAdministrativeExpenses": 64174000,
        "sellingAndMarketingExpenses": 0,
        "sellingGeneralAndAdministrativeExpenses": 64174000,
        "otherExpenses": 0,
        "operatingExpenses": 64174000,
        "costAndExpenses": 710190000,
        "interestIncome": 0,
        "interestExpense": 8419000,
        "depreciationAndAmortization": 33576000,
        "ebitda": 79767000,
        "ebitdaratio": 0.1053676514,
        "operatingIncome": 46845000,
        "operatingIncomeRatio": 0.0618795696,
        "totalOtherIncomeExpensesNet": -8035000,
        "incomeBeforeTax": 38810000,
        "incomeBeforeTaxRatio": 0.0512657935,
        "incomeTaxExpense": 79930000,
        "netIncome": -42158000,
        "netIncomeRatio": -0.0556883103,
        "eps": -0.82,
        "epsdiluted": -0.82,
        "weightedAverageShsOut": 51173000,
        "weightedAverageShsOutDil": 51566000,
        "link": "https://www.sec.gov/Archives/edgar/data/24491/000002449118000003/0000024491-18-000003-index.html",
        "finalLink": "https://www.sec.gov/Archives/edgar/data/24491/000002449118000003/ctb-12312017x10k.htm"
    },
    {
        "date": "2017-09-30",
        "symbol": "CTB",
        "reportedCurrency": "USD",
        "cik": "0000024491",
        "fillingDate": "2017-10-30",
        "acceptedDate": "2017-10-30 11:50:51",
        "calendarYear": "2017",
        "period": "Q3",
        "revenue": 733843000,
        "costOfRevenue": 569116000,
        "grossProfit": 164727000,
        "grossProfitRatio": 0.2244717194,
        "researchAndDevelopmentExpenses": 0,
        "generalAndAdministrativeExpenses": 63350000,
        "sellingAndMarketingExpenses": 0,
        "sellingGeneralAndAdministrativeExpenses": 63350000,
        "otherExpenses": 0,
        "operatingExpenses": 63350000,
        "costAndExpenses": 632466000,
        "interestIncome": 0,
        "interestExpense": 7591000,
        "depreciationAndAmortization": 35976000,
        "ebitda": 137178000,
        "ebitdaratio": 0.1869309921,
        "operatingIncome": 101377000,
        "operatingIncomeRatio": 0.1381453526,
        "totalOtherIncomeExpensesNet": -6793000,
        "incomeBeforeTax": 94584000,
        "incomeBeforeTaxRatio": 0.1288886042,
        "incomeTaxExpense": 31924000,
        "netIncome": 61687000,
        "netIncomeRatio": 0.0840602145,
        "eps": 1.19,
        "epsdiluted": 1.18,
        "weightedAverageShsOut": 52042000,
        "weightedAverageShsOutDil": 52435000,
        "link": "https://www.sec.gov/Archives/edgar/data/24491/000002449117000019/0000024491-17-000019-index.html",
        "finalLink": "https://www.sec.gov/Archives/edgar/data/24491/000002449117000019/ctb-09302017x10q.htm"
    },
    {
        "date": "2017-06-30",
        "symbol": "CTB",
        "reportedCurrency": "USD",
        "cik": "0000024491",
        "fillingDate": "2017-08-04",
        "acceptedDate": "2017-08-04 14:20:05",
        "calendarYear": "2017",
        "period": "Q2",
        "revenue": 720753000,
        "costOfRevenue": 589913000,
        "grossProfit": 130840000,
        "grossProfitRatio": 0.1815323696,
        "researchAndDevelopmentExpenses": 0,
        "generalAndAdministrativeExpenses": 56008000,
        "sellingAndMarketingExpenses": 0,
        "sellingGeneralAndAdministrativeExpenses": 56008000,
        "otherExpenses": 0,
        "operatingExpenses": 56008000,
        "costAndExpenses": 645921000,
        "interestIncome": 0,
        "interestExpense": 8210000,
        "depreciationAndAmortization": 35927000,
        "ebitda": 111745000,
        "ebitdaratio": 0.1550392437,
        "operatingIncome": 74832000,
        "operatingIncomeRatio": 0.1038247499,
        "totalOtherIncomeExpensesNet": -6710000,
        "incomeBeforeTax": 68122000,
        "incomeBeforeTaxRatio": 0.0945150419,
        "incomeTaxExpense": 22298000,
        "netIncome": 45310000,
        "netIncomeRatio": 0.0628648094,
        "eps": 0.86,
        "epsdiluted": 0.85,
        "weightedAverageShsOut": 52796000,
        "weightedAverageShsOutDil": 53191000,
        "link": "https://www.sec.gov/Archives/edgar/data/24491/000002449117000016/0000024491-17-000016-index.html",
        "finalLink": "https://www.sec.gov/Archives/edgar/data/24491/000002449117000016/ctb-06302017x10q.htm"
    },
    {
        "date": "2017-03-31",
        "symbol": "CTB",
        "reportedCurrency": "USD",
        "cik": "0000024491",
        "fillingDate": "2017-04-27",
        "acceptedDate": "2017-04-27 12:50:26",
        "calendarYear": "2017",
        "period": "Q1",
        "revenue": 643025000,
        "costOfRevenue": 533107000,
        "grossProfit": 109918000,
        "grossProfitRatio": 0.1709389215,
        "researchAndDevelopmentExpenses": 0,
        "generalAndAdministrativeExpenses": 61248000,
        "sellingAndMarketingExpenses": 0,
        "sellingGeneralAndAdministrativeExpenses": 61248000,
        "otherExpenses": 0,
        "operatingExpenses": 61248000,
        "costAndExpenses": 594355000,
        "interestIncome": 0,
        "interestExpense": 7827000,
        "depreciationAndAmortization": 34749000,
        "ebitda": 86166000,
        "ebitdaratio": 0.1340010108,
        "operatingIncome": 48670000,
        "operatingIncomeRatio": 0.0756891256,
        "totalOtherIncomeExpensesNet": -6260000,
        "incomeBeforeTax": 42410000,
        "incomeBeforeTaxRatio": 0.0659538898,
        "incomeTaxExpense": 13029000,
        "netIncome": 30561000,
        "netIncomeRatio": 0.0475269235,
        "eps": 0.58,
        "epsdiluted": 0.57,
        "weightedAverageShsOut": 52835000,
        "weightedAverageShsOutDil": 53422000,
        "link": "https://www.sec.gov/Archives/edgar/data/24491/000002449117000007/0000024491-17-000007-index.html",
        "finalLink": "https://www.sec.gov/Archives/edgar/data/24491/000002449117000007/ctb-03312017x10q.htm"
    },
    {
        "date": "2016-12-31",
        "symbol": "CTB",
        "reportedCurrency": "USD",
        "cik": "0000024491",
        "fillingDate": "2017-02-17",
        "acceptedDate": "2017-02-17 12:56:14",
        "calendarYear": "2016",
        "period": "Q4",
        "revenue": 783887000,
        "costOfRevenue": 614587000,
        "grossProfit": 169300000,
        "grossProfitRatio": 0.2159750066,
        "researchAndDevelopmentExpenses": 0,
        "generalAndAdministrativeExpenses": 64162000,
        "sellingAndMarketingExpenses": 0,
        "sellingGeneralAndAdministrativeExpenses": 64162000,
        "otherExpenses": 0,
        "operatingExpenses": 64162000,
        "costAndExpenses": 678749000,
        "interestIncome": 0,
        "interestExpense": 6887000,
        "depreciationAndAmortization": 33329000,
        "ebitda": 138830000,
        "ebitdaratio": 0.1771046082,
        "operatingIncome": 105138000,
        "operatingIncomeRatio": 0.1341239235,
        "totalOtherIncomeExpensesNet": -5156000,
        "incomeBeforeTax": 99982000,
        "incomeBeforeTaxRatio": 0.1275464448,
        "incomeTaxExpense": 29290000,
        "netIncome": 69324000,
        "netIncomeRatio": 0.0884362159,
        "eps": 1.3,
        "epsdiluted": 1.28,
        "weightedAverageShsOut": 53322000,
        "weightedAverageShsOutDil": 53991000,
        "link": "https://www.sec.gov/Archives/edgar/data/24491/000002449117000004/0000024491-17-000004-index.html",
        "finalLink": "https://www.sec.gov/Archives/edgar/data/24491/000002449117000004/ctb-123116x10k.htm"
    },
    {
        "date": "2016-09-30",
        "symbol": "CTB",
        "reportedCurrency": "USD",
        "cik": "0000024491",
        "fillingDate": "2016-10-31",
        "acceptedDate": "2016-10-31 11:34:03",
        "calendarYear": "2016",
        "period": "Q3",
        "revenue": 750913000,
        "costOfRevenue": 597961000,
        "grossProfit": 152952000,
        "grossProfitRatio": 0.2036880438,
        "researchAndDevelopmentExpenses": 0,
        "generalAndAdministrativeExpenses": 74724000,
        "sellingAndMarketingExpenses": 0,
        "sellingGeneralAndAdministrativeExpenses": 74724000,
        "otherExpenses": 0,
        "operatingExpenses": 74724000,
        "costAndExpenses": 672685000,
        "interestIncome": 0,
        "interestExpense": 6795000,
        "depreciationAndAmortization": 32836000,
        "ebitda": 112691000,
        "ebitdaratio": 0.150071979,
        "operatingIncome": 78228000,
        "operatingIncomeRatio": 0.1041771816,
        "totalOtherIncomeExpensesNet": -3992000,
        "incomeBeforeTax": 74236000,
        "incomeBeforeTaxRatio": 0.0988609866,
        "incomeTaxExpense": 23757000,
        "netIncome": 49303000,
        "netIncomeRatio": 0.0656574064,
        "eps": 0.91,
        "epsdiluted": 0.9,
        "weightedAverageShsOut": 54055000,
        "weightedAverageShsOutDil": 54680000,
        "link": "https://www.sec.gov/Archives/edgar/data/24491/000119312516752859/0001193125-16-752859-index.html",
        "finalLink": "https://www.sec.gov/Archives/edgar/data/24491/000119312516752859/d269043d10q.htm"
    },
    {
        "date": "2016-06-30",
        "symbol": "CTB",
        "reportedCurrency": "USD",
        "cik": "0000024491",
        "fillingDate": "2016-08-04",
        "acceptedDate": "2016-08-04 12:31:33",
        "calendarYear": "2016",
        "period": "Q2",
        "revenue": 740294000,
        "costOfRevenue": 560625000,
        "grossProfit": 179669000,
        "grossProfitRatio": 0.2426995221,
        "researchAndDevelopmentExpenses": 0,
        "generalAndAdministrativeExpenses": 69753000,
        "sellingAndMarketingExpenses": 0,
        "sellingGeneralAndAdministrativeExpenses": 69753000,
        "otherExpenses": 0,
        "operatingExpenses": 69753000,
        "costAndExpenses": 630378000,
        "interestIncome": 0,
        "interestExpense": 6286000,
        "depreciationAndAmortization": 32300000,
        "ebitda": 143989000,
        "ebitdaratio": 0.1945024544,
        "operatingIncome": 109916000,
        "operatingIncomeRatio": 0.148476146,
        "totalOtherIncomeExpensesNet": -3911000,
        "incomeBeforeTax": 106005000,
        "incomeBeforeTaxRatio": 0.1431931098,
        "incomeTaxExpense": 34654000,
        "netIncome": 70749000,
        "netIncomeRatio": 0.0955687875,
        "eps": 1.29,
        "epsdiluted": 1.27,
        "weightedAverageShsOut": 55020000,
        "weightedAverageShsOutDil": 55602000,
        "link": "https://www.sec.gov/Archives/edgar/data/24491/000119312516671380/0001193125-16-671380-index.htm",
        "finalLink": "https://www.sec.gov/Archives/edgar/data/24491/000119312516671380/d221383d10q.htm"
    },
    {
        "date": "2016-03-31",
        "symbol": "CTB",
        "reportedCurrency": "USD",
        "cik": "0000024491",
        "fillingDate": "2016-04-29",
        "acceptedDate": "2016-04-29 13:21:20",
        "calendarYear": "2016",
        "period": "Q1",
        "revenue": 649775000,
        "costOfRevenue": 499346000,
        "grossProfit": 150429000,
        "grossProfitRatio": 0.2315093686,
        "researchAndDevelopmentExpenses": 0,
        "generalAndAdministrativeExpenses": 59325000,
        "sellingAndMarketingExpenses": 0,
        "sellingGeneralAndAdministrativeExpenses": 59325000,
        "otherExpenses": 0,
        "operatingExpenses": 59325000,
        "costAndExpenses": 558671000,
        "interestIncome": 0,
        "interestExpense": 6636000,
        "depreciationAndAmortization": 31792000,
        "ebitda": 125531000,
        "ebitdaratio": 0.1931914894,
        "operatingIncome": 91104000,
        "operatingIncomeRatio": 0.1402085337,
        "totalOtherIncomeExpensesNet": -4234000,
        "incomeBeforeTax": 86870000,
        "incomeBeforeTaxRatio": 0.133692432,
        "incomeTaxExpense": 28098000,
        "netIncome": 59005000,
        "netIncomeRatio": 0.0908083567,
        "eps": 1.06,
        "epsdiluted": 1.05,
        "weightedAverageShsOut": 55535000,
        "weightedAverageShsOutDil": 56132000,
        "link": "https://www.sec.gov/Archives/edgar/data/24491/000119312516567833/0001193125-16-567833-index.html",
        "finalLink": "https://www.sec.gov/Archives/edgar/data/24491/000119312516567833/d169971d10q.htm"
    },
    {
        "date": "2015-12-31",
        "symbol": "CTB",
        "reportedCurrency": "USD",
        "cik": "0000024491",
        "fillingDate": "2016-02-23",
        "acceptedDate": "2016-02-23 15:29:03",
        "calendarYear": "2015",
        "period": "Q4",
        "revenue": 775546000,
        "costOfRevenue": 603697000,
        "grossProfit": 171849000,
        "grossProfitRatio": 0.2215845353,
        "researchAndDevelopmentExpenses": 0,
        "generalAndAdministrativeExpenses": 69318000,
        "sellingAndMarketingExpenses": 0,
        "sellingGeneralAndAdministrativeExpenses": 69318000,
        "otherExpenses": 0,
        "operatingExpenses": 69318000,
        "costAndExpenses": 673015000,
        "interestIncome": 0,
        "interestExpense": 5335000,
        "depreciationAndAmortization": 30820000,
        "ebitda": 131807000,
        "ebitdaratio": 0.1699538132,
        "operatingIncome": 102531000,
        "operatingIncomeRatio": 0.132204924,
        "totalOtherIncomeExpensesNet": -6610000,
        "incomeBeforeTax": 95921000,
        "incomeBeforeTaxRatio": 0.1236818964,
        "incomeTaxExpense": 36406000,
        "netIncome": 59246000,
        "netIncomeRatio": 0.0763926318,
        "eps": 1.06,
        "epsdiluted": 1.04,
        "weightedAverageShsOut": 56061000,
        "weightedAverageShsOutDil": 56699000,
        "link": "https://www.sec.gov/Archives/edgar/data/24491/000119312516473434/0001193125-16-473434-index.html",
        "finalLink": "https://www.sec.gov/Archives/edgar/data/24491/000119312516473434/d115787d10k.htm"
    },
    {
        "date": "2015-09-30",
        "symbol": "CTB",
        "reportedCurrency": "USD",
        "cik": "0000024491",
        "fillingDate": "2015-11-02",
        "acceptedDate": "2015-11-02 13:02:12",
        "calendarYear": "2015",
        "period": "Q3",
        "revenue": 782368000,
        "costOfRevenue": 628414000,
        "grossProfit": 153954000,
        "grossProfitRatio": 0.1967795206,
        "researchAndDevelopmentExpenses": 0,
        "generalAndAdministrativeExpenses": 71787000,
        "sellingAndMarketingExpenses": 0,
        "sellingGeneralAndAdministrativeExpenses": 71787000,
        "otherExpenses": 0,
        "operatingExpenses": 71787000,
        "costAndExpenses": 700201000,
        "interestIncome": 0,
        "interestExpense": 5889000,
        "depreciationAndAmortization": 31131000,
        "ebitda": 114720000,
        "ebitdaratio": 0.1466317641,
        "operatingIncome": 82167000,
        "operatingIncomeRatio": 0.1050234672,
        "totalOtherIncomeExpensesNet": -3994000,
        "incomeBeforeTax": 78173000,
        "incomeBeforeTaxRatio": 0.0999184527,
        "incomeTaxExpense": 24524000,
        "netIncome": 53176000,
        "netIncomeRatio": 0.0679680151,
        "eps": 0.94,
        "epsdiluted": 0.93,
        "weightedAverageShsOut": 56693000,
        "weightedAverageShsOutDil": 57232000,
        "link": "https://www.sec.gov/Archives/edgar/data/24491/000119312515361893/0001193125-15-361893-index.html",
        "finalLink": "https://www.sec.gov/Archives/edgar/data/24491/000119312515361893/d33033d10q.htm"
    },
    {
        "date": "2015-06-30",
        "symbol": "CTB",
        "reportedCurrency": "USD",
        "cik": "0000024491",
        "fillingDate": "2015-08-06",
        "acceptedDate": "2015-08-06 11:29:58",
        "calendarYear": "2015",
        "period": "Q2",
        "revenue": 751781000,
        "costOfRevenue": 592089000,
        "grossProfit": 159692000,
        "grossProfitRatio": 0.2124182441,
        "researchAndDevelopmentExpenses": 0,
        "generalAndAdministrativeExpenses": 60264000,
        "sellingAndMarketingExpenses": 0,
        "sellingGeneralAndAdministrativeExpenses": 60264000,
        "otherExpenses": 0,
        "operatingExpenses": 60264000,
        "costAndExpenses": 652353000,
        "interestIncome": 0,
        "interestExpense": 6240000,
        "depreciationAndAmortization": 29987000,
        "ebitda": 130627000,
        "ebitdaratio": 0.173756719,
        "operatingIncome": 99428000,
        "operatingIncomeRatio": 0.1322566013,
        "totalOtherIncomeExpensesNet": -4134000,
        "incomeBeforeTax": 95294000,
        "incomeBeforeTaxRatio": 0.1267576595,
        "incomeTaxExpense": 34818000,
        "netIncome": 59582000,
        "netIncomeRatio": 0.0792544637,
        "eps": 1.04,
        "epsdiluted": 1.03,
        "weightedAverageShsOut": 57244000,
        "weightedAverageShsOutDil": 57778000,
        "link": "https://www.sec.gov/Archives/edgar/data/24491/000119312515280391/0001193125-15-280391-index.html",
        "finalLink": "https://www.sec.gov/Archives/edgar/data/24491/000119312515280391/d24767d10q.htm"
    },
    {
        "date": "2015-03-31",
        "symbol": "CTB",
        "reportedCurrency": "USD",
        "cik": "0000024491",
        "fillingDate": "2015-05-01",
        "acceptedDate": "2015-05-01 13:32:58",
        "calendarYear": "2015",
        "period": "Q1",
        "revenue": 663206000,
        "costOfRevenue": 531251000,
        "grossProfit": 131955000,
        "grossProfitRatio": 0.198965329,
        "researchAndDevelopmentExpenses": 0,
        "generalAndAdministrativeExpenses": 61602000,
        "sellingAndMarketingExpenses": 0,
        "sellingGeneralAndAdministrativeExpenses": 61602000,
        "otherExpenses": 0,
        "operatingExpenses": 61602000,
        "costAndExpenses": 592853000,
        "interestIncome": 0,
        "interestExpense": 6356000,
        "depreciationAndAmortization": 29470000,
        "ebitda": 99063000,
        "ebitdaratio": 0.149369879,
        "operatingIncome": 70353000,
        "operatingIncomeRatio": 0.1060801621,
        "totalOtherIncomeExpensesNet": -5714000,
        "incomeBeforeTax": 64639000,
        "incomeBeforeTaxRatio": 0.0974644379,
        "incomeTaxExpense": 22476000,
        "netIncome": 40761000,
        "netIncomeRatio": 0.0614605417,
        "eps": 0.7,
        "epsdiluted": 0.69,
        "weightedAverageShsOut": 58076000,
        "weightedAverageShsOutDil": 59325000,
        "link": "https://www.sec.gov/Archives/edgar/data/24491/000119312515165640/0001193125-15-165640-index.html",
        "finalLink": "https://www.sec.gov/Archives/edgar/data/24491/000119312515165640/d898287d10q.htm"
    },
    {
        "date": "2014-12-31",
        "symbol": "CTB",
        "reportedCurrency": "USD",
        "cik": "0000024491",
        "fillingDate": "2015-02-23",
        "acceptedDate": "2015-02-23 14:30:11",
        "calendarYear": "2014",
        "period": "Q4",
        "revenue": 819584000,
        "costOfRevenue": 699241000,
        "grossProfit": 120343000,
        "grossProfitRatio": 0.1468342476,
        "researchAndDevelopmentExpenses": 0,
        "generalAndAdministrativeExpenses": 66760000,
        "sellingAndMarketingExpenses": 0,
        "sellingGeneralAndAdministrativeExpenses": 66760000,
        "otherExpenses": 0,
        "operatingExpenses": 66760000,
        "costAndExpenses": 766001000,
        "interestIncome": 0,
        "interestExpense": 7178000,
        "depreciationAndAmortization": 33847000,
        "ebitda": 159892000,
        "ebitdaratio": 0.195089216,
        "operatingIncome": 53583000,
        "operatingIncomeRatio": 0.0653782895,
        "totalOtherIncomeExpensesNet": 68720000,
        "incomeBeforeTax": 122303000,
        "incomeBeforeTaxRatio": 0.1492257047,
        "incomeTaxExpense": 36604000,
        "netIncome": 82263000,
        "netIncomeRatio": 0.100371652,
        "eps": 1.42,
        "epsdiluted": 1.39,
        "weightedAverageShsOut": 58132000,
        "weightedAverageShsOutDil": 59219000,
        "link": "https://www.sec.gov/Archives/edgar/data/24491/000119312515057886/0001193125-15-057886-index.htm",
        "finalLink": "https://www.sec.gov/Archives/edgar/data/24491/000119312515057886/d846103d10k.htm"
    },
    {
        "date": "2014-09-30",
        "symbol": "CTB",
        "reportedCurrency": "USD",
        "cik": "0000024491",
        "fillingDate": "2014-11-07",
        "acceptedDate": "2014-11-07 14:10:58",
        "calendarYear": "2014",
        "period": "Q3",
        "revenue": 920082000,
        "costOfRevenue": 762878000,
        "grossProfit": 157204000,
        "grossProfitRatio": 0.1708586843,
        "researchAndDevelopmentExpenses": 0,
        "generalAndAdministrativeExpenses": 67829000,
        "sellingAndMarketingExpenses": 0,
        "sellingGeneralAndAdministrativeExpenses": 67829000,
        "otherExpenses": 0,
        "operatingExpenses": 67829000,
        "costAndExpenses": 830707000,
        "interestIncome": 0,
        "interestExpense": 7050000,
        "depreciationAndAmortization": 35552000,
        "ebitda": 117041000,
        "ebitdaratio": 0.1272071402,
        "operatingIncome": 89375000,
        "operatingIncomeRatio": 0.0971380812,
        "totalOtherIncomeExpensesNet": -7998000,
        "incomeBeforeTax": 81377000,
        "incomeBeforeTaxRatio": 0.0884453777,
        "incomeTaxExpense": 26740000,
        "netIncome": 47699000,
        "netIncomeRatio": 0.0518421184,
        "eps": 0.79,
        "epsdiluted": 0.77,
        "weightedAverageShsOut": 60606000,
        "weightedAverageShsOutDil": 61629000,
        "link": "https://www.sec.gov/Archives/edgar/data/24491/000119312514402993/0001193125-14-402993-index.html",
        "finalLink": "https://www.sec.gov/Archives/edgar/data/24491/000119312514402993/d803897d10q.htm"
    },
    {
        "date": "2014-06-30",
        "symbol": "CTB",
        "reportedCurrency": "USD",
        "cik": "0000024491",
        "fillingDate": "2014-08-07",
        "acceptedDate": "2014-08-07 14:17:12",
        "calendarYear": "2014",
        "period": "Q2",
        "revenue": 888685000,
        "costOfRevenue": 740816000,
        "grossProfit": 147869000,
        "grossProfitRatio": 0.1663907909,
        "researchAndDevelopmentExpenses": 0,
        "generalAndAdministrativeExpenses": 71280000,
        "sellingAndMarketingExpenses": 0,
        "sellingGeneralAndAdministrativeExpenses": 71280000,
        "otherExpenses": 0,
        "operatingExpenses": 71280000,
        "costAndExpenses": 812096000,
        "interestIncome": 0,
        "interestExpense": 6792000,
        "depreciationAndAmortization": 34882000,
        "ebitda": 105642000,
        "ebitdaratio": 0.1188745168,
        "operatingIncome": 76589000,
        "operatingIncomeRatio": 0.0861823931,
        "totalOtherIncomeExpensesNet": -6045000,
        "incomeBeforeTax": 70544000,
        "incomeBeforeTaxRatio": 0.0793802078,
        "incomeTaxExpense": 25786000,
        "netIncome": 38182000,
        "netIncomeRatio": 0.042964605,
        "eps": 0.6,
        "epsdiluted": 0.59,
        "weightedAverageShsOut": 63537000,
        "weightedAverageShsOutDil": 64481000,
        "link": "https://www.sec.gov/Archives/edgar/data/24491/000119312514300378/0001193125-14-300378-index.html",
        "finalLink": "https://www.sec.gov/Archives/edgar/data/24491/000119312514300378/d747702d10q.htm"
    },
    {
        "date": "2014-03-31",
        "symbol": "CTB",
        "reportedCurrency": "USD",
        "cik": "0000024491",
        "fillingDate": "2014-05-02",
        "acceptedDate": "2014-05-02 13:40:53",
        "calendarYear": "2014",
        "period": "Q1",
        "revenue": 796458000,
        "costOfRevenue": 649116000,
        "grossProfit": 147342000,
        "grossProfitRatio": 0.1849965723,
        "researchAndDevelopmentExpenses": 0,
        "generalAndAdministrativeExpenses": 66431000,
        "sellingAndMarketingExpenses": 0,
        "sellingGeneralAndAdministrativeExpenses": 66431000,
        "otherExpenses": 0,
        "operatingExpenses": 66431000,
        "costAndExpenses": 715547000,
        "interestIncome": 0,
        "interestExpense": 7118000,
        "depreciationAndAmortization": 34885000,
        "ebitda": 110004000,
        "ebitdaratio": 0.1381165109,
        "operatingIncome": 80911000,
        "operatingIncomeRatio": 0.1015885332,
        "totalOtherIncomeExpensesNet": -6616000,
        "incomeBeforeTax": 74295000,
        "incomeBeforeTaxRatio": 0.093281755,
        "incomeTaxExpense": 22567000,
        "netIncome": 45434000,
        "netIncomeRatio": 0.057045067,
        "eps": 0.72,
        "epsdiluted": 0.71,
        "weightedAverageShsOut": 63399000,
        "weightedAverageShsOutDil": 64338000,
        "link": "https://www.sec.gov/Archives/edgar/data/24491/000119312514179663/0001193125-14-179663-index.html",
        "finalLink": "https://www.sec.gov/Archives/edgar/data/24491/000119312514179663/d708351d10q.htm"
    },
    {
        "date": "2013-12-31",
        "symbol": "CTB",
        "reportedCurrency": "USD",
        "cik": "0000024491",
        "fillingDate": "2014-03-14",
        "acceptedDate": "2014-03-14 16:58:12",
        "calendarYear": "2013",
        "period": "Q4",
        "revenue": 861007000,
        "costOfRevenue": 750298000,
        "grossProfit": 110709000,
        "grossProfitRatio": 0.1285808362,
        "researchAndDevelopmentExpenses": 0,
        "generalAndAdministrativeExpenses": 63733000,
        "sellingAndMarketingExpenses": 0,
        "sellingGeneralAndAdministrativeExpenses": 63733000,
        "otherExpenses": 0,
        "operatingExpenses": 63733000,
        "costAndExpenses": 814031000,
        "interestIncome": 0,
        "interestExpense": 6890000,
        "depreciationAndAmortization": 35529000,
        "ebitda": 76336000,
        "ebitdaratio": 0.0886589772,
        "operatingIncome": 46976000,
        "operatingIncomeRatio": 0.0545593706,
        "totalOtherIncomeExpensesNet": -6847000,
        "incomeBeforeTax": 40129000,
        "incomeBeforeTaxRatio": 0.0466070543,
        "incomeTaxExpense": 14302000,
        "netIncome": 19615000,
        "netIncomeRatio": 0.022781464,
        "eps": 0.31,
        "epsdiluted": 0.31,
        "weightedAverageShsOut": 63372000,
        "weightedAverageShsOutDil": 64294000,
        "link": "https://www.sec.gov/Archives/edgar/data/24491/000119312514100229/0001193125-14-100229-index.htm",
        "finalLink": "https://www.sec.gov/Archives/edgar/data/24491/000119312514100229/d648605d10k.htm"
    },
    {
        "date": "2013-09-30",
        "symbol": "CTB",
        "reportedCurrency": "USD",
        "cik": "0000024491",
        "fillingDate": "2014-02-28",
        "acceptedDate": "2014-02-28 17:10:58",
        "calendarYear": "2013",
        "period": "Q3",
        "revenue": 832419000,
        "costOfRevenue": 735015000,
        "grossProfit": 97404000,
        "grossProfitRatio": 0.1170131869,
        "researchAndDevelopmentExpenses": 0,
        "generalAndAdministrativeExpenses": 69496000,
        "sellingAndMarketingExpenses": 0,
        "sellingGeneralAndAdministrativeExpenses": 69496000,
        "otherExpenses": 0,
        "operatingExpenses": 69496000,
        "costAndExpenses": 804511000,
        "interestIncome": 0,
        "interestExpense": 6684000,
        "depreciationAndAmortization": 33712000,
        "ebitda": 58073000,
        "ebitdaratio": 0.0697641452,
        "operatingIncome": 27908000,
        "operatingIncomeRatio": 0.0335263851,
        "totalOtherIncomeExpensesNet": -6762000,
        "incomeBeforeTax": 21146000,
        "incomeBeforeTaxRatio": 0.0254030723,
        "incomeTaxExpense": 17845000,
        "netIncome": -168000,
        "netIncomeRatio": -0.0002018214,
        "eps": -0.0027,
        "epsdiluted": -0.0027,
        "weightedAverageShsOut": 63365000,
        "weightedAverageShsOutDil": 63365000,
        "link": "https://www.sec.gov/Archives/edgar/data/24491/000119312514077749/0001193125-14-077749-index.htm",
        "finalLink": "https://www.sec.gov/Archives/edgar/data/24491/000119312514077749/d593546d10q.htm"
    },
    {
        "date": "2013-06-30",
        "symbol": "CTB",
        "reportedCurrency": "USD",
        "cik": "0000024491",
        "fillingDate": "2013-08-09",
        "acceptedDate": "2013-08-09 15:45:56",
        "calendarYear": "2013",
        "period": "Q2",
        "revenue": 884126000,
        "costOfRevenue": 733966000,
        "grossProfit": 150160000,
        "grossProfitRatio": 0.1698400454,
        "researchAndDevelopmentExpenses": 0,
        "generalAndAdministrativeExpenses": 80994000,
        "sellingAndMarketingExpenses": 0,
        "sellingGeneralAndAdministrativeExpenses": 80994000,
        "otherExpenses": 0,
        "operatingExpenses": 80994000,
        "costAndExpenses": 814960000,
        "interestIncome": 0,
        "interestExpense": 7231000,
        "depreciationAndAmortization": 33389000,
        "ebitda": 95748000,
        "ebitdaratio": 0.1082967812,
        "operatingIncome": 69166000,
        "operatingIncomeRatio": 0.0782309309,
        "totalOtherIncomeExpensesNet": -7924000,
        "incomeBeforeTax": 61242000,
        "incomeBeforeTaxRatio": 0.0692684074,
        "incomeTaxExpense": 19642000,
        "netIncome": 35486000,
        "netIncomeRatio": 0.0401368131,
        "eps": 0.56,
        "epsdiluted": 0.55,
        "weightedAverageShsOut": 63342000,
        "weightedAverageShsOutDil": 64142000,
        "link": "https://www.sec.gov/Archives/edgar/data/24491/000119312513329092/0001193125-13-329092-index.html",
        "finalLink": "https://www.sec.gov/Archives/edgar/data/24491/000119312513329092/d564543d10q.htm"
    },
    {
        "date": "2013-03-31",
        "symbol": "CTB",
        "reportedCurrency": "USD",
        "cik": "0000024491",
        "fillingDate": "2013-05-09",
        "acceptedDate": "2013-05-09 16:48:25",
        "calendarYear": "2013",
        "period": "Q1",
        "revenue": 861681000,
        "costOfRevenue": 703763000,
        "grossProfit": 157918000,
        "grossProfitRatio": 0.1832673576,
        "researchAndDevelopmentExpenses": 0,
        "generalAndAdministrativeExpenses": 61254000,
        "sellingAndMarketingExpenses": 0,
        "sellingGeneralAndAdministrativeExpenses": 61254000,
        "otherExpenses": 0,
        "operatingExpenses": 61254000,
        "costAndExpenses": 765017000,
        "interestIncome": 0,
        "interestExpense": 7101000,
        "depreciationAndAmortization": 32121000,
        "ebitda": 122919000,
        "ebitdaratio": 0.1426502383,
        "operatingIncome": 96664000,
        "operatingIncomeRatio": 0.1121807258,
        "totalOtherIncomeExpensesNet": -6210000,
        "incomeBeforeTax": 90454000,
        "incomeBeforeTaxRatio": 0.1049738824,
        "incomeTaxExpense": 27617000,
        "netIncome": 56080000,
        "netIncomeRatio": 0.0650820895,
        "eps": 0.89,
        "epsdiluted": 0.87,
        "weightedAverageShsOut": 63226000,
        "weightedAverageShsOutDil": 64184000,
        "link": "https://www.sec.gov/Archives/edgar/data/24491/000119312513211279/0001193125-13-211279-index.html",
        "finalLink": "https://www.sec.gov/Archives/edgar/data/24491/000119312513211279/d520183d10q.htm"
    },
    {
        "date": "2012-12-31",
        "symbol": "CTB",
        "reportedCurrency": "USD",
        "cik": "0000024491",
        "fillingDate": "2013-02-25",
        "acceptedDate": "2013-02-25 15:55:32",
        "calendarYear": "2012",
        "period": "Q4",
        "revenue": 1062470000,
        "costOfRevenue": 870693000,
        "grossProfit": 191777000,
        "grossProfitRatio": 0.1805010965,
        "researchAndDevelopmentExpenses": 0,
        "generalAndAdministrativeExpenses": 67542000,
        "sellingAndMarketingExpenses": 0,
        "sellingGeneralAndAdministrativeExpenses": 67542000,
        "otherExpenses": 0,
        "operatingExpenses": 67542000,
        "costAndExpenses": 938235000,
        "interestIncome": 0,
        "interestExpense": 5573000,
        "depreciationAndAmortization": 32722000,
        "ebitda": 145613000,
        "ebitdaratio": 0.1370513991,
        "operatingIncome": 124235000,
        "operatingIncomeRatio": 0.1169303604,
        "totalOtherIncomeExpensesNet": -6786000,
        "incomeBeforeTax": 117449000,
        "incomeBeforeTaxRatio": 0.1105433565,
        "incomeTaxExpense": 34374000,
        "netIncome": 72944000,
        "netIncomeRatio": 0.068655115,
        "eps": 1.15,
        "epsdiluted": 1.15,
        "weightedAverageShsOut": 63226000,
        "weightedAverageShsOutDil": 63226000,
        "link": "https://www.sec.gov/Archives/edgar/data/24491/000119312513073996/0001193125-13-073996-index.html",
        "finalLink": "https://www.sec.gov/Archives/edgar/data/24491/000119312513073996/d447481d10k.htm"
    },
    {
        "date": "2012-09-30",
        "symbol": "CTB",
        "reportedCurrency": "USD",
        "cik": "0000024491",
        "fillingDate": "2012-11-02",
        "acceptedDate": "2012-11-02 13:54:53",
        "calendarYear": "2012",
        "period": "Q3",
        "revenue": 1095626000,
        "costOfRevenue": 897468000,
        "grossProfit": 198158000,
        "grossProfitRatio": 0.1808628127,
        "researchAndDevelopmentExpenses": 0,
        "generalAndAdministrativeExpenses": 68555000,
        "sellingAndMarketingExpenses": 0,
        "sellingGeneralAndAdministrativeExpenses": 68555000,
        "otherExpenses": 0,
        "operatingExpenses": 68555000,
        "costAndExpenses": 966023000,
        "interestIncome": 0,
        "interestExpense": 7115000,
        "depreciationAndAmortization": 32083000,
        "ebitda": 153315000,
        "ebitdaratio": 0.1399337,
        "operatingIncome": 129603000,
        "operatingIncomeRatio": 0.1182912782,
        "totalOtherIncomeExpensesNet": -6888000,
        "incomeBeforeTax": 122715000,
        "incomeBeforeTaxRatio": 0.1120044614,
        "incomeTaxExpense": 40004000,
        "netIncome": 74113000,
        "netIncomeRatio": 0.0676444334,
        "eps": 1.18,
        "epsdiluted": 1.17,
        "weightedAverageShsOut": 62561000,
        "weightedAverageShsOutDil": 63274000,
        "link": "https://www.sec.gov/Archives/edgar/data/24491/000119312512448725/0001193125-12-448725-index.html",
        "finalLink": "https://www.sec.gov/Archives/edgar/data/24491/000119312512448725/d407733d10q.htm"
    },
    {
        "date": "2012-06-30",
        "symbol": "CTB",
        "reportedCurrency": "USD",
        "cik": "0000024491",
        "fillingDate": "2012-08-09",
        "acceptedDate": "2012-08-09 14:02:18",
        "calendarYear": "2012",
        "period": "Q2",
        "revenue": 1058482000,
        "costOfRevenue": 899578000,
        "grossProfit": 158904000,
        "grossProfitRatio": 0.1501244235,
        "researchAndDevelopmentExpenses": 0,
        "generalAndAdministrativeExpenses": 63490000,
        "sellingAndMarketingExpenses": 0,
        "sellingGeneralAndAdministrativeExpenses": 63490000,
        "otherExpenses": 0,
        "operatingExpenses": 63490000,
        "costAndExpenses": 963068000,
        "interestIncome": 0,
        "interestExpense": 8383000,
        "depreciationAndAmortization": 32007000,
        "ebitda": 121481000,
        "ebitdaratio": 0.114769075,
        "operatingIncome": 95414000,
        "operatingIncomeRatio": 0.0901422981,
        "totalOtherIncomeExpensesNet": -7479000,
        "incomeBeforeTax": 87935000,
        "incomeBeforeTaxRatio": 0.083076519,
        "incomeTaxExpense": 29345000,
        "netIncome": 51746000,
        "netIncomeRatio": 0.048886991,
        "eps": 0.83,
        "epsdiluted": 0.82,
        "weightedAverageShsOut": 62342000,
        "weightedAverageShsOutDil": 62886000,
        "link": "https://www.sec.gov/Archives/edgar/data/24491/000119312512346912/0001193125-12-346912-index.html",
        "finalLink": "https://www.sec.gov/Archives/edgar/data/24491/000119312512346912/d356210d10q.htm"
    },
    {
        "date": "2012-03-31",
        "symbol": "CTB",
        "reportedCurrency": "USD",
        "cik": "0000024491",
        "fillingDate": "2012-05-02",
        "acceptedDate": "2012-05-02 14:13:55",
        "calendarYear": "2012",
        "period": "Q1",
        "revenue": 984258000,
        "costOfRevenue": 878829000,
        "grossProfit": 105429000,
        "grossProfitRatio": 0.1071152076,
        "researchAndDevelopmentExpenses": 0,
        "generalAndAdministrativeExpenses": 57719000,
        "sellingAndMarketingExpenses": 0,
        "sellingGeneralAndAdministrativeExpenses": 57719000,
        "otherExpenses": 0,
        "operatingExpenses": 57719000,
        "costAndExpenses": 936548000,
        "interestIncome": 0,
        "interestExpense": 8475000,
        "depreciationAndAmortization": 32104000,
        "ebitda": 74448000,
        "ebitdaratio": 0.0756387045,
        "operatingIncome": 47710000,
        "operatingIncomeRatio": 0.048473063,
        "totalOtherIncomeExpensesNet": -7359000,
        "incomeBeforeTax": 40351000,
        "incomeBeforeTaxRatio": 0.0409963648,
        "incomeTaxExpense": 12301000,
        "netIncome": 21568000,
        "netIncomeRatio": 0.0219129537,
        "eps": 0.35,
        "epsdiluted": 0.34,
        "weightedAverageShsOut": 61850000,
        "weightedAverageShsOutDil": 63185000,
        "link": "https://www.sec.gov/Archives/edgar/data/24491/000119312512081292/0001193125-12-081292-index.htm",
        "finalLink": "https://www.sec.gov/Archives/edgar/data/24491/000119312512081292/d259418d10k.htm"
    },
    {
        "date": "2011-12-31",
        "symbol": "CTB",
        "reportedCurrency": "USD",
        "cik": "0000024491",
        "fillingDate": "2012-02-27",
        "acceptedDate": "2012-02-27 15:11:16",
        "calendarYear": "2011",
        "period": "Q4",
        "revenue": 1045486000,
        "costOfRevenue": 931997000,
        "grossProfit": 113489000,
        "grossProfitRatio": 0.1085514297,
        "researchAndDevelopmentExpenses": 0,
        "generalAndAdministrativeExpenses": 53836000,
        "sellingAndMarketingExpenses": 0,
        "sellingGeneralAndAdministrativeExpenses": 53836000,
        "otherExpenses": 0,
        "operatingExpenses": 53836000,
        "costAndExpenses": 985833000,
        "interestIncome": 0,
        "interestExpense": 8588000,
        "depreciationAndAmortization": 30185000,
        "ebitda": 83258000,
        "ebitdaratio": 0.079635691,
        "operatingIncome": 59653000,
        "operatingIncomeRatio": 0.0570576746,
        "totalOtherIncomeExpensesNet": -9475000,
        "incomeBeforeTax": 50178000,
        "incomeBeforeTaxRatio": 0.0479949038,
        "incomeTaxExpense": -164540000,
        "netIncome": 209025000,
        "netIncomeRatio": 0.1999309412,
        "eps": 3.38,
        "epsdiluted": 3.38,
        "weightedAverageShsOut": 61850000,
        "weightedAverageShsOutDil": 61850000,
        "link": "https://www.sec.gov/Archives/edgar/data/24491/000119312512081292/0001193125-12-081292-index.html",
        "finalLink": "https://www.sec.gov/Archives/edgar/data/24491/000119312512081292/d259418d10k.htm"
    },
    {
        "date": "2011-09-30",
        "symbol": "CTB",
        "reportedCurrency": "USD",
        "cik": "0000024491",
        "fillingDate": "2011-10-31",
        "acceptedDate": "2011-10-31 13:27:56",
        "calendarYear": "2011",
        "period": "Q3",
        "revenue": 1053503000,
        "costOfRevenue": 960518000,
        "grossProfit": 92985000,
        "grossProfitRatio": 0.0882626817,
        "researchAndDevelopmentExpenses": 0,
        "generalAndAdministrativeExpenses": 45773000,
        "sellingAndMarketingExpenses": 0,
        "sellingGeneralAndAdministrativeExpenses": 45773000,
        "otherExpenses": 0,
        "operatingExpenses": 45773000,
        "costAndExpenses": 1006291000,
        "interestIncome": 0,
        "interestExpense": 8953000,
        "depreciationAndAmortization": 29814000,
        "ebitda": 73051000,
        "ebitdaratio": 0.069341046,
        "operatingIncome": 47212000,
        "operatingIncomeRatio": 0.0448143005,
        "totalOtherIncomeExpensesNet": -8248000,
        "incomeBeforeTax": 38964000,
        "incomeBeforeTaxRatio": 0.0369851818,
        "incomeTaxExpense": 17003000,
        "netIncome": 17281000,
        "netIncomeRatio": 0.0164033705,
        "eps": 0.28,
        "epsdiluted": 0.27,
        "weightedAverageShsOut": 62266000,
        "weightedAverageShsOutDil": 62842000,
        "link": "https://www.sec.gov/Archives/edgar/data/24491/000119312511288196/0001193125-11-288196-index.html",
        "finalLink": "https://www.sec.gov/Archives/edgar/data/24491/000119312511288196/d244245d10q.htm"
    },
    {
        "date": "2011-06-30",
        "symbol": "CTB",
        "reportedCurrency": "USD",
        "cik": "0000024491",
        "fillingDate": "2011-08-04",
        "acceptedDate": "2011-08-04 14:51:42",
        "calendarYear": "2011",
        "period": "Q2",
        "revenue": 922207000,
        "costOfRevenue": 849464000,
        "grossProfit": 72743000,
        "grossProfitRatio": 0.0788792538,
        "researchAndDevelopmentExpenses": 0,
        "generalAndAdministrativeExpenses": 48490000,
        "sellingAndMarketingExpenses": 0,
        "sellingGeneralAndAdministrativeExpenses": 48490000,
        "otherExpenses": 0,
        "operatingExpenses": 48490000,
        "costAndExpenses": 897954000,
        "interestIncome": 0,
        "interestExpense": 9229000,
        "depreciationAndAmortization": 32905000,
        "ebitda": 55278000,
        "ebitdaratio": 0.0599409894,
        "operatingIncome": 24253000,
        "operatingIncomeRatio": 0.0262988678,
        "totalOtherIncomeExpensesNet": -8185000,
        "incomeBeforeTax": 16068000,
        "incomeBeforeTaxRatio": 0.0174234201,
        "incomeTaxExpense": 1621000,
        "netIncome": 11523000,
        "netIncomeRatio": 0.0124950255,
        "eps": 0.19,
        "epsdiluted": 0.18,
        "weightedAverageShsOut": 62196000,
        "weightedAverageShsOutDil": 63208000,
        "link": "https://www.sec.gov/Archives/edgar/data/24491/000095012311072831/0000950123-11-072831-index.html",
        "finalLink": "https://www.sec.gov/Archives/edgar/data/24491/000095012311072831/l42896e10vq.htm"
    },
    {
        "date": "2011-03-31",
        "symbol": "CTB",
        "reportedCurrency": "USD",
        "cik": "0000024491",
        "fillingDate": "2011-04-26",
        "acceptedDate": "2011-04-26 16:29:09",
        "calendarYear": "2011",
        "period": "Q1",
        "revenue": 905962000,
        "costOfRevenue": 820834000,
        "grossProfit": 85128000,
        "grossProfitRatio": 0.093964206,
        "researchAndDevelopmentExpenses": 0,
        "generalAndAdministrativeExpenses": 52945000,
        "sellingAndMarketingExpenses": 0,
        "sellingGeneralAndAdministrativeExpenses": 52945000,
        "otherExpenses": 0,
        "operatingExpenses": 52945000,
        "costAndExpenses": 873779000,
        "interestIncome": 0,
        "interestExpense": 9421000,
        "depreciationAndAmortization": 29995000,
        "ebitda": 65549000,
        "ebitdaratio": 0.0723529243,
        "operatingIncome": 32183000,
        "operatingIncomeRatio": 0.035523565,
        "totalOtherIncomeExpensesNet": -3247000,
        "incomeBeforeTax": 28936000,
        "incomeBeforeTaxRatio": 0.0319395295,
        "incomeTaxExpense": 10459000,
        "netIncome": 15674000,
        "netIncomeRatio": 0.0173009464,
        "eps": 0.25,
        "epsdiluted": 0.25,
        "weightedAverageShsOut": 61850000,
        "weightedAverageShsOutDil": 63185000,
        "link": "https://www.sec.gov/Archives/edgar/data/24491/000095012311039307/0000950123-11-039307-index.html",
        "finalLink": "https://www.sec.gov/Archives/edgar/data/24491/000095012311039307/l42290e10vq.htm"
    },
    {
        "date": "2010-12-31",
        "symbol": "CTB",
        "reportedCurrency": "USD",
        "cik": "0000024491",
        "fillingDate": "2011-02-25",
        "acceptedDate": "2011-02-25 14:12:40",
        "calendarYear": "2010",
        "period": "Q4",
        "revenue": 919640000,
        "costOfRevenue": 807740000,
        "grossProfit": 111900000,
        "grossProfitRatio": 0.1216780479,
        "researchAndDevelopmentExpenses": 0,
        "generalAndAdministrativeExpenses": 56448000,
        "sellingAndMarketingExpenses": 0,
        "sellingGeneralAndAdministrativeExpenses": 56448000,
        "otherExpenses": 0,
        "operatingExpenses": 56448000,
        "costAndExpenses": 864188000,
        "interestIncome": 0,
        "interestExpense": 9371000,
        "depreciationAndAmortization": 30344000,
        "ebitda": 80671000,
        "ebitdaratio": 0.0877201949,
        "operatingIncome": 55452000,
        "operatingIncomeRatio": 0.0602975077,
        "totalOtherIncomeExpensesNet": -8211000,
        "incomeBeforeTax": 47241000,
        "incomeBeforeTaxRatio": 0.051369014,
        "incomeTaxExpense": 758000,
        "netIncome": 40198000,
        "netIncomeRatio": 0.0437105824,
        "eps": 0.65,
        "epsdiluted": 0.65,
        "weightedAverageShsOut": 61850000,
        "weightedAverageShsOutDil": 61850000,
        "link": "https://www.sec.gov/Archives/edgar/data/24491/000095012311018515/0000950123-11-018515-index.htm",
        "finalLink": "https://www.sec.gov/Archives/edgar/data/24491/000095012311018515/l41904e10vk.htm"
    },
    {
        "date": "2010-09-30",
        "symbol": "CTB",
        "reportedCurrency": "USD",
        "cik": "0000024491",
        "fillingDate": "2010-11-01",
        "acceptedDate": "2010-11-01 14:19:17",
        "calendarYear": "2010",
        "period": "Q3",
        "revenue": 882942000,
        "costOfRevenue": 754695000,
        "grossProfit": 128247000,
        "grossProfitRatio": 0.1452496313,
        "researchAndDevelopmentExpenses": 0,
        "generalAndAdministrativeExpenses": 56351000,
        "sellingAndMarketingExpenses": 0,
        "sellingGeneralAndAdministrativeExpenses": 56351000,
        "otherExpenses": 0,
        "operatingExpenses": 56351000,
        "costAndExpenses": 811046000,
        "interestIncome": 0,
        "interestExpense": 9397000,
        "depreciationAndAmortization": 33389000,
        "ebitda": 97693000,
        "ebitdaratio": 0.1106448668,
        "operatingIncome": 71896000,
        "operatingIncomeRatio": 0.0814277722,
        "totalOtherIncomeExpensesNet": -11278000,
        "incomeBeforeTax": 60618000,
        "incomeBeforeTaxRatio": 0.0686545662,
        "incomeTaxExpense": 10309000,
        "netIncome": 44598000,
        "netIncomeRatio": 0.0505106791,
        "eps": 0.73,
        "epsdiluted": 0.71,
        "weightedAverageShsOut": 61440000,
        "weightedAverageShsOutDil": 62759000,
        "link": "https://www.sec.gov/Archives/edgar/data/24491/000095012310098688/0000950123-10-098688-index.html",
        "finalLink": "https://www.sec.gov/Archives/edgar/data/24491/000095012310098688/l40691e10vq.htm"
    },
    {
        "date": "2010-06-30",
        "symbol": "CTB",
        "reportedCurrency": "USD",
        "cik": "0000024491",
        "fillingDate": "2010-08-05",
        "acceptedDate": "2010-08-05 16:03:13",
        "calendarYear": "2010",
        "period": "Q2",
        "revenue": 803959000,
        "costOfRevenue": 708577000,
        "grossProfit": 95382000,
        "grossProfitRatio": 0.1186403784,
        "researchAndDevelopmentExpenses": 0,
        "generalAndAdministrativeExpenses": 54274000,
        "sellingAndMarketingExpenses": 0,
        "sellingGeneralAndAdministrativeExpenses": 54274000,
        "otherExpenses": 0,
        "operatingExpenses": 54274000,
        "costAndExpenses": 762851000,
        "interestIncome": 0,
        "interestExpense": 9149000,
        "depreciationAndAmortization": 29628000,
        "ebitda": 84101000,
        "ebitdaratio": 0.1046085683,
        "operatingIncome": 41108000,
        "operatingIncomeRatio": 0.0511319607,
        "totalOtherIncomeExpensesNet": -14816000,
        "incomeBeforeTax": 26292000,
        "incomeBeforeTaxRatio": 0.0327031602,
        "incomeTaxExpense": 1247000,
        "netIncome": 44077000,
        "netIncomeRatio": 0.0548249351,
        "eps": 0.72,
        "epsdiluted": 0.7,
        "weightedAverageShsOut": 61292000,
        "weightedAverageShsOutDil": 62609000,
        "link": "https://www.sec.gov/Archives/edgar/data/24491/000095012310073328/0000950123-10-073328-index.html",
        "finalLink": "https://www.sec.gov/Archives/edgar/data/24491/000095012310073328/l40372e10vq.htm"
    },
    {
        "date": "2010-03-31",
        "symbol": "CTB",
        "reportedCurrency": "USD",
        "cik": "0000024491",
        "fillingDate": "2010-05-05",
        "acceptedDate": "2010-05-05 14:06:46",
        "calendarYear": "2010",
        "period": "Q1",
        "revenue": 754443000,
        "costOfRevenue": 669271000,
        "grossProfit": 85172000,
        "grossProfitRatio": 0.1128938833,
        "researchAndDevelopmentExpenses": 0,
        "generalAndAdministrativeExpenses": 44605000,
        "sellingAndMarketingExpenses": 0,
        "sellingGeneralAndAdministrativeExpenses": 44605000,
        "otherExpenses": 0,
        "operatingExpenses": 44605000,
        "costAndExpenses": 713876000,
        "interestIncome": 0,
        "interestExpense": 8730000,
        "depreciationAndAmortization": 30360000,
        "ebitda": 58409000,
        "ebitdaratio": 0.0774200304,
        "operatingIncome": 40567000,
        "operatingIncomeRatio": 0.0537707951,
        "totalOtherIncomeExpensesNet": -14892000,
        "incomeBeforeTax": 25675000,
        "incomeBeforeTaxRatio": 0.0340317294,
        "incomeTaxExpense": 7743000,
        "netIncome": 11576000,
        "netIncomeRatio": 0.0153437702,
        "eps": 0.19,
        "epsdiluted": 0.19,
        "weightedAverageShsOut": 60914000,
        "weightedAverageShsOutDil": 62294000,
        "link": "https://www.sec.gov/Archives/edgar/data/24491/000095012310044355/0000950123-10-044355-index.html",
        "finalLink": "https://www.sec.gov/Archives/edgar/data/24491/000095012310044355/l39578e10vq.htm"
    },
    {
        "date": "2009-12-31",
        "symbol": "CTB",
        "reportedCurrency": "USD",
        "cik": "0000024491",
        "fillingDate": "2010-03-02",
        "acceptedDate": "2010-03-02 15:10:32",
        "calendarYear": "2009",
        "period": "Q4",
        "revenue": 773059000,
        "costOfRevenue": 645278000,
        "grossProfit": 127781000,
        "grossProfitRatio": 0.1652926879,
        "researchAndDevelopmentExpenses": 0,
        "generalAndAdministrativeExpenses": 55162000,
        "sellingAndMarketingExpenses": 0,
        "sellingGeneralAndAdministrativeExpenses": 55162000,
        "otherExpenses": 0,
        "operatingExpenses": 55162000,
        "costAndExpenses": 700440000,
        "interestIncome": 0,
        "interestExpense": 11019000,
        "depreciationAndAmortization": 30898000,
        "ebitda": 81489000,
        "ebitdaratio": 0.1054111006,
        "operatingIncome": 72619000,
        "operatingIncomeRatio": 0.0939372027,
        "totalOtherIncomeExpensesNet": -22590000,
        "incomeBeforeTax": 50029000,
        "incomeBeforeTaxRatio": 0.0647156297,
        "incomeTaxExpense": 409000,
        "netIncome": 39163000,
        "netIncomeRatio": 0.0506597815,
        "eps": 0.64,
        "epsdiluted": 0.64,
        "weightedAverageShsOut": 60914000,
        "weightedAverageShsOutDil": 60914000,
        "link": "https://www.sec.gov/Archives/edgar/data/24491/000095012310019957/0000950123-10-019957-index.html",
        "finalLink": "https://www.sec.gov/Archives/edgar/data/24491/000095012310019957/l38890e10vk.htm"
    },
    {
        "date": "2009-09-30",
        "symbol": "CTB",
        "reportedCurrency": "USD",
        "cik": "0000024491",
        "fillingDate": "2009-11-02",
        "acceptedDate": "2009-11-02 14:06:18",
        "calendarYear": "2009",
        "period": "Q3",
        "revenue": 802794000,
        "costOfRevenue": 662277000,
        "grossProfit": 140517000,
        "grossProfitRatio": 0.1750349405,
        "researchAndDevelopmentExpenses": 0,
        "generalAndAdministrativeExpenses": 56444000,
        "sellingAndMarketingExpenses": 0,
        "sellingGeneralAndAdministrativeExpenses": 56444000,
        "otherExpenses": 0,
        "operatingExpenses": 56444000,
        "costAndExpenses": 718721000,
        "interestIncome": 0,
        "interestExpense": 11440000,
        "depreciationAndAmortization": 30154000,
        "ebitda": 91053000,
        "ebitdaratio": 0.1134201302,
        "operatingIncome": 84073000,
        "operatingIncomeRatio": 0.1047254962,
        "totalOtherIncomeExpensesNet": -23613000,
        "incomeBeforeTax": 60460000,
        "incomeBeforeTaxRatio": 0.0753119729,
        "incomeTaxExpense": 2628000,
        "netIncome": 46831000,
        "netIncomeRatio": 0.058335015,
        "eps": 0.79,
        "epsdiluted": 0.77,
        "weightedAverageShsOut": 59331000,
        "weightedAverageShsOutDil": 61050000,
        "link": "https://www.sec.gov/Archives/edgar/data/24491/000095012309056140/0000950123-09-056140-index.html",
        "finalLink": "https://www.sec.gov/Archives/edgar/data/24491/000095012309056140/l37866e10vq.htm"
    },
    {
        "date": "2009-06-30",
        "symbol": "CTB",
        "reportedCurrency": "USD",
        "cik": "0000024491",
        "fillingDate": "2009-08-06",
        "acceptedDate": "2009-08-06 14:51:42",
        "calendarYear": "2009",
        "period": "Q2",
        "revenue": 631729000,
        "costOfRevenue": 531269000,
        "grossProfit": 100460000,
        "grossProfitRatio": 0.1590238852,
        "researchAndDevelopmentExpenses": 0,
        "generalAndAdministrativeExpenses": 50278000,
        "sellingAndMarketingExpenses": 0,
        "sellingGeneralAndAdministrativeExpenses": 50278000,
        "otherExpenses": 0,
        "operatingExpenses": 50278000,
        "costAndExpenses": 581547000,
        "interestIncome": 0,
        "interestExpense": 12097000,
        "depreciationAndAmortization": 31342000,
        "ebitda": 31446000,
        "ebitdaratio": 0.0497776737,
        "operatingIncome": 50182000,
        "operatingIncomeRatio": 0.0794359607,
        "totalOtherIncomeExpensesNet": -18452000,
        "incomeBeforeTax": 31730000,
        "incomeBeforeTaxRatio": 0.0502272335,
        "incomeTaxExpense": 967000,
        "netIncome": -12960000,
        "netIncomeRatio": -0.0205151259,
        "eps": -0.22,
        "epsdiluted": -0.22,
        "weightedAverageShsOut": 58958000,
        "weightedAverageShsOutDil": 59803000,
        "link": "https://www.sec.gov/Archives/edgar/data/24491/000095012309031071/0000950123-09-031071-index.html",
        "finalLink": "https://www.sec.gov/Archives/edgar/data/24491/000095012309031071/l37219e10vq.htm"
    },
    {
        "date": "2009-03-31",
        "symbol": "CTB",
        "reportedCurrency": "USD",
        "cik": "0000024491",
        "fillingDate": "2009-05-06",
        "acceptedDate": "2009-05-06 15:16:54",
        "calendarYear": "2009",
        "period": "Q1",
        "revenue": 571408000,
        "costOfRevenue": 521139000,
        "grossProfit": 50269000,
        "grossProfitRatio": 0.0879739171,
        "researchAndDevelopmentExpenses": 0,
        "generalAndAdministrativeExpenses": 52156000,
        "sellingAndMarketingExpenses": 0,
        "sellingGeneralAndAdministrativeExpenses": 52156000,
        "otherExpenses": 0,
        "operatingExpenses": 52156000,
        "costAndExpenses": 573295000,
        "interestIncome": 0,
        "interestExpense": 12655000,
        "depreciationAndAmortization": 31117000,
        "ebitda": 18732000,
        "ebitdaratio": 0.0327821802,
        "operatingIncome": -1887000,
        "operatingIncomeRatio": -0.0033023689,
        "totalOtherIncomeExpensesNet": -24809000,
        "incomeBeforeTax": -26696000,
        "incomeBeforeTaxRatio": -0.0467196819,
        "incomeTaxExpense": -3773000,
        "netIncome": -21267000,
        "netIncomeRatio": -0.0372185899,
        "eps": -0.36,
        "epsdiluted": -0.36,
        "weightedAverageShsOut": 58941000,
        "weightedAverageShsOutDil": 58941000,
        "link": "https://www.sec.gov/Archives/edgar/data/24491/000095015209004818/0000950152-09-004818-index.html",
        "finalLink": "https://www.sec.gov/Archives/edgar/data/24491/000095015209004818/l36318ae10vq.htm"
    },
    {
        "date": "2008-12-31",
        "symbol": "CTB",
        "reportedCurrency": "USD",
        "cik": "0000024491",
        "fillingDate": "2009-02-26",
        "acceptedDate": "2009-02-26 15:15:28",
        "calendarYear": "2008",
        "period": "Q4",
        "revenue": 635832000,
        "costOfRevenue": 645589000,
        "grossProfit": -9757000,
        "grossProfitRatio": -0.0153452484,
        "researchAndDevelopmentExpenses": 0,
        "generalAndAdministrativeExpenses": 46256000,
        "sellingAndMarketingExpenses": 0,
        "sellingGeneralAndAdministrativeExpenses": 46256000,
        "otherExpenses": 0,
        "operatingExpenses": 46256000,
        "costAndExpenses": 691845000,
        "interestIncome": 0,
        "interestExpense": 0,
        "depreciationAndAmortization": 35237000,
        "ebitda": -136544000,
        "ebitdaratio": -0.2147485499,
        "operatingIncome": -56013000,
        "operatingIncomeRatio": -0.0880940248,
        "totalOtherIncomeExpensesNet": -126761000,
        "incomeBeforeTax": -182774000,
        "incomeBeforeTaxRatio": -0.287456435,
        "incomeTaxExpense": -28327000,
        "netIncome": -143454000,
        "netIncomeRatio": -0.2256162005,
        "eps": -2.43,
        "epsdiluted": -2.43,
        "weightedAverageShsOut": 58941000,
        "weightedAverageShsOutDil": 58941000,
        "link": "https://www.sec.gov/Archives/edgar/data/24491/000095015209001845/0000950152-09-001845-index.html",
        "finalLink": "https://www.sec.gov/Archives/edgar/data/24491/000095015209001845/l35553ae10vk.htm"
    },
    {
        "date": "2008-09-30",
        "symbol": "CTB",
        "reportedCurrency": "USD",
        "cik": "0000024491",
        "fillingDate": "2008-11-07",
        "acceptedDate": "2008-11-07 14:07:24",
        "calendarYear": "2008",
        "period": "Q3",
        "revenue": 793751000,
        "costOfRevenue": 793888000,
        "grossProfit": -137000,
        "grossProfitRatio": -0.0001725982,
        "researchAndDevelopmentExpenses": 0,
        "generalAndAdministrativeExpenses": 46878000,
        "sellingAndMarketingExpenses": 0,
        "sellingGeneralAndAdministrativeExpenses": 46878000,
        "otherExpenses": 0,
        "operatingExpenses": 46878000,
        "costAndExpenses": 840766000,
        "interestIncome": 0,
        "interestExpense": 0,
        "depreciationAndAmortization": 29321000,
        "ebitda": -28378000,
        "ebitdaratio": -0.035751766,
        "operatingIncome": -47015000,
        "operatingIncomeRatio": -0.0592314214,
        "totalOtherIncomeExpensesNet": -10173000,
        "incomeBeforeTax": -57188000,
        "incomeBeforeTaxRatio": -0.0720477832,
        "incomeTaxExpense": -2318000,
        "netIncome": -55381000,
        "netIncomeRatio": -0.0697712507,
        "eps": -0.94,
        "epsdiluted": -0.94,
        "weightedAverageShsOut": 58903000,
        "weightedAverageShsOutDil": 58903000,
        "link": "https://www.sec.gov/Archives/edgar/data/24491/000095015208008939/0000950152-08-008939-index.html",
        "finalLink": "https://www.sec.gov/Archives/edgar/data/24491/000095015208008939/l34393ae10vq.htm"
    },
    {
        "date": "2008-06-30",
        "symbol": "CTB",
        "reportedCurrency": "USD",
        "cik": "0000024491",
        "fillingDate": "2008-08-05",
        "acceptedDate": "2008-08-05 14:44:22",
        "calendarYear": "2008",
        "period": "Q2",
        "revenue": 772907000,
        "costOfRevenue": 743078000,
        "grossProfit": 29829000,
        "grossProfitRatio": 0.038593259,
        "researchAndDevelopmentExpenses": 0,
        "generalAndAdministrativeExpenses": 45246000,
        "sellingAndMarketingExpenses": 0,
        "sellingGeneralAndAdministrativeExpenses": 45246000,
        "otherExpenses": 0,
        "operatingExpenses": 45246000,
        "costAndExpenses": 788324000,
        "interestIncome": 0,
        "interestExpense": 0,
        "depreciationAndAmortization": 39555000,
        "ebitda": 16647000,
        "ebitdaratio": 0.0215381669,
        "operatingIncome": -15417000,
        "operatingIncomeRatio": -0.0199467724,
        "totalOtherIncomeExpensesNet": -6872000,
        "incomeBeforeTax": -22289000,
        "incomeBeforeTaxRatio": -0.0288378809,
        "incomeTaxExpense": -677000,
        "netIncome": -22231000,
        "netIncomeRatio": -0.0287628395,
        "eps": -0.38,
        "epsdiluted": -0.38,
        "weightedAverageShsOut": 58897000,
        "weightedAverageShsOutDil": 58897000,
        "link": "https://www.sec.gov/Archives/edgar/data/24491/000095015208006018/0000950152-08-006018-index.html",
        "finalLink": "https://www.sec.gov/Archives/edgar/data/24491/000095015208006018/l32635ae10vq.htm"
    },
    {
        "date": "2008-03-31",
        "symbol": "CTB",
        "reportedCurrency": "USD",
        "cik": "0000024491",
        "fillingDate": "2008-05-08",
        "acceptedDate": "2008-05-08 15:36:31",
        "calendarYear": "2008",
        "period": "Q1",
        "revenue": 679321000,
        "costOfRevenue": 623083000,
        "grossProfit": 56238000,
        "grossProfitRatio": 0.082785605,
        "researchAndDevelopmentExpenses": 0,
        "generalAndAdministrativeExpenses": 46684000,
        "sellingAndMarketingExpenses": 0,
        "sellingGeneralAndAdministrativeExpenses": 46684000,
        "otherExpenses": 0,
        "operatingExpenses": 46684000,
        "costAndExpenses": 669767000,
        "interestIncome": 0,
        "interestExpense": 0,
        "depreciationAndAmortization": 38646000,
        "ebitda": 41380000,
        "ebitdaratio": 0.0609137654,
        "operatingIncome": 9554000,
        "operatingIncomeRatio": 0.0140640434,
        "totalOtherIncomeExpensesNet": -5078000,
        "incomeBeforeTax": 4476000,
        "incomeBeforeTaxRatio": 0.0065889322,
        "incomeTaxExpense": 1048000,
        "netIncome": 1686000,
        "netIncomeRatio": 0.00248189,
        "eps": 0.0283,
        "epsdiluted": 0.0279,
        "weightedAverageShsOut": 59484000,
        "weightedAverageShsOutDil": 60474000,
        "link": "https://www.sec.gov/Archives/edgar/data/24491/000095015208003661/0000950152-08-003661-index.html",
        "finalLink": "https://www.sec.gov/Archives/edgar/data/24491/000095015208003661/l31330ae10vq.htm"
    },
    {
        "date": "2007-12-31",
        "symbol": "CTB",
        "reportedCurrency": "USD",
        "cik": "0000024491",
        "fillingDate": "2008-02-28",
        "acceptedDate": "2008-02-28 14:22:18",
        "calendarYear": "2007",
        "period": "Q4",
        "revenue": 765130000,
        "costOfRevenue": 672000000,
        "grossProfit": 93130000,
        "grossProfitRatio": 0.121717878,
        "researchAndDevelopmentExpenses": 0,
        "generalAndAdministrativeExpenses": 50117000,
        "sellingAndMarketingExpenses": 0,
        "sellingGeneralAndAdministrativeExpenses": 50117000,
        "otherExpenses": 0,
        "operatingExpenses": 50117000,
        "costAndExpenses": 722117000,
        "interestIncome": 0,
        "interestExpense": 0,
        "depreciationAndAmortization": 53862000,
        "ebitda": 102282000,
        "ebitdaratio": 0.1336792441,
        "operatingIncome": 43013000,
        "operatingIncomeRatio": 0.0562165906,
        "totalOtherIncomeExpensesNet": -5110000,
        "incomeBeforeTax": 37903000,
        "incomeBeforeTaxRatio": 0.049537987,
        "incomeTaxExpense": -2582000,
        "netIncome": 51002000,
        "netIncomeRatio": 0.0666579536,
        "eps": 0.86,
        "epsdiluted": 0.86,
        "weightedAverageShsOut": 59484000,
        "weightedAverageShsOutDil": 59484000,
        "link": "https://www.sec.gov/Archives/edgar/data/24491/000095015208001512/0000950152-08-001512-index.htm",
        "finalLink": "https://www.sec.gov/Archives/edgar/data/24491/000095015208001512/l30241ae10vk.htm"
    },
    {
        "date": "2007-09-30",
        "symbol": "CTB",
        "reportedCurrency": "USD",
        "cik": "0000024491",
        "fillingDate": "2007-11-06",
        "acceptedDate": "2007-11-06 15:15:54",
        "calendarYear": "2007",
        "period": "Q3",
        "revenue": 767710000,
        "costOfRevenue": 691627000,
        "grossProfit": 76083000,
        "grossProfitRatio": 0.0991038283,
        "researchAndDevelopmentExpenses": 0,
        "generalAndAdministrativeExpenses": 42559000,
        "sellingAndMarketingExpenses": 0,
        "sellingGeneralAndAdministrativeExpenses": 42559000,
        "otherExpenses": 0,
        "operatingExpenses": 42559000,
        "costAndExpenses": 734186000,
        "interestIncome": 0,
        "interestExpense": 0,
        "depreciationAndAmortization": 31431000,
        "ebitda": 68496000,
        "ebitdaratio": 0.0892211903,
        "operatingIncome": 33524000,
        "operatingIncomeRatio": 0.0436675307,
        "totalOtherIncomeExpensesNet": -5400000,
        "incomeBeforeTax": 28124000,
        "incomeBeforeTaxRatio": 0.0366336247,
        "incomeTaxExpense": 6861000,
        "netIncome": 30204000,
        "netIncomeRatio": 0.0393429811,
        "eps": 0.48,
        "epsdiluted": 0.48,
        "weightedAverageShsOut": 62603000,
        "weightedAverageShsOutDil": 63519000,
        "link": "https://www.sec.gov/Archives/edgar/data/24491/000095015207008618/0000950152-07-008618-index.html",
        "finalLink": "https://www.sec.gov/Archives/edgar/data/24491/000095015207008618/l28538ae10vq.htm"
    },
    {
        "date": "2007-06-30",
        "symbol": "CTB",
        "reportedCurrency": "USD",
        "cik": "0000024491",
        "fillingDate": "2007-08-06",
        "acceptedDate": "2007-08-06 16:03:59",
        "calendarYear": "2007",
        "period": "Q2",
        "revenue": 750641000,
        "costOfRevenue": 671527000,
        "grossProfit": 79114000,
        "grossProfitRatio": 0.1053952555,
        "researchAndDevelopmentExpenses": 0,
        "generalAndAdministrativeExpenses": 45352000,
        "sellingAndMarketingExpenses": 0,
        "sellingGeneralAndAdministrativeExpenses": 45352000,
        "otherExpenses": 0,
        "operatingExpenses": 45352000,
        "costAndExpenses": 716879000,
        "interestIncome": 0,
        "interestExpense": 0,
        "depreciationAndAmortization": 35577000,
        "ebitda": 58740000,
        "ebitdaratio": 0.0782531197,
        "operatingIncome": 33762000,
        "operatingIncomeRatio": 0.0449775592,
        "totalOtherIncomeExpensesNet": -7733000,
        "incomeBeforeTax": 26029000,
        "incomeBeforeTaxRatio": 0.0346756972,
        "incomeTaxExpense": 5550000,
        "netIncome": 17613000,
        "netIncomeRatio": 0.0234639461,
        "eps": 0.28,
        "epsdiluted": 0.28,
        "weightedAverageShsOut": 61980000,
        "weightedAverageShsOutDil": 62913000,
        "link": "https://www.sec.gov/Archives/edgar/data/24491/000095015207006429/0000950152-07-006429-index.html",
        "finalLink": "https://www.sec.gov/Archives/edgar/data/24491/000095015207006429/l27328ae10vq.htm"
    },
    {
        "date": "2007-03-31",
        "symbol": "CTB",
        "reportedCurrency": "USD",
        "cik": "0000024491",
        "fillingDate": "2007-05-02",
        "acceptedDate": "2007-05-02 15:41:31",
        "calendarYear": "2007",
        "period": "Q1",
        "revenue": 689085000,
        "costOfRevenue": 615541000,
        "grossProfit": 73544000,
        "grossProfitRatio": 0.1067270366,
        "researchAndDevelopmentExpenses": 0,
        "generalAndAdministrativeExpenses": 41953000,
        "sellingAndMarketingExpenses": 0,
        "sellingGeneralAndAdministrativeExpenses": 41953000,
        "otherExpenses": 0,
        "operatingExpenses": 41953000,
        "costAndExpenses": 657494000,
        "interestIncome": 0,
        "interestExpense": 0,
        "depreciationAndAmortization": 34561000,
        "ebitda": 62577000,
        "ebitdaratio": 0.0908117286,
        "operatingIncome": 31591000,
        "operatingIncomeRatio": 0.0458448522,
        "totalOtherIncomeExpensesNet": -3551000,
        "incomeBeforeTax": 28040000,
        "incomeBeforeTaxRatio": 0.0406916418,
        "incomeTaxExpense": 7265000,
        "netIncome": 20751000,
        "netIncomeRatio": 0.0301138466,
        "eps": 0.34,
        "epsdiluted": 0.33,
        "weightedAverageShsOut": 61475000,
        "weightedAverageShsOutDil": 61972000,
        "link": "https://www.sec.gov/Archives/edgar/data/24491/000095015207003844/0000950152-07-003844-index.html",
        "finalLink": "https://www.sec.gov/Archives/edgar/data/24491/000095015207003844/l25864ae10vq.htm"
    },
    {
        "date": "2006-12-31",
        "symbol": "CTB",
        "reportedCurrency": "USD",
        "cik": "0000024491",
        "fillingDate": "2007-03-01",
        "acceptedDate": "2007-03-01 14:25:23",
        "calendarYear": "2006",
        "period": "Q4",
        "revenue": 739080000,
        "costOfRevenue": 665852000,
        "grossProfit": 73228000,
        "grossProfitRatio": 0.0990799372,
        "researchAndDevelopmentExpenses": 0,
        "generalAndAdministrativeExpenses": 41777000,
        "sellingAndMarketingExpenses": 0,
        "sellingGeneralAndAdministrativeExpenses": 41777000,
        "otherExpenses": 0,
        "operatingExpenses": 41777000,
        "costAndExpenses": 707629000,
        "interestIncome": 0,
        "interestExpense": 0,
        "depreciationAndAmortization": 36107000,
        "ebitda": 10277000,
        "ebitdaratio": 0.0139051253,
        "operatingIncome": 31451000,
        "operatingIncomeRatio": 0.0425542566,
        "totalOtherIncomeExpensesNet": -63561000,
        "incomeBeforeTax": -32110000,
        "incomeBeforeTaxRatio": -0.0434459057,
        "incomeTaxExpense": 1803000,
        "netIncome": -27633000,
        "netIncomeRatio": -0.0373883747,
        "eps": -0.45,
        "epsdiluted": -0.45,
        "weightedAverageShsOut": 61475000,
        "weightedAverageShsOutDil": 61475000,
        "link": "https://www.sec.gov/Archives/edgar/data/24491/000095015207001675/0000950152-07-001675-index.htm",
        "finalLink": "https://www.sec.gov/Archives/edgar/data/24491/000095015207001675/l23999ae10vk.htm"
    },
    {
        "date": "2006-09-30",
        "symbol": "CTB",
        "reportedCurrency": "USD",
        "cik": "0000024491",
        "fillingDate": "2006-11-08",
        "acceptedDate": "2006-11-08 15:28:08",
        "calendarYear": "2006",
        "period": "Q3",
        "revenue": 715795000,
        "costOfRevenue": 664257000,
        "grossProfit": 51538000,
        "grossProfitRatio": 0.0720010618,
        "researchAndDevelopmentExpenses": 0,
        "generalAndAdministrativeExpenses": 56144000,
        "sellingAndMarketingExpenses": 0,
        "sellingGeneralAndAdministrativeExpenses": 56144000,
        "otherExpenses": 0,
        "operatingExpenses": 56144000,
        "costAndExpenses": 720401000,
        "interestIncome": 0,
        "interestExpense": 0,
        "depreciationAndAmortization": 35473000,
        "ebitda": 17358000,
        "ebitdaratio": 0.0242499598,
        "operatingIncome": -4606000,
        "operatingIncomeRatio": -0.0064348033,
        "totalOtherIncomeExpensesNet": -11911000,
        "incomeBeforeTax": -16517000,
        "incomeBeforeTaxRatio": -0.0230750424,
        "incomeTaxExpense": 6878000,
        "netIncome": -24993000,
        "netIncomeRatio": -0.0349164216,
        "eps": -0.41,
        "epsdiluted": -0.41,
        "weightedAverageShsOut": 61339000,
        "weightedAverageShsOutDil": 61339000,
        "link": "https://www.sec.gov/Archives/edgar/data/24491/000095015206009019/0000950152-06-009019-index.htm",
        "finalLink": "https://www.sec.gov/Archives/edgar/data/24491/000095015206009019/l22652ae10vq.htm"
    },
    {
        "date": "2006-06-30",
        "symbol": "CTB",
        "reportedCurrency": "USD",
        "cik": "0000024491",
        "fillingDate": "2006-08-07",
        "acceptedDate": "2006-08-07 15:07:10",
        "calendarYear": "2006",
        "period": "Q2",
        "revenue": 624785000,
        "costOfRevenue": 595593000,
        "grossProfit": 29192000,
        "grossProfitRatio": 0.0467232728,
        "researchAndDevelopmentExpenses": 0,
        "generalAndAdministrativeExpenses": 46872000,
        "sellingAndMarketingExpenses": 0,
        "sellingGeneralAndAdministrativeExpenses": 46872000,
        "otherExpenses": 0,
        "operatingExpenses": 46872000,
        "costAndExpenses": 642465000,
        "interestIncome": 0,
        "interestExpense": 0,
        "depreciationAndAmortization": 35450000,
        "ebitda": -1382000,
        "ebitdaratio": -0.0022119609,
        "operatingIncome": -17680000,
        "operatingIncomeRatio": -0.0282977344,
        "totalOtherIncomeExpensesNet": -18185000,
        "incomeBeforeTax": -35865000,
        "incomeBeforeTaxRatio": -0.0574037469,
        "incomeTaxExpense": -16100000,
        "netIncome": -20732000,
        "netIncomeRatio": -0.0331826148,
        "eps": -0.34,
        "epsdiluted": -0.34,
        "weightedAverageShsOut": 61337000,
        "weightedAverageShsOutDil": 61337000,
        "link": "https://www.sec.gov/Archives/edgar/data/24491/000095015206006608/0000950152-06-006608-index.htm",
        "finalLink": "https://www.sec.gov/Archives/edgar/data/24491/000095015206006608/l21338ae10vq.htm"
    },
    {
        "date": "2006-03-31",
        "symbol": "CTB",
        "reportedCurrency": "USD",
        "cik": "0000024491",
        "fillingDate": "2006-05-03",
        "acceptedDate": "2006-05-03 15:27:18",
        "calendarYear": "2006",
        "period": "Q1",
        "revenue": 596582000,
        "costOfRevenue": 552977000,
        "grossProfit": 43605000,
        "grossProfitRatio": 0.0730913772,
        "researchAndDevelopmentExpenses": 0,
        "generalAndAdministrativeExpenses": 47944000,
        "sellingAndMarketingExpenses": 0,
        "sellingGeneralAndAdministrativeExpenses": 47944000,
        "otherExpenses": 0,
        "operatingExpenses": 47944000,
        "costAndExpenses": 600921000,
        "interestIncome": 0,
        "interestExpense": 0,
        "depreciationAndAmortization": 31343000,
        "ebitda": 23882000,
        "ebitdaratio": 0.0400313788,
        "operatingIncome": -4339000,
        "operatingIncomeRatio": -0.0072730991,
        "totalOtherIncomeExpensesNet": -3123000,
        "incomeBeforeTax": -7462000,
        "incomeBeforeTaxRatio": -0.0125079201,
        "incomeTaxExpense": -2307000,
        "netIncome": -5154000,
        "netIncomeRatio": -0.0086392147,
        "eps": -0.084,
        "epsdiluted": -0.084,
        "weightedAverageShsOut": 61330000,
        "weightedAverageShsOutDil": 61330000,
        "link": "https://www.sec.gov/Archives/edgar/data/24491/000095015206001586/0000950152-06-001586-index.htm",
        "finalLink": "https://www.sec.gov/Archives/edgar/data/24491/000095015206001586/l17966ae10vk.htm"
    },
    {
        "date": "2005-12-31",
        "symbol": "CTB",
        "reportedCurrency": "USD",
        "cik": "0000024491",
        "fillingDate": "2006-03-01",
        "acceptedDate": "2006-03-01 15:39:29",
        "calendarYear": "2005",
        "period": "Q4",
        "revenue": 572403000,
        "costOfRevenue": 527071000,
        "grossProfit": 45332000,
        "grossProfitRatio": 0.0791959511,
        "researchAndDevelopmentExpenses": 0,
        "generalAndAdministrativeExpenses": 39263000,
        "sellingAndMarketingExpenses": 0,
        "sellingGeneralAndAdministrativeExpenses": 39263000,
        "otherExpenses": 0,
        "operatingExpenses": 39263000,
        "costAndExpenses": 566334000,
        "interestIncome": 0,
        "interestExpense": 0,
        "depreciationAndAmortization": 34384000,
        "ebitda": 43001000,
        "ebitdaratio": 0.0751236454,
        "operatingIncome": 6069000,
        "operatingIncomeRatio": 0.0106026698,
        "totalOtherIncomeExpensesNet": -3151000,
        "incomeBeforeTax": 2918000,
        "incomeBeforeTaxRatio": 0.005097807,
        "incomeTaxExpense": 9436000,
        "netIncome": -819000,
        "netIncomeRatio": -0.0014308101,
        "eps": -0.0134,
        "epsdiluted": -0.0134,
        "weightedAverageShsOut": 61330000,
        "weightedAverageShsOutDil": 61330000,
        "link": "https://www.sec.gov/Archives/edgar/data/24491/000095015206001586/0000950152-06-001586-index.htm",
        "finalLink": "https://www.sec.gov/Archives/edgar/data/24491/000095015206001586/l17966ae10vk.htm"
    },
    {
        "date": "2005-09-30",
        "symbol": "CTB",
        "reportedCurrency": "USD",
        "cik": "0000024491",
        "fillingDate": "2005-11-08",
        "acceptedDate": "2005-11-08 13:48:20",
        "calendarYear": "2005",
        "period": "Q3",
        "revenue": 557795000,
        "costOfRevenue": 502369000,
        "grossProfit": 55426000,
        "grossProfitRatio": 0.0993662546,
        "researchAndDevelopmentExpenses": 0,
        "generalAndAdministrativeExpenses": 41631000,
        "sellingAndMarketingExpenses": -277000,
        "sellingGeneralAndAdministrativeExpenses": 41354000,
        "otherExpenses": 0,
        "operatingExpenses": 41354000,
        "costAndExpenses": 543723000,
        "interestIncome": 0,
        "interestExpense": 0,
        "depreciationAndAmortization": 27447000,
        "ebitda": 29218000,
        "ebitdaratio": 0.0523812512,
        "operatingIncome": 14072000,
        "operatingIncomeRatio": 0.0252279063,
        "totalOtherIncomeExpensesNet": -12301000,
        "incomeBeforeTax": 1771000,
        "incomeBeforeTaxRatio": 0.0031750016,
        "incomeTaxExpense": 2846000,
        "netIncome": -1075000,
        "netIncomeRatio": -0.0019272313,
        "eps": -0.0175,
        "epsdiluted": -0.0175,
        "weightedAverageShsOut": 61292000,
        "weightedAverageShsOutDil": 61292000,
        "link": "https://www.sec.gov/Archives/edgar/data/24491/000095015205008910/0000950152-05-008910-index.htm",
        "finalLink": "https://www.sec.gov/Archives/edgar/data/24491/000095015205008910/l16618ae10vq.htm"
    },
    {
        "date": "2005-06-30",
        "symbol": "CTB",
        "reportedCurrency": "USD",
        "cik": "0000024491",
        "fillingDate": "2005-08-02",
        "acceptedDate": "2005-08-02 14:30:13",
        "calendarYear": "2005",
        "period": "Q2",
        "revenue": 510930000,
        "costOfRevenue": 473020000,
        "grossProfit": 37910000,
        "grossProfitRatio": 0.074198031,
        "researchAndDevelopmentExpenses": 0,
        "generalAndAdministrativeExpenses": 37497000,
        "sellingAndMarketingExpenses": 0,
        "sellingGeneralAndAdministrativeExpenses": 37497000,
        "otherExpenses": 0,
        "operatingExpenses": 37497000,
        "costAndExpenses": 510517000,
        "interestIncome": 0,
        "interestExpense": 0,
        "depreciationAndAmortization": 27457000,
        "ebitda": 9445000,
        "ebitdaratio": 0.0184858983,
        "operatingIncome": 413000,
        "operatingIncomeRatio": 0.0008083299,
        "totalOtherIncomeExpensesNet": -17962000,
        "incomeBeforeTax": -17549000,
        "incomeBeforeTaxRatio": -0.0343471708,
        "incomeTaxExpense": -11131000,
        "netIncome": -6881000,
        "netIncomeRatio": -0.0134675983,
        "eps": -0.11,
        "epsdiluted": -0.11,
        "weightedAverageShsOut": 62250000,
        "weightedAverageShsOutDil": 62250000,
        "link": "https://www.sec.gov/Archives/edgar/data/24491/000095015205006395/0000950152-05-006395-index.htm",
        "finalLink": "https://www.sec.gov/Archives/edgar/data/24491/000095015205006395/l14969ae10vq.htm"
    },
    {
        "date": "2005-03-31",
        "symbol": "CTB",
        "reportedCurrency": "USD",
        "cik": "0000024491",
        "fillingDate": "2005-05-02",
        "acceptedDate": "2005-05-02 10:50:25",
        "calendarYear": "2005",
        "period": "Q1",
        "revenue": 514057000,
        "costOfRevenue": 465375000,
        "grossProfit": 48682000,
        "grossProfitRatio": 0.0947015603,
        "researchAndDevelopmentExpenses": 0,
        "generalAndAdministrativeExpenses": 42801000,
        "sellingAndMarketingExpenses": 0,
        "sellingGeneralAndAdministrativeExpenses": 42801000,
        "otherExpenses": 0,
        "operatingExpenses": 42801000,
        "costAndExpenses": 508176000,
        "interestIncome": 0,
        "interestExpense": 0,
        "depreciationAndAmortization": 26379000,
        "ebitda": 31148000,
        "ebitdaratio": 0.0605925024,
        "operatingIncome": 5881000,
        "operatingIncomeRatio": 0.0114403656,
        "totalOtherIncomeExpensesNet": -7372000,
        "incomeBeforeTax": -1491000,
        "incomeBeforeTaxRatio": -0.0029004566,
        "incomeTaxExpense": -447000,
        "netIncome": 5216000,
        "netIncomeRatio": 0.0101467347,
        "eps": 0.0747,
        "epsdiluted": 0.0747,
        "weightedAverageShsOut": 69871000,
        "weightedAverageShsOutDil": 69871000,
        "link": "https://www.sec.gov/Archives/edgar/data/24491/000095015205002010/0000950152-05-002010-index.htm",
        "finalLink": "https://www.sec.gov/Archives/edgar/data/24491/000095015205002010/l12369ae10vk.htm"
    },
    {
        "date": "2004-12-31",
        "symbol": "CTB",
        "reportedCurrency": "USD",
        "cik": "0000024491",
        "fillingDate": "2005-03-11",
        "acceptedDate": "2005-03-11 15:58:10",
        "calendarYear": "2004",
        "period": "Q4",
        "revenue": 540967000,
        "costOfRevenue": 487298000,
        "grossProfit": 53669000,
        "grossProfitRatio": 0.0992093788,
        "researchAndDevelopmentExpenses": 0,
        "generalAndAdministrativeExpenses": 46067000,
        "sellingAndMarketingExpenses": 0,
        "sellingGeneralAndAdministrativeExpenses": 46067000,
        "otherExpenses": 0,
        "operatingExpenses": 46067000,
        "costAndExpenses": 533365000,
        "interestIncome": 0,
        "interestExpense": 0,
        "depreciationAndAmortization": 29004000,
        "ebitda": 158801000,
        "ebitdaratio": 0.2935502535,
        "operatingIncome": 7602000,
        "operatingIncomeRatio": 0.0140526132,
        "totalOtherIncomeExpensesNet": -7812000,
        "incomeBeforeTax": -210000,
        "incomeBeforeTaxRatio": -0.0003881937,
        "incomeTaxExpense": -3427000,
        "netIncome": 133224000,
        "netIncomeRatio": 0.2462701052,
        "eps": 1.91,
        "epsdiluted": 1.91,
        "weightedAverageShsOut": 69871000,
        "weightedAverageShsOutDil": 69871000,
        "link": "https://www.sec.gov/Archives/edgar/data/24491/000095015205002010/0000950152-05-002010-index.htm",
        "finalLink": "https://www.sec.gov/Archives/edgar/data/24491/000095015205002010/l12369ae10vk.htm"
    },
    {
        "date": "2004-09-30",
        "symbol": "CTB",
        "reportedCurrency": "USD",
        "cik": "0000024491",
        "fillingDate": "2004-09-30",
        "acceptedDate": "2004-09-29 20:00:00",
        "calendarYear": "2004",
        "period": "Q3",
        "revenue": 551446000,
        "costOfRevenue": 489305000,
        "grossProfit": 62141000,
        "grossProfitRatio": 0.112687371,
        "researchAndDevelopmentExpenses": 0,
        "generalAndAdministrativeExpenses": 39247000,
        "sellingAndMarketingExpenses": -11273000,
        "sellingGeneralAndAdministrativeExpenses": 27974000,
        "otherExpenses": 0,
        "operatingExpenses": 27974000,
        "costAndExpenses": 517279000,
        "interestIncome": 0,
        "interestExpense": 0,
        "depreciationAndAmortization": -10842000,
        "ebitda": 5002000,
        "ebitdaratio": 0.0090706978,
        "operatingIncome": 34167000,
        "operatingIncomeRatio": 0.0619589225,
        "totalOtherIncomeExpensesNet": -15018000,
        "incomeBeforeTax": 19149000,
        "incomeBeforeTaxRatio": 0.0347250683,
        "incomeTaxExpense": 5974000,
        "netIncome": 9870000,
        "netIncomeRatio": 0.017898398,
        "eps": 0.13,
        "epsdiluted": 0.13,
        "weightedAverageShsOut": 74928000,
        "weightedAverageShsOutDil": 75935000,
        "link": "",
        "finalLink": ""
    },
    {
        "date": "2004-06-30",
        "symbol": "CTB",
        "reportedCurrency": "USD",
        "cik": "0000024491",
        "fillingDate": "2004-08-09",
        "acceptedDate": "2004-08-09 08:39:07",
        "calendarYear": "2004",
        "period": "Q2",
        "revenue": 991754000,
        "costOfRevenue": 848625000,
        "grossProfit": 143129000,
        "grossProfitRatio": 0.1443190549,
        "researchAndDevelopmentExpenses": 0,
        "generalAndAdministrativeExpenses": 70170000,
        "sellingAndMarketingExpenses": 0,
        "sellingGeneralAndAdministrativeExpenses": 70170000,
        "otherExpenses": 0,
        "operatingExpenses": 70170000,
        "costAndExpenses": 918795000,
        "interestIncome": 0,
        "interestExpense": 0,
        "depreciationAndAmortization": 46783000,
        "ebitda": 98620000,
        "ebitdaratio": 0.0994399821,
        "operatingIncome": 72959000,
        "operatingIncomeRatio": 0.0735656221,
        "totalOtherIncomeExpensesNet": -21122000,
        "incomeBeforeTax": 51837000,
        "incomeBeforeTaxRatio": 0.0522680019,
        "incomeTaxExpense": 18402000,
        "netIncome": 33435000,
        "netIncomeRatio": 0.0337129974,
        "eps": 0.45,
        "epsdiluted": 0.44,
        "weightedAverageShsOut": 74432000,
        "weightedAverageShsOutDil": 75444000,
        "link": "https://www.sec.gov/Archives/edgar/data/24491/000095015204006015/0000950152-04-006015-index.htm",
        "finalLink": "https://www.sec.gov/Archives/edgar/data/24491/000095015204006015/l08604ae10vq.htm"
    },
    {
        "date": "2004-03-31",
        "symbol": "CTB",
        "reportedCurrency": "USD",
        "cik": "0000024491",
        "fillingDate": "2004-05-03",
        "acceptedDate": "2004-05-03 14:48:28",
        "calendarYear": "2004",
        "period": "Q1",
        "revenue": 974466000,
        "costOfRevenue": 847451000,
        "grossProfit": 127015000,
        "grossProfitRatio": 0.1303431828,
        "researchAndDevelopmentExpenses": 0,
        "generalAndAdministrativeExpenses": 69991000,
        "sellingAndMarketingExpenses": 0,
        "sellingGeneralAndAdministrativeExpenses": 69991000,
        "otherExpenses": 0,
        "operatingExpenses": 69991000,
        "costAndExpenses": 917442000,
        "interestIncome": 0,
        "interestExpense": 0,
        "depreciationAndAmortization": 47993000,
        "ebitda": 84818000,
        "ebitdaratio": 0.0870404919,
        "operatingIncome": 57024000,
        "operatingIncomeRatio": 0.0585182038,
        "totalOtherIncomeExpensesNet": -20199000,
        "incomeBeforeTax": 36825000,
        "incomeBeforeTaxRatio": 0.037789928,
        "incomeTaxExpense": 13073000,
        "netIncome": 23752000,
        "netIncomeRatio": 0.0243743753,
        "eps": 0.32,
        "epsdiluted": 0.32,
        "weightedAverageShsOut": 74049000,
        "weightedAverageShsOutDil": 75042000,
        "link": "https://www.sec.gov/Archives/edgar/data/24491/000095015204001657/0000950152-04-001657-index.htm",
        "finalLink": "https://www.sec.gov/Archives/edgar/data/24491/000095015204001657/l05569ae10vk.htm"
    },
    {
        "date": "2003-12-31",
        "symbol": "CTB",
        "reportedCurrency": "USD",
        "cik": "0000024491",
        "fillingDate": "2004-03-08",
        "acceptedDate": "2004-03-08 10:04:59",
        "calendarYear": "2003",
        "period": "Q4",
        "revenue": 966753000,
        "costOfRevenue": 840926000,
        "grossProfit": 125827000,
        "grossProfitRatio": 0.1301542379,
        "researchAndDevelopmentExpenses": 0,
        "generalAndAdministrativeExpenses": 61642000,
        "sellingAndMarketingExpenses": 0,
        "sellingGeneralAndAdministrativeExpenses": 61642000,
        "otherExpenses": 0,
        "operatingExpenses": 61642000,
        "costAndExpenses": 902568000,
        "interestIncome": 0,
        "interestExpense": 0,
        "depreciationAndAmortization": 51152000,
        "ebitda": 93916000,
        "ebitdaratio": 0.0971458066,
        "operatingIncome": 64185000,
        "operatingIncomeRatio": 0.0663923463,
        "totalOtherIncomeExpensesNet": -21421000,
        "incomeBeforeTax": 42764000,
        "incomeBeforeTaxRatio": 0.0442346701,
        "incomeTaxExpense": 14590000,
        "netIncome": 28174000,
        "netIncomeRatio": 0.0291429145,
        "eps": 0.38,
        "epsdiluted": 0.38,
        "weightedAverageShsOut": 74049000,
        "weightedAverageShsOutDil": 74049000,
        "link": "https://www.sec.gov/Archives/edgar/data/24491/000095015204001657/0000950152-04-001657-index.htm",
        "finalLink": "https://www.sec.gov/Archives/edgar/data/24491/000095015204001657/l05569ae10vk.htm"
    },
    {
        "date": "2003-09-30",
        "symbol": "CTB",
        "reportedCurrency": "USD",
        "cik": "0000024491",
        "fillingDate": "2003-11-12",
        "acceptedDate": "2003-11-12 07:13:58",
        "calendarYear": "2003",
        "period": "Q3",
        "revenue": 913236000,
        "costOfRevenue": 806464000,
        "grossProfit": 106772000,
        "grossProfitRatio": 0.1169161093,
        "researchAndDevelopmentExpenses": 0,
        "generalAndAdministrativeExpenses": 61969000,
        "sellingAndMarketingExpenses": -3900000,
        "sellingGeneralAndAdministrativeExpenses": 58069000,
        "otherExpenses": 0,
        "operatingExpenses": 58069000,
        "costAndExpenses": 864533000,
        "interestIncome": 0,
        "interestExpense": 0,
        "depreciationAndAmortization": 47481000,
        "ebitda": 75225000,
        "ebitdaratio": 0.082371917,
        "operatingIncome": 48703000,
        "operatingIncomeRatio": 0.0533301359,
        "totalOtherIncomeExpensesNet": -20959000,
        "incomeBeforeTax": 27744000,
        "incomeBeforeTaxRatio": 0.0303798799,
        "incomeTaxExpense": 9987000,
        "netIncome": 17757000,
        "netIncomeRatio": 0.0194440429,
        "eps": 0.24,
        "epsdiluted": 0.24,
        "weightedAverageShsOut": 73723000,
        "weightedAverageShsOutDil": 74293000,
        "link": "https://www.sec.gov/Archives/edgar/data/24491/000095015203009514/0000950152-03-009514-index.htm",
        "finalLink": "https://www.sec.gov/Archives/edgar/data/24491/000095015203009514/l03438ae10vq.htm"
    },
    {
        "date": "2003-06-30",
        "symbol": "CTB",
        "reportedCurrency": "USD",
        "cik": "0000024491",
        "fillingDate": "2003-08-08",
        "acceptedDate": "2003-08-08 08:54:52",
        "calendarYear": "2003",
        "period": "Q2",
        "revenue": 839583000,
        "costOfRevenue": 737861000,
        "grossProfit": 101722000,
        "grossProfitRatio": 0.1211577652,
        "researchAndDevelopmentExpenses": 0,
        "generalAndAdministrativeExpenses": 61659000,
        "sellingAndMarketingExpenses": 0,
        "sellingGeneralAndAdministrativeExpenses": 61659000,
        "otherExpenses": 0,
        "operatingExpenses": 61659000,
        "costAndExpenses": 799520000,
        "interestIncome": 0,
        "interestExpense": 0,
        "depreciationAndAmortization": 46063000,
        "ebitda": 65758000,
        "ebitdaratio": 0.0783222147,
        "operatingIncome": 40063000,
        "operatingIncomeRatio": 0.0477177361,
        "totalOtherIncomeExpensesNet": -20368000,
        "incomeBeforeTax": 19695000,
        "incomeBeforeTaxRatio": 0.0234580738,
        "incomeTaxExpense": 6971000,
        "netIncome": 12724000,
        "netIncomeRatio": 0.0151551425,
        "eps": 0.17,
        "epsdiluted": 0.17,
        "weightedAverageShsOut": 73602000,
        "weightedAverageShsOutDil": 73602000,
        "link": "https://www.sec.gov/Archives/edgar/data/24491/000095015203007421/0000950152-03-007421-index.htm",
        "finalLink": "https://www.sec.gov/Archives/edgar/data/24491/000095015203007421/l01967ae10vq.htm"
    },
    {
        "date": "2003-03-31",
        "symbol": "CTB",
        "reportedCurrency": "USD",
        "cik": "0000024491",
        "fillingDate": "2003-03-31",
        "acceptedDate": "2003-03-30 19:00:00",
        "calendarYear": "2003",
        "period": "Q1",
        "revenue": 794827000,
        "costOfRevenue": 693510000,
        "grossProfit": 101317000,
        "grossProfitRatio": 0.1274705062,
        "researchAndDevelopmentExpenses": 0,
        "generalAndAdministrativeExpenses": 62146000,
        "sellingAndMarketingExpenses": 0,
        "sellingGeneralAndAdministrativeExpenses": 62146000,
        "otherExpenses": 0,
        "operatingExpenses": 62146000,
        "costAndExpenses": 755656000,
        "interestIncome": 0,
        "interestExpense": 0,
        "depreciationAndAmortization": 45038000,
        "ebitda": 68945000,
        "ebitdaratio": 0.0867421464,
        "operatingIncome": 39171000,
        "operatingIncomeRatio": 0.0492824225,
        "totalOtherIncomeExpensesNet": -15264000,
        "incomeBeforeTax": 23907000,
        "incomeBeforeTaxRatio": 0.0300782434,
        "incomeTaxExpense": 8726000,
        "netIncome": 15181000,
        "netIncomeRatio": 0.0190997538,
        "eps": 0.21,
        "epsdiluted": 0.21,
        "weightedAverageShsOut": 73560000,
        "weightedAverageShsOutDil": 73810000,
        "link": "",
        "finalLink": ""
    },
    {
        "date": "2002-12-31",
        "symbol": "CTB",
        "reportedCurrency": "USD",
        "cik": "0000024491",
        "fillingDate": "2003-03-14",
        "acceptedDate": "2003-03-13 19:00:00",
        "calendarYear": "2002",
        "period": "Q4",
        "revenue": 841628000,
        "costOfRevenue": 723271000,
        "grossProfit": 118357000,
        "grossProfitRatio": 0.1406286388,
        "researchAndDevelopmentExpenses": 0,
        "generalAndAdministrativeExpenses": 63208000,
        "sellingAndMarketingExpenses": 0,
        "sellingGeneralAndAdministrativeExpenses": 63208000,
        "otherExpenses": 0,
        "operatingExpenses": 63208000,
        "costAndExpenses": 786479000,
        "interestIncome": 0,
        "interestExpense": 0,
        "depreciationAndAmortization": 49791000,
        "ebitda": 86750000,
        "ebitdaratio": 0.1030740422,
        "operatingIncome": 55149000,
        "operatingIncomeRatio": 0.0655265747,
        "totalOtherIncomeExpensesNet": -18190000,
        "incomeBeforeTax": 36959000,
        "incomeBeforeTaxRatio": 0.0439137006,
        "incomeTaxExpense": 13464000,
        "netIncome": 23495000,
        "netIncomeRatio": 0.027916134,
        "eps": 0.32,
        "epsdiluted": 0.32,
        "weightedAverageShsOut": 73560000,
        "weightedAverageShsOutDil": 73560000,
        "link": "https://www.sec.gov/Archives/edgar/data/24491/000095015203002921/0000950152-03-002921-index.htm",
        "finalLink": "https://www.sec.gov/Archives/edgar/data/24491/000095015203002921/l98078ae10vk.htm"
    },
    {
        "date": "2002-09-30",
        "symbol": "CTB",
        "reportedCurrency": "USD",
        "cik": "0000024491",
        "fillingDate": "2002-11-12",
        "acceptedDate": "2002-11-12 09:45:50",
        "calendarYear": "2002",
        "period": "Q3",
        "revenue": 839277000,
        "costOfRevenue": 729500000,
        "grossProfit": 109777000,
        "grossProfitRatio": 0.1307994857,
        "researchAndDevelopmentExpenses": 0,
        "generalAndAdministrativeExpenses": 53096000,
        "sellingAndMarketingExpenses": 0,
        "sellingGeneralAndAdministrativeExpenses": 53096000,
        "otherExpenses": 0,
        "operatingExpenses": 53096000,
        "costAndExpenses": 782596000,
        "interestIncome": 0,
        "interestExpense": 0,
        "depreciationAndAmortization": 44820000,
        "ebitda": 81741000,
        "ebitdaratio": 0.0973945432,
        "operatingIncome": 56681000,
        "operatingIncomeRatio": 0.0675355097,
        "totalOtherIncomeExpensesNet": -19760000,
        "incomeBeforeTax": 36921000,
        "incomeBeforeTaxRatio": 0.0439914355,
        "incomeTaxExpense": 13661000,
        "netIncome": 23260000,
        "netIncomeRatio": 0.0277143303,
        "eps": 0.32,
        "epsdiluted": 0.31,
        "weightedAverageShsOut": 73534000,
        "weightedAverageShsOutDil": 74354000,
        "link": "https://www.sec.gov/Archives/edgar/data/24491/000095015202008224/0000950152-02-008224-index.html",
        "finalLink": "https://www.sec.gov/Archives/edgar/data/24491/000095015202008224/l96651ae10vq.htm"
    },
    {
        "date": "2002-06-30",
        "symbol": "CTB",
        "reportedCurrency": "USD",
        "cik": "0000024491",
        "fillingDate": "2002-08-09",
        "acceptedDate": "2002-08-09 16:35:27",
        "calendarYear": "2002",
        "period": "Q2",
        "revenue": 836075000,
        "costOfRevenue": 695887000,
        "grossProfit": 140188000,
        "grossProfitRatio": 0.1676739527,
        "researchAndDevelopmentExpenses": 0,
        "generalAndAdministrativeExpenses": 60368000,
        "sellingAndMarketingExpenses": 0,
        "sellingGeneralAndAdministrativeExpenses": 60368000,
        "otherExpenses": 0,
        "operatingExpenses": 60368000,
        "costAndExpenses": 756255000,
        "interestIncome": 0,
        "interestExpense": 0,
        "depreciationAndAmortization": 44770000,
        "ebitda": 106635000,
        "ebitdaratio": 0.1275423856,
        "operatingIncome": 79820000,
        "operatingIncomeRatio": 0.095469904,
        "totalOtherIncomeExpensesNet": -17955000,
        "incomeBeforeTax": 61865000,
        "incomeBeforeTaxRatio": 0.0739945579,
        "incomeTaxExpense": 22890000,
        "netIncome": 38975000,
        "netIncomeRatio": 0.0466166313,
        "eps": 0.53,
        "epsdiluted": 0.52,
        "weightedAverageShsOut": 73418000,
        "weightedAverageShsOutDil": 74535000,
        "link": "https://www.sec.gov/Archives/edgar/data/24491/000095015202006034/0000950152-02-006034-index.html",
        "finalLink": "https://www.sec.gov/Archives/edgar/data/24491/000095015202006034/l95298ae10vq.htm"
    },
    {
        "date": "2002-03-31",
        "symbol": "CTB",
        "reportedCurrency": "USD",
        "cik": "0000024491",
        "fillingDate": "2002-05-02",
        "acceptedDate": "2002-05-02 10:28:47",
        "calendarYear": "2002",
        "period": "Q1",
        "revenue": 812977000,
        "costOfRevenue": 691099000,
        "grossProfit": 121878000,
        "grossProfitRatio": 0.1499156803,
        "researchAndDevelopmentExpenses": 0,
        "generalAndAdministrativeExpenses": 60567000,
        "sellingAndMarketingExpenses": 0,
        "sellingGeneralAndAdministrativeExpenses": 60567000,
        "otherExpenses": 0,
        "operatingExpenses": 60567000,
        "costAndExpenses": 751666000,
        "interestIncome": 0,
        "interestExpense": 0,
        "depreciationAndAmortization": 43504000,
        "ebitda": 84956000,
        "ebitdaratio": 0.1044998813,
        "operatingIncome": 61311000,
        "operatingIncomeRatio": 0.0754154177,
        "totalOtherIncomeExpensesNet": -19859000,
        "incomeBeforeTax": 41452000,
        "incomeBeforeTaxRatio": 0.0509879123,
        "incomeTaxExpense": 15337000,
        "netIncome": 26115000,
        "netIncomeRatio": 0.03212268,
        "eps": 0.36,
        "epsdiluted": 0.36,
        "weightedAverageShsOut": 73361000,
        "weightedAverageShsOutDil": 73361000,
        "link": "https://www.sec.gov/Archives/edgar/data/24491/000095015202003716/0000950152-02-003716-index.html",
        "finalLink": "https://www.sec.gov/Archives/edgar/data/24491/000095015202003716/l94034be10-q.htm"
    },
    {
        "date": "2001-12-31",
        "symbol": "CTB",
        "reportedCurrency": "USD",
        "cik": "0000024491",
        "fillingDate": "2001-12-31",
        "acceptedDate": "2001-12-30 19:00:00",
        "calendarYear": "2001",
        "period": "Q4",
        "revenue": 776590000,
        "costOfRevenue": 657759000,
        "grossProfit": 118831000,
        "grossProfitRatio": 0.1530163922,
        "researchAndDevelopmentExpenses": 0,
        "generalAndAdministrativeExpenses": 53498000,
        "sellingAndMarketingExpenses": 21570000,
        "sellingGeneralAndAdministrativeExpenses": 75068000,
        "otherExpenses": 0,
        "operatingExpenses": 75068000,
        "costAndExpenses": 732827000,
        "interestIncome": 0,
        "interestExpense": 0,
        "depreciationAndAmortization": 48095000,
        "ebitda": 73544000,
        "ebitdaratio": 0.0947011937,
        "operatingIncome": 43763000,
        "operatingIncomeRatio": 0.056352773,
        "totalOtherIncomeExpensesNet": -18314000,
        "incomeBeforeTax": 25449000,
        "incomeBeforeTaxRatio": 0.0327701876,
        "incomeTaxExpense": 9757000,
        "netIncome": 15692000,
        "netIncomeRatio": 0.0202062865,
        "eps": 0.21,
        "epsdiluted": 0.21,
        "weightedAverageShsOut": 73361000,
        "weightedAverageShsOutDil": 73361000,
        "link": "",
        "finalLink": ""
    },
    {
        "date": "2001-09-30",
        "symbol": "CTB",
        "reportedCurrency": "USD",
        "cik": "0000024491",
        "fillingDate": "2001-11-14",
        "acceptedDate": "2001-11-14 00:00:00",
        "calendarYear": "2001",
        "period": "Q3",
        "revenue": 791458000,
        "costOfRevenue": 686984000,
        "grossProfit": 104474000,
        "grossProfitRatio": 0.1320019508,
        "researchAndDevelopmentExpenses": 0,
        "generalAndAdministrativeExpenses": 51866000,
        "sellingAndMarketingExpenses": 58498000,
        "sellingGeneralAndAdministrativeExpenses": 110364000,
        "otherExpenses": 0,
        "operatingExpenses": 110364000,
        "costAndExpenses": 797348000,
        "interestIncome": 0,
        "interestExpense": 0,
        "depreciationAndAmortization": 46960000,
        "ebitda": 15604000,
        "ebitdaratio": 0.0197155124,
        "operatingIncome": -5890000,
        "operatingIncomeRatio": -0.0074419615,
        "totalOtherIncomeExpensesNet": -25466000,
        "incomeBeforeTax": -31356000,
        "incomeBeforeTaxRatio": -0.0396180214,
        "incomeTaxExpense": -11844000,
        "netIncome": -19512000,
        "netIncomeRatio": -0.0246532349,
        "eps": -0.27,
        "epsdiluted": -0.27,
        "weightedAverageShsOut": 72853000,
        "weightedAverageShsOutDil": 72853000,
        "link": "https://www.sec.gov/Archives/edgar/data/24491/000095015201505847/0000950152-01-505847-index.html",
        "finalLink": "https://www.sec.gov/Archives/edgar/data/24491/000095015201505847/l91303ae10-q.htm"
    },
    {
        "date": "2001-06-30",
        "symbol": "CTB",
        "reportedCurrency": "USD",
        "cik": "0000024491",
        "fillingDate": "2001-07-27",
        "acceptedDate": "2001-07-27 00:00:00",
        "calendarYear": "2001",
        "period": "Q2",
        "revenue": 829040000,
        "costOfRevenue": 714953000,
        "grossProfit": 114087000,
        "grossProfitRatio": 0.1376133842,
        "researchAndDevelopmentExpenses": 0,
        "generalAndAdministrativeExpenses": 59012000,
        "sellingAndMarketingExpenses": 3981000,
        "sellingGeneralAndAdministrativeExpenses": 62993000,
        "otherExpenses": 0,
        "operatingExpenses": 62993000,
        "costAndExpenses": 777946000,
        "interestIncome": 0,
        "interestExpense": 0,
        "depreciationAndAmortization": 48122000,
        "ebitda": 77369000,
        "ebitdaratio": 0.0933236032,
        "operatingIncome": 51094000,
        "operatingIncomeRatio": 0.0616303194,
        "totalOtherIncomeExpensesNet": -21847000,
        "incomeBeforeTax": 29247000,
        "incomeBeforeTaxRatio": 0.035278153,
        "incomeTaxExpense": 10909000,
        "netIncome": 18338000,
        "netIncomeRatio": 0.02211956,
        "eps": 0.25,
        "epsdiluted": 0.25,
        "weightedAverageShsOut": 72624000,
        "weightedAverageShsOutDil": 72624000,
        "link": "https://www.sec.gov/Archives/edgar/data/24491/000095015201503417/0000950152-01-503417-index.html",
        "finalLink": "https://www.sec.gov/Archives/edgar/data/24491/000095015201503417/l89507ae10-q.htm"
    },
    {
        "date": "2001-03-31",
        "symbol": "CTB",
        "reportedCurrency": "USD",
        "cik": "0000024491",
        "fillingDate": "2001-05-14",
        "acceptedDate": "2001-05-14 00:00:00",
        "calendarYear": "2001",
        "period": "Q1",
        "revenue": 757614000,
        "costOfRevenue": 663866000,
        "grossProfit": 93748000,
        "grossProfitRatio": 0.1237411135,
        "researchAndDevelopmentExpenses": 0,
        "generalAndAdministrativeExpenses": 63983000,
        "sellingAndMarketingExpenses": 3850000,
        "sellingGeneralAndAdministrativeExpenses": 67833000,
        "otherExpenses": 0,
        "operatingExpenses": 67833000,
        "costAndExpenses": 731699000,
        "interestIncome": 0,
        "interestExpense": 0,
        "depreciationAndAmortization": 47110000,
        "ebitda": 52928000,
        "ebitdaratio": 0.0698614334,
        "operatingIncome": 25915000,
        "operatingIncomeRatio": 0.0342060733,
        "totalOtherIncomeExpensesNet": -20097000,
        "incomeBeforeTax": 5818000,
        "incomeBeforeTaxRatio": 0.0076793723,
        "incomeTaxExpense": 2170000,
        "netIncome": 3648000,
        "netIncomeRatio": 0.0048151169,
        "eps": 0.0502,
        "epsdiluted": 0.0502,
        "weightedAverageShsOut": 72617000,
        "weightedAverageShsOutDil": 72617000,
        "link": "https://www.sec.gov/Archives/edgar/data/24491/000095015201501861/0000950152-01-501861-index.html",
        "finalLink": "https://www.sec.gov/Archives/edgar/data/24491/000095015201501861/l87844ae10-q.htm"
    },
    {
        "date": "2000-12-31",
        "symbol": "CTB",
        "reportedCurrency": "USD",
        "cik": "0000024491",
        "fillingDate": "2001-03-22",
        "acceptedDate": "2001-03-22 00:00:00",
        "calendarYear": "2000",
        "period": "Q4",
        "revenue": 819848000,
        "costOfRevenue": 640959000,
        "grossProfit": 178889000,
        "grossProfitRatio": 0.2181977635,
        "researchAndDevelopmentExpenses": 0,
        "generalAndAdministrativeExpenses": 56769000,
        "sellingAndMarketingExpenses": 46383000,
        "sellingGeneralAndAdministrativeExpenses": 103152000,
        "otherExpenses": 0,
        "operatingExpenses": 103152000,
        "costAndExpenses": 744111000,
        "interestIncome": 0,
        "interestExpense": 0,
        "depreciationAndAmortization": 46383000,
        "ebitda": 58347000,
        "ebitdaratio": 0.0711680702,
        "operatingIncome": 75737000,
        "operatingIncomeRatio": 0.0923793191,
        "totalOtherIncomeExpensesNet": -63773000,
        "incomeBeforeTax": 11964000,
        "incomeBeforeTaxRatio": 0.0145929489,
        "incomeTaxExpense": 5627000,
        "netIncome": 6337000,
        "netIncomeRatio": 0.0077294816,
        "eps": 0.0873,
        "epsdiluted": 0.0873,
        "weightedAverageShsOut": 72617000,
        "weightedAverageShsOutDil": 72617000,
        "link": "https://www.sec.gov/Archives/edgar/data/24491/000095015201001435/0000950152-01-001435-index.html",
        "finalLink": "https://www.sec.gov/Archives/edgar/data/24491/000095015201001435/l86882ae10-k.htm"
    },
    {
        "date": "2000-09-30",
        "symbol": "CTB",
        "reportedCurrency": "USD",
        "cik": "0000024491",
        "fillingDate": "2000-11-14",
        "acceptedDate": "2000-11-14 00:00:00",
        "calendarYear": "2000",
        "period": "Q3",
        "revenue": 843607000,
        "costOfRevenue": 683503000,
        "grossProfit": 160104000,
        "grossProfitRatio": 0.1897850539,
        "researchAndDevelopmentExpenses": 0,
        "generalAndAdministrativeExpenses": 53169000,
        "sellingAndMarketingExpenses": 46883000,
        "sellingGeneralAndAdministrativeExpenses": 100052000,
        "otherExpenses": 0,
        "operatingExpenses": 100052000,
        "costAndExpenses": 783555000,
        "interestIncome": 0,
        "interestExpense": 0,
        "depreciationAndAmortization": 46883000,
        "ebitda": 85261000,
        "ebitdaratio": 0.1010672031,
        "operatingIncome": 60052000,
        "operatingIncomeRatio": 0.0711848052,
        "totalOtherIncomeExpensesNet": -21674000,
        "incomeBeforeTax": 38378000,
        "incomeBeforeTaxRatio": 0.0454927472,
        "incomeTaxExpense": 14958000,
        "netIncome": 23420000,
        "netIncomeRatio": 0.0277617421,
        "eps": 0.32,
        "epsdiluted": 0.32,
        "weightedAverageShsOut": 72599000,
        "weightedAverageShsOutDil": 72599000,
        "link": "https://www.sec.gov/Archives/edgar/data/24491/000002449100000057/0000024491-00-000057-index.html",
        "finalLink": "https://www.sec.gov/Archives/edgar/data/24491/000002449100000057/0000024491-00-000057-0001.txt"
    },
    {
        "date": "2000-06-30",
        "symbol": "CTB",
        "reportedCurrency": "USD",
        "cik": "0000024491",
        "fillingDate": "2000-08-10",
        "acceptedDate": "2000-08-10 00:00:00",
        "calendarYear": "2000",
        "period": "Q2",
        "revenue": 886652000,
        "costOfRevenue": 698497000,
        "grossProfit": 188155000,
        "grossProfitRatio": 0.2122083974,
        "researchAndDevelopmentExpenses": 0,
        "generalAndAdministrativeExpenses": 57622000,
        "sellingAndMarketingExpenses": 47347000,
        "sellingGeneralAndAdministrativeExpenses": 104969000,
        "otherExpenses": 0,
        "operatingExpenses": 104969000,
        "costAndExpenses": 803466000,
        "interestIncome": 0,
        "interestExpense": 0,
        "depreciationAndAmortization": 47347000,
        "ebitda": 105519000,
        "ebitdaratio": 0.1190083595,
        "operatingIncome": 83186000,
        "operatingIncomeRatio": 0.0938203489,
        "totalOtherIncomeExpensesNet": -25014000,
        "incomeBeforeTax": 58172000,
        "incomeBeforeTaxRatio": 0.0656086041,
        "incomeTaxExpense": 22697000,
        "netIncome": 35475000,
        "netIncomeRatio": 0.0400100603,
        "eps": 0.48,
        "epsdiluted": 0.48,
        "weightedAverageShsOut": 73678000,
        "weightedAverageShsOutDil": 73678000,
        "link": "https://www.sec.gov/Archives/edgar/data/24491/000002449100000054/0000024491-00-000054-index.html",
        "finalLink": "https://www.sec.gov/Archives/edgar/data/24491/000002449100000054/0000024491-00-000054-0001.txt"
    },
    {
        "date": "2000-03-31",
        "symbol": "CTB",
        "reportedCurrency": "USD",
        "cik": "0000024491",
        "fillingDate": "2000-05-02",
        "acceptedDate": "2000-05-02 00:00:00",
        "calendarYear": "2000",
        "period": "Q1",
        "revenue": 922265000,
        "costOfRevenue": 743628000,
        "grossProfit": 178637000,
        "grossProfitRatio": 0.1936937865,
        "researchAndDevelopmentExpenses": 0,
        "generalAndAdministrativeExpenses": 58264000,
        "sellingAndMarketingExpenses": 48168000,
        "sellingGeneralAndAdministrativeExpenses": 106432000,
        "otherExpenses": 0,
        "operatingExpenses": 106432000,
        "costAndExpenses": 850060000,
        "interestIncome": 0,
        "interestExpense": 0,
        "depreciationAndAmortization": 48168000,
        "ebitda": 99810000,
        "ebitdaratio": 0.1082226909,
        "operatingIncome": 72205000,
        "operatingIncomeRatio": 0.0782909467,
        "totalOtherIncomeExpensesNet": -20563000,
        "incomeBeforeTax": 51642000,
        "incomeBeforeTaxRatio": 0.0559947521,
        "incomeTaxExpense": 20140000,
        "netIncome": 31502000,
        "netIncomeRatio": 0.0341572108,
        "eps": 0.42,
        "epsdiluted": 0.42,
        "weightedAverageShsOut": 75728000,
        "weightedAverageShsOutDil": 75728000,
        "link": "https://www.sec.gov/Archives/edgar/data/24491/000002449100000022/0000024491-00-000022-index.html",
        "finalLink": "https://www.sec.gov/Archives/edgar/data/24491/0000024491-00-000022.txt"
    },
    {
        "date": "1999-12-31",
        "symbol": "CTB",
        "reportedCurrency": "USD",
        "cik": "0000024491",
        "fillingDate": "1999-12-31",
        "acceptedDate": "1999-12-30 19:00:00",
        "calendarYear": "1999",
        "period": "Q4",
        "revenue": 701200000,
        "costOfRevenue": 544800000,
        "grossProfit": 156400000,
        "grossProfitRatio": 0.2230462065,
        "researchAndDevelopmentExpenses": 0,
        "generalAndAdministrativeExpenses": 44200000,
        "sellingAndMarketingExpenses": 46000000,
        "sellingGeneralAndAdministrativeExpenses": 90200000,
        "otherExpenses": 0,
        "operatingExpenses": 90200000,
        "costAndExpenses": 635000000,
        "interestIncome": 0,
        "interestExpense": 0,
        "depreciationAndAmortization": 46000000,
        "ebitda": 98500000,
        "ebitdaratio": 0.140473474,
        "operatingIncome": 66200000,
        "operatingIncomeRatio": 0.0944095836,
        "totalOtherIncomeExpensesNet": -13700000,
        "incomeBeforeTax": 52500000,
        "incomeBeforeTaxRatio": 0.0748716486,
        "incomeTaxExpense": 20900000,
        "netIncome": 31600000,
        "netIncomeRatio": 0.0450656018,
        "eps": 0.42,
        "epsdiluted": 0.42,
        "weightedAverageShsOut": 75728000,
        "weightedAverageShsOutDil": 75728000,
        "link": "",
        "finalLink": ""
    },
    {
        "date": "1999-09-30",
        "symbol": "CTB",
        "reportedCurrency": "USD",
        "cik": "0000024491",
        "fillingDate": "1999-10-22",
        "acceptedDate": "1999-10-22 00:00:00",
        "calendarYear": "1999",
        "period": "Q3",
        "revenue": 531900000,
        "costOfRevenue": 413300000,
        "grossProfit": 118600000,
        "grossProfitRatio": 0.2229742433,
        "researchAndDevelopmentExpenses": 0,
        "generalAndAdministrativeExpenses": 34200000,
        "sellingAndMarketingExpenses": 27200000,
        "sellingGeneralAndAdministrativeExpenses": 61400000,
        "otherExpenses": 0,
        "operatingExpenses": 61400000,
        "costAndExpenses": 474700000,
        "interestIncome": 0,
        "interestExpense": 0,
        "depreciationAndAmortization": 27200000,
        "ebitda": 81100000,
        "ebitdaratio": 0.1524722692,
        "operatingIncome": 57200000,
        "operatingIncomeRatio": 0.1075390111,
        "totalOtherIncomeExpensesNet": -3300000,
        "incomeBeforeTax": 53900000,
        "incomeBeforeTaxRatio": 0.1013348374,
        "incomeTaxExpense": 19300000,
        "netIncome": 34600000,
        "netIncomeRatio": 0.0650498214,
        "eps": 0.46,
        "epsdiluted": 0.46,
        "weightedAverageShsOut": 75217391,
        "weightedAverageShsOutDil": 75217391,
        "link": "https://www.sec.gov/Archives/edgar/data/24491/000002449199000046/0000024491-99-000046-index.html",
        "finalLink": "https://www.sec.gov/Archives/edgar/data/24491/0000024491-99-000046.txt"
    },
    {
        "date": "1999-06-30",
        "symbol": "CTB",
        "reportedCurrency": "USD",
        "cik": "0000024491",
        "fillingDate": "1999-08-06",
        "acceptedDate": "1999-08-06 00:00:00",
        "calendarYear": "1999",
        "period": "Q2",
        "revenue": 495400000,
        "costOfRevenue": 372000000,
        "grossProfit": 123400000,
        "grossProfitRatio": 0.2490916431,
        "researchAndDevelopmentExpenses": 0,
        "generalAndAdministrativeExpenses": 33800000,
        "sellingAndMarketingExpenses": 26700000,
        "sellingGeneralAndAdministrativeExpenses": 60500000,
        "otherExpenses": 0,
        "operatingExpenses": 60500000,
        "costAndExpenses": 432500000,
        "interestIncome": 0,
        "interestExpense": 0,
        "depreciationAndAmortization": 26700000,
        "ebitda": 86300000,
        "ebitdaratio": 0.1742026645,
        "operatingIncome": 62900000,
        "operatingIncomeRatio": 0.1269681066,
        "totalOtherIncomeExpensesNet": -3300000,
        "incomeBeforeTax": 59600000,
        "incomeBeforeTaxRatio": 0.1203068228,
        "incomeTaxExpense": 21600000,
        "netIncome": 38000000,
        "netIncomeRatio": 0.0767056924,
        "eps": 0.5,
        "epsdiluted": 0.5,
        "weightedAverageShsOut": 76000000,
        "weightedAverageShsOutDil": 76000000,
        "link": "https://www.sec.gov/Archives/edgar/data/24491/000002449199000030/0000024491-99-000030-index.html",
        "finalLink": "https://www.sec.gov/Archives/edgar/data/24491/0000024491-99-000030.txt"
    },
    {
        "date": "1999-03-31",
        "symbol": "CTB",
        "reportedCurrency": "USD",
        "cik": "0000024491",
        "fillingDate": "1999-04-30",
        "acceptedDate": "1999-04-30 00:00:00",
        "calendarYear": "1999",
        "period": "Q1",
        "revenue": 467900000,
        "costOfRevenue": 357400000,
        "grossProfit": 110500000,
        "grossProfitRatio": 0.236161573,
        "researchAndDevelopmentExpenses": 0,
        "generalAndAdministrativeExpenses": 32100000,
        "sellingAndMarketingExpenses": 25700000,
        "sellingGeneralAndAdministrativeExpenses": 57800000,
        "otherExpenses": 0,
        "operatingExpenses": 57800000,
        "costAndExpenses": 415200000,
        "interestIncome": 0,
        "interestExpense": 0,
        "depreciationAndAmortization": 25700000,
        "ebitda": 75300000,
        "ebitdaratio": 0.160931823,
        "operatingIncome": 52700000,
        "operatingIncomeRatio": 0.112630904,
        "totalOtherIncomeExpensesNet": -3100000,
        "incomeBeforeTax": 49600000,
        "incomeBeforeTaxRatio": 0.1060055567,
        "incomeTaxExpense": 18200000,
        "netIncome": 31400000,
        "netIncomeRatio": 0.0671083565,
        "eps": 0.41,
        "epsdiluted": 0.41,
        "weightedAverageShsOut": 76585366,
        "weightedAverageShsOutDil": 76585366,
        "link": "https://www.sec.gov/Archives/edgar/data/24491/000002449199000017/0000024491-99-000017-index.html",
        "finalLink": "https://www.sec.gov/Archives/edgar/data/24491/0000024491-99-000017.txt"
    },
    {
        "date": "1998-12-31",
        "symbol": "CTB",
        "reportedCurrency": "USD",
        "cik": "0000024491",
        "fillingDate": "1998-12-31",
        "acceptedDate": "1998-12-30 19:00:00",
        "calendarYear": "1998",
        "period": "Q4",
        "revenue": 496200000,
        "costOfRevenue": 376100000,
        "grossProfit": 120100000,
        "grossProfitRatio": 0.2420395002,
        "researchAndDevelopmentExpenses": 0,
        "generalAndAdministrativeExpenses": 33200000,
        "sellingAndMarketingExpenses": 26800000,
        "sellingGeneralAndAdministrativeExpenses": 60000000,
        "otherExpenses": 0,
        "operatingExpenses": 60000000,
        "costAndExpenses": 436100000,
        "interestIncome": 0,
        "interestExpense": 0,
        "depreciationAndAmortization": 26800000,
        "ebitda": 85000000,
        "ebitdaratio": 0.1713018944,
        "operatingIncome": 60100000,
        "operatingIncomeRatio": 0.1211205159,
        "totalOtherIncomeExpensesNet": -1900000,
        "incomeBeforeTax": 58200000,
        "incomeBeforeTaxRatio": 0.1172914148,
        "incomeTaxExpense": 20100000,
        "netIncome": 38100000,
        "netIncomeRatio": 0.076783555,
        "eps": 0.5,
        "epsdiluted": 0.5,
        "weightedAverageShsOut": 76585366,
        "weightedAverageShsOutDil": 76585366,
        "link": "",
        "finalLink": ""
    },
    {
        "date": "1998-09-30",
        "symbol": "CTB",
        "reportedCurrency": "USD",
        "cik": "0000024491",
        "fillingDate": "1998-11-13",
        "acceptedDate": "1998-11-13 00:00:00",
        "calendarYear": "1998",
        "period": "Q3",
        "revenue": 480600000,
        "costOfRevenue": 375100000,
        "grossProfit": 105500000,
        "grossProfitRatio": 0.2195172701,
        "researchAndDevelopmentExpenses": 0,
        "generalAndAdministrativeExpenses": 30600000,
        "sellingAndMarketingExpenses": 25600000,
        "sellingGeneralAndAdministrativeExpenses": 56200000,
        "otherExpenses": 0,
        "operatingExpenses": 56200000,
        "costAndExpenses": 431300000,
        "interestIncome": 0,
        "interestExpense": 0,
        "depreciationAndAmortization": 25600000,
        "ebitda": 71700000,
        "ebitdaratio": 0.1491885144,
        "operatingIncome": 49300000,
        "operatingIncomeRatio": 0.1025801082,
        "totalOtherIncomeExpensesNet": -3200000,
        "incomeBeforeTax": 46100000,
        "incomeBeforeTaxRatio": 0.0959217645,
        "incomeTaxExpense": 16100000,
        "netIncome": 30000000,
        "netIncomeRatio": 0.0624219725,
        "eps": 0.39,
        "epsdiluted": 0.39,
        "weightedAverageShsOut": 76923077,
        "weightedAverageShsOutDil": 76923077,
        "link": "https://www.sec.gov/Archives/edgar/data/24491/000002449198000018/0000024491-98-000018-index.html",
        "finalLink": "https://www.sec.gov/Archives/edgar/data/24491/0000024491-98-000018.txt"
    },
    {
        "date": "1998-06-30",
        "symbol": "CTB",
        "reportedCurrency": "USD",
        "cik": "0000024491",
        "fillingDate": "1998-08-12",
        "acceptedDate": "1998-08-12 00:00:00",
        "calendarYear": "1998",
        "period": "Q2",
        "revenue": 461700000,
        "costOfRevenue": 353300000,
        "grossProfit": 108400000,
        "grossProfitRatio": 0.2347844921,
        "researchAndDevelopmentExpenses": 0,
        "generalAndAdministrativeExpenses": 28500000,
        "sellingAndMarketingExpenses": 25200000,
        "sellingGeneralAndAdministrativeExpenses": 53700000,
        "otherExpenses": 0,
        "operatingExpenses": 53700000,
        "costAndExpenses": 407000000,
        "interestIncome": 0,
        "interestExpense": 0,
        "depreciationAndAmortization": 25200000,
        "ebitda": 76900000,
        "ebitdaratio": 0.1665583712,
        "operatingIncome": 54700000,
        "operatingIncomeRatio": 0.1184752003,
        "totalOtherIncomeExpensesNet": -3000000,
        "incomeBeforeTax": 51700000,
        "incomeBeforeTaxRatio": 0.1119774746,
        "incomeTaxExpense": 19400000,
        "netIncome": 32300000,
        "netIncomeRatio": 0.0699588477,
        "eps": 0.41,
        "epsdiluted": 0.41,
        "weightedAverageShsOut": 78780488,
        "weightedAverageShsOutDil": 78780488,
        "link": "https://www.sec.gov/Archives/edgar/data/24491/000002449198000015/0000024491-98-000015-index.html",
        "finalLink": "https://www.sec.gov/Archives/edgar/data/24491/0000024491-98-000015.txt"
    },
    {
        "date": "1998-03-31",
        "symbol": "CTB",
        "reportedCurrency": "USD",
        "cik": "0000024491",
        "fillingDate": "1998-05-04",
        "acceptedDate": "1998-05-04 00:00:00",
        "calendarYear": "1998",
        "period": "Q1",
        "revenue": 437600000,
        "costOfRevenue": 339200000,
        "grossProfit": 98400000,
        "grossProfitRatio": 0.2248628885,
        "researchAndDevelopmentExpenses": 0,
        "generalAndAdministrativeExpenses": 28500000,
        "sellingAndMarketingExpenses": 24300000,
        "sellingGeneralAndAdministrativeExpenses": 52800000,
        "otherExpenses": 0,
        "operatingExpenses": 52800000,
        "costAndExpenses": 392000000,
        "interestIncome": 0,
        "interestExpense": 0,
        "depreciationAndAmortization": 24300000,
        "ebitda": 66600000,
        "ebitdaratio": 0.1521937843,
        "operatingIncome": 45600000,
        "operatingIncomeRatio": 0.1042047532,
        "totalOtherIncomeExpensesNet": -3300000,
        "incomeBeforeTax": 42300000,
        "incomeBeforeTaxRatio": 0.0966636197,
        "incomeTaxExpense": 15800000,
        "netIncome": 26500000,
        "netIncomeRatio": 0.0605575868,
        "eps": 0.34,
        "epsdiluted": 0.34,
        "weightedAverageShsOut": 77941176,
        "weightedAverageShsOutDil": 77941176,
        "link": "https://www.sec.gov/Archives/edgar/data/24491/000002449198000009/0000024491-98-000009-index.html",
        "finalLink": "https://www.sec.gov/Archives/edgar/data/24491/0000024491-98-000009.txt"
    },
    {
        "date": "1997-12-31",
        "symbol": "CTB",
        "reportedCurrency": "USD",
        "cik": "0000024491",
        "fillingDate": "1997-12-31",
        "acceptedDate": "1997-12-30 19:00:00",
        "calendarYear": "1997",
        "period": "Q4",
        "revenue": 488900000,
        "costOfRevenue": 376500000,
        "grossProfit": 112400000,
        "grossProfitRatio": 0.2299038658,
        "researchAndDevelopmentExpenses": 0,
        "generalAndAdministrativeExpenses": 27400000,
        "sellingAndMarketingExpenses": 26000000,
        "sellingGeneralAndAdministrativeExpenses": 53400000,
        "otherExpenses": 0,
        "operatingExpenses": 53400000,
        "costAndExpenses": 429900000,
        "interestIncome": 0,
        "interestExpense": 0,
        "depreciationAndAmortization": 26000000,
        "ebitda": 81200000,
        "ebitdaratio": 0.1660871344,
        "operatingIncome": 59000000,
        "operatingIncomeRatio": 0.1206790755,
        "totalOtherIncomeExpensesNet": -3800000,
        "incomeBeforeTax": 55200000,
        "incomeBeforeTaxRatio": 0.1129065249,
        "incomeTaxExpense": 20600000,
        "netIncome": 34600000,
        "netIncomeRatio": 0.0707711188,
        "eps": 0.44,
        "epsdiluted": 0.44,
        "weightedAverageShsOut": 77941176,
        "weightedAverageShsOutDil": 77941176,
        "link": "",
        "finalLink": ""
    },
    {
        "date": "1997-09-30",
        "symbol": "CTB",
        "reportedCurrency": "USD",
        "cik": "0000024491",
        "fillingDate": "1997-11-07",
        "acceptedDate": "1997-11-07 00:00:00",
        "calendarYear": "1997",
        "period": "Q3",
        "revenue": 480600000,
        "costOfRevenue": 376500000,
        "grossProfit": 104100000,
        "grossProfitRatio": 0.2166042447,
        "researchAndDevelopmentExpenses": 0,
        "generalAndAdministrativeExpenses": 27000000,
        "sellingAndMarketingExpenses": 24000000,
        "sellingGeneralAndAdministrativeExpenses": 51000000,
        "otherExpenses": 0,
        "operatingExpenses": 51000000,
        "costAndExpenses": 427500000,
        "interestIncome": 0,
        "interestExpense": 0,
        "depreciationAndAmortization": 24000000,
        "ebitda": 72900000,
        "ebitdaratio": 0.1516853933,
        "operatingIncome": 53100000,
        "operatingIncomeRatio": 0.1104868914,
        "totalOtherIncomeExpensesNet": -4200000,
        "incomeBeforeTax": 48900000,
        "incomeBeforeTaxRatio": 0.1017478152,
        "incomeTaxExpense": 17800000,
        "netIncome": 31100000,
        "netIncomeRatio": 0.0647107782,
        "eps": 0.4,
        "epsdiluted": 0.4,
        "weightedAverageShsOut": 77750000,
        "weightedAverageShsOutDil": 77750000,
        "link": "https://www.sec.gov/Archives/edgar/data/24491/000002449197000024/0000024491-97-000024-index.html",
        "finalLink": "https://www.sec.gov/Archives/edgar/data/24491/0000024491-97-000024.txt"
    },
    {
        "date": "1997-06-30",
        "symbol": "CTB",
        "reportedCurrency": "USD",
        "cik": "0000024491",
        "fillingDate": "1997-08-12",
        "acceptedDate": "1997-08-12 00:00:00",
        "calendarYear": "1997",
        "period": "Q2",
        "revenue": 464000000,
        "costOfRevenue": 357700000,
        "grossProfit": 106300000,
        "grossProfitRatio": 0.2290948276,
        "researchAndDevelopmentExpenses": 0,
        "generalAndAdministrativeExpenses": 29300000,
        "sellingAndMarketingExpenses": 23200000,
        "sellingGeneralAndAdministrativeExpenses": 52500000,
        "otherExpenses": 0,
        "operatingExpenses": 52500000,
        "costAndExpenses": 410200000,
        "interestIncome": 0,
        "interestExpense": 0,
        "depreciationAndAmortization": 23200000,
        "ebitda": 73600000,
        "ebitdaratio": 0.1586206897,
        "operatingIncome": 53800000,
        "operatingIncomeRatio": 0.1159482759,
        "totalOtherIncomeExpensesNet": -3400000,
        "incomeBeforeTax": 50400000,
        "incomeBeforeTaxRatio": 0.1086206897,
        "incomeTaxExpense": 18900000,
        "netIncome": 31500000,
        "netIncomeRatio": 0.067887931,
        "eps": 0.4,
        "epsdiluted": 0.4,
        "weightedAverageShsOut": 78750000,
        "weightedAverageShsOutDil": 78750000,
        "link": "https://www.sec.gov/Archives/edgar/data/24491/000002449197000021/0000024491-97-000021-index.html",
        "finalLink": "https://www.sec.gov/Archives/edgar/data/24491/0000024491-97-000021.txt"
    },
    {
        "date": "1997-03-31",
        "symbol": "CTB",
        "reportedCurrency": "USD",
        "cik": "0000024491",
        "fillingDate": "1997-05-05",
        "acceptedDate": "1997-05-05 00:00:00",
        "calendarYear": "1997",
        "period": "Q1",
        "revenue": 379500000,
        "costOfRevenue": 294600000,
        "grossProfit": 84900000,
        "grossProfitRatio": 0.223715415,
        "researchAndDevelopmentExpenses": 0,
        "generalAndAdministrativeExpenses": 21800000,
        "sellingAndMarketingExpenses": 21300000,
        "sellingGeneralAndAdministrativeExpenses": 43100000,
        "otherExpenses": 0,
        "operatingExpenses": 43100000,
        "costAndExpenses": 337700000,
        "interestIncome": 0,
        "interestExpense": 0,
        "depreciationAndAmortization": 21300000,
        "ebitda": 61700000,
        "ebitdaratio": 0.1625823452,
        "operatingIncome": 41800000,
        "operatingIncomeRatio": 0.1101449275,
        "totalOtherIncomeExpensesNet": -1400000,
        "incomeBeforeTax": 40400000,
        "incomeBeforeTaxRatio": 0.106455863,
        "incomeTaxExpense": 15200000,
        "netIncome": 25200000,
        "netIncomeRatio": 0.0664031621,
        "eps": 0.31,
        "epsdiluted": 0.31,
        "weightedAverageShsOut": 81290323,
        "weightedAverageShsOutDil": 81290323,
        "link": "https://www.sec.gov/Archives/edgar/data/24491/000002449197000016/0000024491-97-000016-index.html",
        "finalLink": "https://www.sec.gov/Archives/edgar/data/24491/0000024491-97-000016.txt"
    },
    {
        "date": "1996-12-31",
        "symbol": "CTB",
        "reportedCurrency": "USD",
        "cik": "0000024491",
        "fillingDate": "1996-12-31",
        "acceptedDate": "1996-12-30 19:00:00",
        "calendarYear": "1996",
        "period": "Q4",
        "revenue": 416200000,
        "costOfRevenue": 324100000,
        "grossProfit": 92100000,
        "grossProfitRatio": 0.2212878424,
        "researchAndDevelopmentExpenses": 0,
        "generalAndAdministrativeExpenses": 19300000,
        "sellingAndMarketingExpenses": 20400000,
        "sellingGeneralAndAdministrativeExpenses": 39700000,
        "otherExpenses": 0,
        "operatingExpenses": 39700000,
        "costAndExpenses": 363800000,
        "interestIncome": 0,
        "interestExpense": 0,
        "depreciationAndAmortization": 20400000,
        "ebitda": 71900000,
        "ebitdaratio": 0.1727534839,
        "operatingIncome": 52400000,
        "operatingIncomeRatio": 0.1259010091,
        "totalOtherIncomeExpensesNet": -900000,
        "incomeBeforeTax": 51500000,
        "incomeBeforeTaxRatio": 0.1237385872,
        "incomeTaxExpense": 18800000,
        "netIncome": 32700000,
        "netIncomeRatio": 0.0785679962,
        "eps": 0.4,
        "epsdiluted": 0.4,
        "weightedAverageShsOut": 81290323,
        "weightedAverageShsOutDil": 81290323,
        "link": "",
        "finalLink": ""
    },
    {
        "date": "1996-09-30",
        "symbol": "CTB",
        "reportedCurrency": "USD",
        "cik": "0000024491",
        "fillingDate": "1996-11-12",
        "acceptedDate": "1996-11-12 00:00:00",
        "calendarYear": "1996",
        "period": "Q3",
        "revenue": 423200000,
        "costOfRevenue": 339000000,
        "grossProfit": 84200000,
        "grossProfitRatio": 0.1989603025,
        "researchAndDevelopmentExpenses": 0,
        "generalAndAdministrativeExpenses": 20700000,
        "sellingAndMarketingExpenses": 20100000,
        "sellingGeneralAndAdministrativeExpenses": 40800000,
        "otherExpenses": 0,
        "operatingExpenses": 40800000,
        "costAndExpenses": 379800000,
        "interestIncome": 0,
        "interestExpense": 0,
        "depreciationAndAmortization": 20100000,
        "ebitda": 63000000,
        "ebitdaratio": 0.1488657845,
        "operatingIncome": 43400000,
        "operatingIncomeRatio": 0.1025519849,
        "totalOtherIncomeExpensesNet": -500000,
        "incomeBeforeTax": 42900000,
        "incomeBeforeTaxRatio": 0.1013705104,
        "incomeTaxExpense": 16000000,
        "netIncome": 26900000,
        "netIncomeRatio": 0.063563327,
        "eps": 0.32,
        "epsdiluted": 0.32,
        "weightedAverageShsOut": 84062500,
        "weightedAverageShsOutDil": 84062500,
        "link": "https://www.sec.gov/Archives/edgar/data/24491/000002449196000019/0000024491-96-000019-index.html",
        "finalLink": "https://www.sec.gov/Archives/edgar/data/24491/0000024491-96-000019.txt"
    },
    {
        "date": "1996-06-30",
        "symbol": "CTB",
        "reportedCurrency": "USD",
        "cik": "0000024491",
        "fillingDate": "1996-08-09",
        "acceptedDate": "1996-08-09 00:00:00",
        "calendarYear": "1996",
        "period": "Q2",
        "revenue": 398900000,
        "costOfRevenue": 320100000,
        "grossProfit": 78800000,
        "grossProfitRatio": 0.1975432439,
        "researchAndDevelopmentExpenses": 0,
        "generalAndAdministrativeExpenses": 20000000,
        "sellingAndMarketingExpenses": 18500000,
        "sellingGeneralAndAdministrativeExpenses": 38500000,
        "otherExpenses": 0,
        "operatingExpenses": 38500000,
        "costAndExpenses": 358600000,
        "interestIncome": 0,
        "interestExpense": 0,
        "depreciationAndAmortization": 18500000,
        "ebitda": 59100000,
        "ebitdaratio": 0.1481574329,
        "operatingIncome": 40300000,
        "operatingIncomeRatio": 0.1010278265,
        "totalOtherIncomeExpensesNet": 300000,
        "incomeBeforeTax": 40600000,
        "incomeBeforeTaxRatio": 0.1017798947,
        "incomeTaxExpense": 15400000,
        "netIncome": 25200000,
        "netIncomeRatio": 0.0631737278,
        "eps": 0.3,
        "epsdiluted": 0.3,
        "weightedAverageShsOut": 84000000,
        "weightedAverageShsOutDil": 84000000,
        "link": "https://www.sec.gov/Archives/edgar/data/24491/000002449196000016/0000024491-96-000016-index.html",
        "finalLink": "https://www.sec.gov/Archives/edgar/data/24491/0000024491-96-000016.txt"
    },
    {
        "date": "1996-03-31",
        "symbol": "CTB",
        "reportedCurrency": "USD",
        "cik": "0000024491",
        "fillingDate": "1996-05-03",
        "acceptedDate": "1996-05-03 00:00:00",
        "calendarYear": "1996",
        "period": "Q1",
        "revenue": 381000000,
        "costOfRevenue": 306500000,
        "grossProfit": 74500000,
        "grossProfitRatio": 0.1955380577,
        "researchAndDevelopmentExpenses": 0,
        "generalAndAdministrativeExpenses": 19800000,
        "sellingAndMarketingExpenses": 17800000,
        "sellingGeneralAndAdministrativeExpenses": 37600000,
        "otherExpenses": 0,
        "operatingExpenses": 37600000,
        "costAndExpenses": 344100000,
        "interestIncome": 0,
        "interestExpense": 0,
        "depreciationAndAmortization": 17800000,
        "ebitda": 54900000,
        "ebitdaratio": 0.1440944882,
        "operatingIncome": 36900000,
        "operatingIncomeRatio": 0.0968503937,
        "totalOtherIncomeExpensesNet": 200000,
        "incomeBeforeTax": 37100000,
        "incomeBeforeTaxRatio": 0.0973753281,
        "incomeTaxExpense": 14000000,
        "netIncome": 23100000,
        "netIncomeRatio": 0.0606299213,
        "eps": 0.28,
        "epsdiluted": 0.28,
        "weightedAverageShsOut": 82500000,
        "weightedAverageShsOutDil": 82500000,
        "link": "https://www.sec.gov/Archives/edgar/data/24491/000002449196000007/0000024491-96-000007-index.html",
        "finalLink": "https://www.sec.gov/Archives/edgar/data/24491/0000024491-96-000007.txt"
    },
    {
        "date": "1995-12-31",
        "symbol": "CTB",
        "reportedCurrency": "USD",
        "cik": "0000024491",
        "fillingDate": "1995-12-31",
        "acceptedDate": "1995-12-30 19:00:00",
        "calendarYear": "1995",
        "period": "Q4",
        "revenue": 381900000,
        "costOfRevenue": 296100000,
        "grossProfit": 85800000,
        "grossProfitRatio": 0.224666143,
        "researchAndDevelopmentExpenses": 0,
        "generalAndAdministrativeExpenses": 17800000,
        "sellingAndMarketingExpenses": 15600000,
        "sellingGeneralAndAdministrativeExpenses": 33400000,
        "otherExpenses": 0,
        "operatingExpenses": 33400000,
        "costAndExpenses": 329500000,
        "interestIncome": 0,
        "interestExpense": 0,
        "depreciationAndAmortization": 15600000,
        "ebitda": 68700000,
        "ebitdaratio": 0.1798900236,
        "operatingIncome": 52400000,
        "operatingIncomeRatio": 0.1372086934,
        "totalOtherIncomeExpensesNet": 700000,
        "incomeBeforeTax": 53100000,
        "incomeBeforeTaxRatio": 0.1390416339,
        "incomeTaxExpense": 19200000,
        "netIncome": 33900000,
        "netIncomeRatio": 0.0887666929,
        "eps": 0.41,
        "epsdiluted": 0.41,
        "weightedAverageShsOut": 82500000,
        "weightedAverageShsOutDil": 82500000,
        "link": "",
        "finalLink": ""
    },
    {
        "date": "1995-09-30",
        "symbol": "CTB",
        "reportedCurrency": "USD",
        "cik": "0000024491",
        "fillingDate": "1995-11-07",
        "acceptedDate": "1995-11-07 00:00:00",
        "calendarYear": "1995",
        "period": "Q3",
        "revenue": 375000000,
        "costOfRevenue": 297800000,
        "grossProfit": 77200000,
        "grossProfitRatio": 0.2058666667,
        "researchAndDevelopmentExpenses": 0,
        "generalAndAdministrativeExpenses": 19000000,
        "sellingAndMarketingExpenses": 15700000,
        "sellingGeneralAndAdministrativeExpenses": 34700000,
        "otherExpenses": 0,
        "operatingExpenses": 34700000,
        "costAndExpenses": 332500000,
        "interestIncome": 0,
        "interestExpense": 0,
        "depreciationAndAmortization": 15700000,
        "ebitda": 58900000,
        "ebitdaratio": 0.1570666667,
        "operatingIncome": 42500000,
        "operatingIncomeRatio": 0.1133333333,
        "totalOtherIncomeExpensesNet": 700000,
        "incomeBeforeTax": 43200000,
        "incomeBeforeTaxRatio": 0.1152,
        "incomeTaxExpense": 16200000,
        "netIncome": 27000000,
        "netIncomeRatio": 0.072,
        "eps": 0.32,
        "epsdiluted": 0.32,
        "weightedAverageShsOut": 84375000,
        "weightedAverageShsOutDil": 84375000,
        "link": "https://www.sec.gov/Archives/edgar/data/24491/000002449195000014/0000024491-95-000014-index.html",
        "finalLink": "https://www.sec.gov/Archives/edgar/data/24491/0000024491-95-000014.txt"
    },
    {
        "date": "1995-06-30",
        "symbol": "CTB",
        "reportedCurrency": "USD",
        "cik": "0000024491",
        "fillingDate": "1995-08-10",
        "acceptedDate": "1995-08-10 00:00:00",
        "calendarYear": "1995",
        "period": "Q2",
        "revenue": 371400000,
        "costOfRevenue": 297600000,
        "grossProfit": 73800000,
        "grossProfitRatio": 0.1987075929,
        "researchAndDevelopmentExpenses": 0,
        "generalAndAdministrativeExpenses": 18700000,
        "sellingAndMarketingExpenses": 16200000,
        "sellingGeneralAndAdministrativeExpenses": 34900000,
        "otherExpenses": 0,
        "operatingExpenses": 34900000,
        "costAndExpenses": 332500000,
        "interestIncome": 0,
        "interestExpense": 0,
        "depreciationAndAmortization": 16200000,
        "ebitda": 55900000,
        "ebitdaratio": 0.1505115778,
        "operatingIncome": 38900000,
        "operatingIncomeRatio": 0.1047388261,
        "totalOtherIncomeExpensesNet": 800000,
        "incomeBeforeTax": 39700000,
        "incomeBeforeTaxRatio": 0.1068928379,
        "incomeTaxExpense": 15000000,
        "netIncome": 24700000,
        "netIncomeRatio": 0.0665051158,
        "eps": 0.29,
        "epsdiluted": 0.29,
        "weightedAverageShsOut": 85172414,
        "weightedAverageShsOutDil": 85172414,
        "link": "https://www.sec.gov/Archives/edgar/data/24491/000002449195000010/0000024491-95-000010-index.html",
        "finalLink": "https://www.sec.gov/Archives/edgar/data/24491/0000024491-95-000010.txt"
    },
    {
        "date": "1995-03-31",
        "symbol": "CTB",
        "reportedCurrency": "USD",
        "cik": "0000024491",
        "fillingDate": "1995-05-01",
        "acceptedDate": "1995-05-01 00:00:00",
        "calendarYear": "1995",
        "period": "Q1",
        "revenue": 365400000,
        "costOfRevenue": 288100000,
        "grossProfit": 77300000,
        "grossProfitRatio": 0.2115489874,
        "researchAndDevelopmentExpenses": 0,
        "generalAndAdministrativeExpenses": 18200000,
        "sellingAndMarketingExpenses": 15800000,
        "sellingGeneralAndAdministrativeExpenses": 34000000,
        "otherExpenses": 0,
        "operatingExpenses": 34000000,
        "costAndExpenses": 322100000,
        "interestIncome": 0,
        "interestExpense": 0,
        "depreciationAndAmortization": 15800000,
        "ebitda": 59900000,
        "ebitdaratio": 0.1639299398,
        "operatingIncome": 43300000,
        "operatingIncomeRatio": 0.1185002737,
        "totalOtherIncomeExpensesNet": 800000,
        "incomeBeforeTax": 44100000,
        "incomeBeforeTaxRatio": 0.1206896552,
        "incomeTaxExpense": 16900000,
        "netIncome": 27200000,
        "netIncomeRatio": 0.074438971,
        "eps": 0.33,
        "epsdiluted": 0.33,
        "weightedAverageShsOut": 82424242,
        "weightedAverageShsOutDil": 82424242,
        "link": "https://www.sec.gov/Archives/edgar/data/24491/000002449195000006/0000024491-95-000006-index.html",
        "finalLink": "https://www.sec.gov/Archives/edgar/data/24491/0000024491-95-000006.txt"
    },
    {
        "date": "1994-12-31",
        "symbol": "CTB",
        "reportedCurrency": "USD",
        "cik": "0000024491",
        "fillingDate": "1995-03-21",
        "acceptedDate": "1995-03-21 00:00:00",
        "calendarYear": "1994",
        "period": "Q4",
        "revenue": 361300000,
        "costOfRevenue": 269800000,
        "grossProfit": 91500000,
        "grossProfitRatio": 0.253252145,
        "researchAndDevelopmentExpenses": 0,
        "generalAndAdministrativeExpenses": 15400000,
        "sellingAndMarketingExpenses": 13500000,
        "sellingGeneralAndAdministrativeExpenses": 28900000,
        "otherExpenses": 0,
        "operatingExpenses": 28900000,
        "costAndExpenses": 298700000,
        "interestIncome": 0,
        "interestExpense": 0,
        "depreciationAndAmortization": 13500000,
        "ebitda": 76500000,
        "ebitdaratio": 0.2117353999,
        "operatingIncome": 62600000,
        "operatingIncomeRatio": 0.1732632162,
        "totalOtherIncomeExpensesNet": 400000,
        "incomeBeforeTax": 63000000,
        "incomeBeforeTaxRatio": 0.1743703294,
        "incomeTaxExpense": 23900000,
        "netIncome": 39100000,
        "netIncomeRatio": 0.1082203155,
        "eps": 0.47,
        "epsdiluted": 0.47,
        "weightedAverageShsOut": 82424242,
        "weightedAverageShsOutDil": 82424242,
        "link": "https://www.sec.gov/Archives/edgar/data/24491/000002449195000004/0000024491-95-000004-index.html",
        "finalLink": "https://www.sec.gov/Archives/edgar/data/24491/0000024491-95-000004.txt"
    },
    {
        "date": "1994-09-30",
        "symbol": "CTB",
        "reportedCurrency": "USD",
        "cik": "0000024491",
        "fillingDate": "1994-11-07",
        "acceptedDate": "1994-11-07 00:00:00",
        "calendarYear": "1994",
        "period": "Q3",
        "revenue": 383500000,
        "costOfRevenue": 293100000,
        "grossProfit": 90400000,
        "grossProfitRatio": 0.2357235984,
        "researchAndDevelopmentExpenses": 0,
        "generalAndAdministrativeExpenses": 18300000,
        "sellingAndMarketingExpenses": 14300000,
        "sellingGeneralAndAdministrativeExpenses": 32600000,
        "otherExpenses": 0,
        "operatingExpenses": 32600000,
        "costAndExpenses": 325700000,
        "interestIncome": 0,
        "interestExpense": 0,
        "depreciationAndAmortization": 14300000,
        "ebitda": 72000000,
        "ebitdaratio": 0.1877444589,
        "operatingIncome": 57800000,
        "operatingIncomeRatio": 0.1507170795,
        "totalOtherIncomeExpensesNet": -100000,
        "incomeBeforeTax": 57700000,
        "incomeBeforeTaxRatio": 0.1504563233,
        "incomeTaxExpense": 22200000,
        "netIncome": 35500000,
        "netIncomeRatio": 0.0925684485,
        "eps": 0.42,
        "epsdiluted": 0.42,
        "weightedAverageShsOut": 84523810,
        "weightedAverageShsOutDil": 84523810,
        "link": "https://www.sec.gov/Archives/edgar/data/24491/000002449194000017/0000024491-94-000017-index.html",
        "finalLink": "https://www.sec.gov/Archives/edgar/data/24491/0000024491-94-000017.txt"
    },
    {
        "date": "1994-06-30",
        "symbol": "CTB",
        "reportedCurrency": "USD",
        "cik": "0000024491",
        "fillingDate": "1994-08-04",
        "acceptedDate": "1994-08-04 00:00:00",
        "calendarYear": "1994",
        "period": "Q2",
        "revenue": 329300000,
        "costOfRevenue": 253700000,
        "grossProfit": 75600000,
        "grossProfitRatio": 0.2295778925,
        "researchAndDevelopmentExpenses": 0,
        "generalAndAdministrativeExpenses": 16700000,
        "sellingAndMarketingExpenses": 14000000,
        "sellingGeneralAndAdministrativeExpenses": 30700000,
        "otherExpenses": 0,
        "operatingExpenses": 30700000,
        "costAndExpenses": 284400000,
        "interestIncome": 0,
        "interestExpense": 0,
        "depreciationAndAmortization": 14000000,
        "ebitda": 58700000,
        "ebitdaratio": 0.1782569086,
        "operatingIncome": 44900000,
        "operatingIncomeRatio": 0.136349833,
        "totalOtherIncomeExpensesNet": -200000,
        "incomeBeforeTax": 44700000,
        "incomeBeforeTaxRatio": 0.1357424841,
        "incomeTaxExpense": 17200000,
        "netIncome": 27500000,
        "netIncomeRatio": 0.0835104768,
        "eps": 0.33,
        "epsdiluted": 0.33,
        "weightedAverageShsOut": 83333333,
        "weightedAverageShsOutDil": 83333333,
        "link": "https://www.sec.gov/Archives/edgar/data/24491/000002449194000014/0000024491-94-000014-index.html",
        "finalLink": "https://www.sec.gov/Archives/edgar/data/24491/0000024491-94-000014.txt"
    },
    {
        "date": "1994-03-31",
        "symbol": "CTB",
        "reportedCurrency": "USD",
        "cik": "0000024491",
        "fillingDate": "1994-04-27",
        "acceptedDate": "1994-04-27 00:00:00",
        "calendarYear": "1994",
        "period": "Q1",
        "revenue": 329100000,
        "costOfRevenue": 253800000,
        "grossProfit": 75300000,
        "grossProfitRatio": 0.2288058341,
        "researchAndDevelopmentExpenses": 0,
        "generalAndAdministrativeExpenses": 18200000,
        "sellingAndMarketingExpenses": 13800000,
        "sellingGeneralAndAdministrativeExpenses": 32000000,
        "otherExpenses": 0,
        "operatingExpenses": 32000000,
        "costAndExpenses": 285800000,
        "interestIncome": 0,
        "interestExpense": 0,
        "depreciationAndAmortization": 13800000,
        "ebitda": 56500000,
        "ebitdaratio": 0.1716803403,
        "operatingIncome": 43300000,
        "operatingIncomeRatio": 0.1315709511,
        "totalOtherIncomeExpensesNet": -600000,
        "incomeBeforeTax": 42700000,
        "incomeBeforeTaxRatio": 0.129747797,
        "incomeTaxExpense": 16200000,
        "netIncome": 26500000,
        "netIncomeRatio": 0.0805226375,
        "eps": 0.32,
        "epsdiluted": 0.32,
        "weightedAverageShsOut": 82812500,
        "weightedAverageShsOutDil": 82812500,
        "link": "https://www.sec.gov/Archives/edgar/data/24491/000002449194000010/0000024491-94-000010-index.html",
        "finalLink": "https://www.sec.gov/Archives/edgar/data/24491/0000024491-94-000010.txt"
    },
    {
        "date": "1993-12-31",
        "symbol": "CTB",
        "reportedCurrency": "USD",
        "cik": "0000024491",
        "fillingDate": "1994-03-22",
        "acceptedDate": "1994-03-21 19:00:00",
        "calendarYear": "1993",
        "period": "Q4",
        "revenue": 294800000,
        "costOfRevenue": 224200000,
        "grossProfit": 70600000,
        "grossProfitRatio": 0.2394843962,
        "researchAndDevelopmentExpenses": 0,
        "generalAndAdministrativeExpenses": 0,
        "sellingAndMarketingExpenses": 0,
        "sellingGeneralAndAdministrativeExpenses": 25400000,
        "otherExpenses": 0,
        "operatingExpenses": 25400000,
        "costAndExpenses": 249600000,
        "interestIncome": 0,
        "interestExpense": 0,
        "depreciationAndAmortization": 10800000,
        "ebitda": 55400000,
        "ebitdaratio": 0.1879240163,
        "operatingIncome": 45200000,
        "operatingIncomeRatio": 0.1533242877,
        "totalOtherIncomeExpensesNet": -600000,
        "incomeBeforeTax": 44600000,
        "incomeBeforeTaxRatio": 0.1512890095,
        "incomeTaxExpense": 16800000,
        "netIncome": 27800000,
        "netIncomeRatio": 0.0943012212,
        "eps": 0.33,
        "epsdiluted": 0.33,
        "weightedAverageShsOut": 84000000,
        "weightedAverageShsOutDil": 84000000,
        "link": "https://www.sec.gov/Archives/edgar/data/24491/0000024491-94-000008-index.html",
        "finalLink": "https://www.sec.gov/Archives/edgar/data/24491/"
    },
    {
        "date": "1993-09-30",
        "symbol": "CTB",
        "reportedCurrency": "USD",
        "cik": "0000024491",
        "fillingDate": "1993-09-30",
        "acceptedDate": "1993-09-29 20:00:00",
        "calendarYear": "1993",
        "period": "Q3",
        "revenue": 326100000,
        "costOfRevenue": 257000000,
        "grossProfit": 69100000,
        "grossProfitRatio": 0.2118981907,
        "researchAndDevelopmentExpenses": 0,
        "generalAndAdministrativeExpenses": 15500000,
        "sellingAndMarketingExpenses": 12000000,
        "sellingGeneralAndAdministrativeExpenses": 27500000,
        "otherExpenses": 0,
        "operatingExpenses": 27500000,
        "costAndExpenses": 284500000,
        "interestIncome": 0,
        "interestExpense": 0,
        "depreciationAndAmortization": 12000000,
        "ebitda": 53100000,
        "ebitdaratio": 0.1628334867,
        "operatingIncome": 41600000,
        "operatingIncomeRatio": 0.1275682306,
        "totalOtherIncomeExpensesNet": -500000,
        "incomeBeforeTax": 41100000,
        "incomeBeforeTaxRatio": 0.1260349586,
        "incomeTaxExpense": 15900000,
        "netIncome": 25200000,
        "netIncomeRatio": 0.0772769089,
        "eps": 0.3,
        "epsdiluted": 0.3,
        "weightedAverageShsOut": 84000000,
        "weightedAverageShsOutDil": 84000000,
        "link": "",
        "finalLink": ""
    },
    {
        "date": "1993-06-30",
        "symbol": "CTB",
        "reportedCurrency": "USD",
        "cik": "0000024491",
        "fillingDate": "1993-06-30",
        "acceptedDate": "1993-06-29 20:00:00",
        "calendarYear": "1993",
        "period": "Q2",
        "revenue": 292600000,
        "costOfRevenue": 226300000,
        "grossProfit": 66300000,
        "grossProfitRatio": 0.2265892003,
        "researchAndDevelopmentExpenses": 0,
        "generalAndAdministrativeExpenses": 16000000,
        "sellingAndMarketingExpenses": 11700000,
        "sellingGeneralAndAdministrativeExpenses": 27700000,
        "otherExpenses": 0,
        "operatingExpenses": 27700000,
        "costAndExpenses": 254000000,
        "interestIncome": 0,
        "interestExpense": 0,
        "depreciationAndAmortization": 11700000,
        "ebitda": 50100000,
        "ebitdaratio": 0.1712235133,
        "operatingIncome": 38600000,
        "operatingIncomeRatio": 0.1319207109,
        "totalOtherIncomeExpensesNet": -200000,
        "incomeBeforeTax": 38400000,
        "incomeBeforeTaxRatio": 0.1312371839,
        "incomeTaxExpense": 14400000,
        "netIncome": 24000000,
        "netIncomeRatio": 0.0820232399,
        "eps": 0.29,
        "epsdiluted": 0.29,
        "weightedAverageShsOut": 82758621,
        "weightedAverageShsOutDil": 82758621,
        "link": "",
        "finalLink": ""
    },
    {
        "date": "1993-03-31",
        "symbol": "CTB",
        "reportedCurrency": "USD",
        "cik": "0000024491",
        "fillingDate": "1993-03-31",
        "acceptedDate": "1993-03-30 19:00:00",
        "calendarYear": "1993",
        "period": "Q1",
        "revenue": 280100000,
        "costOfRevenue": 211500000,
        "grossProfit": 68600000,
        "grossProfitRatio": 0.2449125312,
        "researchAndDevelopmentExpenses": 0,
        "generalAndAdministrativeExpenses": 16200000,
        "sellingAndMarketingExpenses": 11900000,
        "sellingGeneralAndAdministrativeExpenses": 28100000,
        "otherExpenses": 0,
        "operatingExpenses": 28100000,
        "costAndExpenses": 239600000,
        "interestIncome": 0,
        "interestExpense": 0,
        "depreciationAndAmortization": 11900000,
        "ebitda": 52100000,
        "ebitdaratio": 0.1860049982,
        "operatingIncome": 40500000,
        "operatingIncomeRatio": 0.1445912174,
        "totalOtherIncomeExpensesNet": -300000,
        "incomeBeforeTax": 40200000,
        "incomeBeforeTaxRatio": 0.1435201714,
        "incomeTaxExpense": 15000000,
        "netIncome": 25200000,
        "netIncomeRatio": 0.0899678686,
        "eps": 0.3,
        "epsdiluted": 0.3,
        "weightedAverageShsOut": 84000000,
        "weightedAverageShsOutDil": 84000000,
        "link": "",
        "finalLink": ""
    },
    {
        "date": "1992-12-31",
        "symbol": "CTB",
        "reportedCurrency": "USD",
        "cik": "0000024491",
        "fillingDate": "1992-12-31",
        "acceptedDate": "1992-12-30 19:00:00",
        "calendarYear": "1992",
        "period": "Q4",
        "revenue": 294000000,
        "costOfRevenue": 223800000,
        "grossProfit": 70200000,
        "grossProfitRatio": 0.2387755102,
        "researchAndDevelopmentExpenses": 0,
        "generalAndAdministrativeExpenses": 0,
        "sellingAndMarketingExpenses": 0,
        "sellingGeneralAndAdministrativeExpenses": 23900000,
        "otherExpenses": 0,
        "operatingExpenses": 23900000,
        "costAndExpenses": 247700000,
        "interestIncome": 0,
        "interestExpense": 0,
        "depreciationAndAmortization": 9200000,
        "ebitda": -9700000,
        "ebitdaratio": -0.0329931973,
        "operatingIncome": 46300000,
        "operatingIncomeRatio": 0.1574829932,
        "totalOtherIncomeExpensesNet": -200000,
        "incomeBeforeTax": 46100000,
        "incomeBeforeTaxRatio": 0.1568027211,
        "incomeTaxExpense": 16500000,
        "netIncome": -35400000,
        "netIncomeRatio": -0.1204081633,
        "eps": -0.42,
        "epsdiluted": -0.42,
        "weightedAverageShsOut": 83684211,
        "weightedAverageShsOutDil": 83684211,
        "link": "",
        "finalLink": ""
    },
    {
        "date": "1992-09-30",
        "symbol": "CTB",
        "reportedCurrency": "USD",
        "cik": "0000024491",
        "fillingDate": "1992-09-30",
        "acceptedDate": "1992-09-29 20:00:00",
        "calendarYear": "1992",
        "period": "Q3",
        "revenue": 305200000,
        "costOfRevenue": 230700000,
        "grossProfit": 74500000,
        "grossProfitRatio": 0.244102228,
        "researchAndDevelopmentExpenses": 0,
        "generalAndAdministrativeExpenses": 14700000,
        "sellingAndMarketingExpenses": 9600000,
        "sellingGeneralAndAdministrativeExpenses": 24300000,
        "otherExpenses": 0,
        "operatingExpenses": 24300000,
        "costAndExpenses": 255000000,
        "interestIncome": 0,
        "interestExpense": 0,
        "depreciationAndAmortization": 9600000,
        "ebitda": 59700000,
        "ebitdaratio": 0.1956094364,
        "operatingIncome": 50200000,
        "operatingIncomeRatio": 0.1644823067,
        "totalOtherIncomeExpensesNet": -100000,
        "incomeBeforeTax": 50100000,
        "incomeBeforeTaxRatio": 0.1641546527,
        "incomeTaxExpense": 18300000,
        "netIncome": 31800000,
        "netIncomeRatio": 0.1041939712,
        "eps": 0.38,
        "epsdiluted": 0.38,
        "weightedAverageShsOut": 83684211,
        "weightedAverageShsOutDil": 83684211,
        "link": "",
        "finalLink": ""
    },
    {
        "date": "1992-06-30",
        "symbol": "CTB",
        "reportedCurrency": "USD",
        "cik": "0000024491",
        "fillingDate": "1992-06-30",
        "acceptedDate": "1992-06-29 20:00:00",
        "calendarYear": "1992",
        "period": "Q2",
        "revenue": 306400000,
        "costOfRevenue": 239000000,
        "grossProfit": 67400000,
        "grossProfitRatio": 0.2199738903,
        "researchAndDevelopmentExpenses": 0,
        "generalAndAdministrativeExpenses": 14700000,
        "sellingAndMarketingExpenses": 10700000,
        "sellingGeneralAndAdministrativeExpenses": 25400000,
        "otherExpenses": 0,
        "operatingExpenses": 25400000,
        "costAndExpenses": 264400000,
        "interestIncome": 0,
        "interestExpense": 0,
        "depreciationAndAmortization": 10700000,
        "ebitda": 52500000,
        "ebitdaratio": 0.1713446475,
        "operatingIncome": 42000000,
        "operatingIncomeRatio": 0.137075718,
        "totalOtherIncomeExpensesNet": -200000,
        "incomeBeforeTax": 41800000,
        "incomeBeforeTaxRatio": 0.1364229765,
        "incomeTaxExpense": 15400000,
        "netIncome": 26400000,
        "netIncomeRatio": 0.0861618799,
        "eps": 0.32,
        "epsdiluted": 0.32,
        "weightedAverageShsOut": 82500000,
        "weightedAverageShsOutDil": 82500000,
        "link": "",
        "finalLink": ""
    },
    {
        "date": "1992-03-31",
        "symbol": "CTB",
        "reportedCurrency": "USD",
        "cik": "0000024491",
        "fillingDate": "1992-03-31",
        "acceptedDate": "1992-03-30 19:00:00",
        "calendarYear": "1992",
        "period": "Q1",
        "revenue": 269100000,
        "costOfRevenue": 213700000,
        "grossProfit": 55400000,
        "grossProfitRatio": 0.2058714233,
        "researchAndDevelopmentExpenses": 0,
        "generalAndAdministrativeExpenses": 14600000,
        "sellingAndMarketingExpenses": 8600000,
        "sellingGeneralAndAdministrativeExpenses": 23200000,
        "otherExpenses": 0,
        "operatingExpenses": 23200000,
        "costAndExpenses": 236900000,
        "interestIncome": 0,
        "interestExpense": 0,
        "depreciationAndAmortization": 8600000,
        "ebitda": 40500000,
        "ebitdaratio": 0.1505016722,
        "operatingIncome": 32200000,
        "operatingIncomeRatio": 0.1196581197,
        "totalOtherIncomeExpensesNet": -300000,
        "incomeBeforeTax": 31900000,
        "incomeBeforeTaxRatio": 0.1185432925,
        "incomeTaxExpense": 11600000,
        "netIncome": 20300000,
        "netIncomeRatio": 0.0754366407,
        "eps": 0.25,
        "epsdiluted": 0.25,
        "weightedAverageShsOut": 81200000,
        "weightedAverageShsOutDil": 81200000,
        "link": "",
        "finalLink": ""
    },
    {
        "date": "1991-12-31",
        "symbol": "CTB",
        "reportedCurrency": "USD",
        "cik": "0000024491",
        "fillingDate": "1991-12-31",
        "acceptedDate": "1991-12-30 19:00:00",
        "calendarYear": "1991",
        "period": "Q4",
        "revenue": 254100000,
        "costOfRevenue": 194100000,
        "grossProfit": 60000000,
        "grossProfitRatio": 0.2361275089,
        "researchAndDevelopmentExpenses": 0,
        "generalAndAdministrativeExpenses": 0,
        "sellingAndMarketingExpenses": 0,
        "sellingGeneralAndAdministrativeExpenses": 20100000,
        "otherExpenses": 0,
        "operatingExpenses": 20100000,
        "costAndExpenses": 214200000,
        "interestIncome": 0,
        "interestExpense": 0,
        "depreciationAndAmortization": 7600000,
        "ebitda": 47100000,
        "ebitdaratio": 0.1853600945,
        "operatingIncome": 39900000,
        "operatingIncomeRatio": 0.1570247934,
        "totalOtherIncomeExpensesNet": -400000,
        "incomeBeforeTax": 39500000,
        "incomeBeforeTaxRatio": 0.15545061,
        "incomeTaxExpense": 14000000,
        "netIncome": 25500000,
        "netIncomeRatio": 0.1003541913,
        "eps": 0.31,
        "epsdiluted": 0.31,
        "weightedAverageShsOut": 81851852,
        "weightedAverageShsOutDil": 81851852,
        "link": "",
        "finalLink": ""
    },
    {
        "date": "1991-09-30",
        "symbol": "CTB",
        "reportedCurrency": "USD",
        "cik": "0000024491",
        "fillingDate": "1991-09-30",
        "acceptedDate": "1991-09-29 20:00:00",
        "calendarYear": "1991",
        "period": "Q3",
        "revenue": 288900000,
        "costOfRevenue": 231000000,
        "grossProfit": 57900000,
        "grossProfitRatio": 0.2004153686,
        "researchAndDevelopmentExpenses": 0,
        "generalAndAdministrativeExpenses": 14100000,
        "sellingAndMarketingExpenses": 8000000,
        "sellingGeneralAndAdministrativeExpenses": 22100000,
        "otherExpenses": 0,
        "operatingExpenses": 22100000,
        "costAndExpenses": 253100000,
        "interestIncome": 0,
        "interestExpense": 0,
        "depreciationAndAmortization": 8000000,
        "ebitda": 42600000,
        "ebitdaratio": 0.1474558671,
        "operatingIncome": 35800000,
        "operatingIncomeRatio": 0.1239183108,
        "totalOtherIncomeExpensesNet": -1200000,
        "incomeBeforeTax": 34600000,
        "incomeBeforeTaxRatio": 0.1197646244,
        "incomeTaxExpense": 12500000,
        "netIncome": 22100000,
        "netIncomeRatio": 0.0764970578,
        "eps": 0.27,
        "epsdiluted": 0.27,
        "weightedAverageShsOut": 81851852,
        "weightedAverageShsOutDil": 81851852,
        "link": "",
        "finalLink": ""
    },
    {
        "date": "1991-06-30",
        "symbol": "CTB",
        "reportedCurrency": "USD",
        "cik": "0000024491",
        "fillingDate": "1991-06-30",
        "acceptedDate": "1991-06-29 20:00:00",
        "calendarYear": "1991",
        "period": "Q2",
        "revenue": 250300000,
        "costOfRevenue": 197400000,
        "grossProfit": 52900000,
        "grossProfitRatio": 0.2113463843,
        "researchAndDevelopmentExpenses": 0,
        "generalAndAdministrativeExpenses": 12300000,
        "sellingAndMarketingExpenses": 8200000,
        "sellingGeneralAndAdministrativeExpenses": 20500000,
        "otherExpenses": 0,
        "operatingExpenses": 20500000,
        "costAndExpenses": 217900000,
        "interestIncome": 0,
        "interestExpense": 0,
        "depreciationAndAmortization": 8200000,
        "ebitda": 39100000,
        "ebitdaratio": 0.1562125449,
        "operatingIncome": 32400000,
        "operatingIncomeRatio": 0.1294446664,
        "totalOtherIncomeExpensesNet": -1500000,
        "incomeBeforeTax": 30900000,
        "incomeBeforeTaxRatio": 0.1234518578,
        "incomeTaxExpense": 11400000,
        "netIncome": 19500000,
        "netIncomeRatio": 0.0779065122,
        "eps": 0.24,
        "epsdiluted": 0.24,
        "weightedAverageShsOut": 81250000,
        "weightedAverageShsOutDil": 81250000,
        "link": "",
        "finalLink": ""
    },
    {
        "date": "1991-03-31",
        "symbol": "CTB",
        "reportedCurrency": "USD",
        "cik": "0000024491",
        "fillingDate": "1991-03-31",
        "acceptedDate": "1991-03-30 19:00:00",
        "calendarYear": "1991",
        "period": "Q1",
        "revenue": 207900000,
        "costOfRevenue": 166200000,
        "grossProfit": 41700000,
        "grossProfitRatio": 0.2005772006,
        "researchAndDevelopmentExpenses": 0,
        "generalAndAdministrativeExpenses": 13000000,
        "sellingAndMarketingExpenses": 8200000,
        "sellingGeneralAndAdministrativeExpenses": 21200000,
        "otherExpenses": 0,
        "operatingExpenses": 21200000,
        "costAndExpenses": 187400000,
        "interestIncome": 0,
        "interestExpense": 0,
        "depreciationAndAmortization": 8200000,
        "ebitda": 27600000,
        "ebitdaratio": 0.1327561328,
        "operatingIncome": 20500000,
        "operatingIncomeRatio": 0.0986050986,
        "totalOtherIncomeExpensesNet": -1100000,
        "incomeBeforeTax": 19400000,
        "incomeBeforeTaxRatio": 0.0933140933,
        "incomeTaxExpense": 7100000,
        "netIncome": 12300000,
        "netIncomeRatio": 0.0591630592,
        "eps": 0.15,
        "epsdiluted": 0.15,
        "weightedAverageShsOut": 82000000,
        "weightedAverageShsOutDil": 82000000,
        "link": "",
        "finalLink": ""
    },
    {
        "date": "1990-12-31",
        "symbol": "CTB",
        "reportedCurrency": "USD",
        "cik": "0000024491",
        "fillingDate": "1990-12-31",
        "acceptedDate": "1990-12-30 19:00:00",
        "calendarYear": "1990",
        "period": "Q4",
        "revenue": 212800000,
        "costOfRevenue": 164100000,
        "grossProfit": 48700000,
        "grossProfitRatio": 0.2288533835,
        "researchAndDevelopmentExpenses": 0,
        "generalAndAdministrativeExpenses": 0,
        "sellingAndMarketingExpenses": 0,
        "sellingGeneralAndAdministrativeExpenses": 17500000,
        "otherExpenses": 0,
        "operatingExpenses": 17500000,
        "costAndExpenses": 181600000,
        "interestIncome": 0,
        "interestExpense": 0,
        "depreciationAndAmortization": 6300000,
        "ebitda": 36500000,
        "ebitdaratio": 0.1715225564,
        "operatingIncome": 31200000,
        "operatingIncomeRatio": 0.1466165414,
        "totalOtherIncomeExpensesNet": -1000000,
        "incomeBeforeTax": 30200000,
        "incomeBeforeTaxRatio": 0.1419172932,
        "incomeTaxExpense": 10800000,
        "netIncome": 19400000,
        "netIncomeRatio": 0.0911654135,
        "eps": 0.24,
        "epsdiluted": 0.24,
        "weightedAverageShsOut": 80476190,
        "weightedAverageShsOutDil": 80476190,
        "link": "",
        "finalLink": ""
    },
    {
        "date": "1990-09-30",
        "symbol": "CTB",
        "reportedCurrency": "USD",
        "cik": "0000024491",
        "fillingDate": "1990-09-30",
        "acceptedDate": "1990-09-29 20:00:00",
        "calendarYear": "1990",
        "period": "Q3",
        "revenue": 239800000,
        "costOfRevenue": 192400000,
        "grossProfit": 47400000,
        "grossProfitRatio": 0.1976647206,
        "researchAndDevelopmentExpenses": 0,
        "generalAndAdministrativeExpenses": 12500000,
        "sellingAndMarketingExpenses": 6800000,
        "sellingGeneralAndAdministrativeExpenses": 19300000,
        "otherExpenses": 0,
        "operatingExpenses": 19300000,
        "costAndExpenses": 211700000,
        "interestIncome": 0,
        "interestExpense": 0,
        "depreciationAndAmortization": 6800000,
        "ebitda": 33500000,
        "ebitdaratio": 0.1396997498,
        "operatingIncome": 28100000,
        "operatingIncomeRatio": 0.1171809842,
        "totalOtherIncomeExpensesNet": -1400000,
        "incomeBeforeTax": 26700000,
        "incomeBeforeTaxRatio": 0.1113427857,
        "incomeTaxExpense": 9800000,
        "netIncome": 16900000,
        "netIncomeRatio": 0.0704753962,
        "eps": 0.21,
        "epsdiluted": 0.21,
        "weightedAverageShsOut": 80476190,
        "weightedAverageShsOutDil": 80476190,
        "link": "",
        "finalLink": ""
    },
    {
        "date": "1990-06-30",
        "symbol": "CTB",
        "reportedCurrency": "USD",
        "cik": "0000024491",
        "fillingDate": "1990-06-30",
        "acceptedDate": "1990-06-29 20:00:00",
        "calendarYear": "1990",
        "period": "Q2",
        "revenue": 234700000,
        "costOfRevenue": 188600000,
        "grossProfit": 46100000,
        "grossProfitRatio": 0.1964209629,
        "researchAndDevelopmentExpenses": 0,
        "generalAndAdministrativeExpenses": 11700000,
        "sellingAndMarketingExpenses": 7200000,
        "sellingGeneralAndAdministrativeExpenses": 18900000,
        "otherExpenses": 0,
        "operatingExpenses": 18900000,
        "costAndExpenses": 207500000,
        "interestIncome": 0,
        "interestExpense": 0,
        "depreciationAndAmortization": 7200000,
        "ebitda": 33300000,
        "ebitdaratio": 0.1418832552,
        "operatingIncome": 27200000,
        "operatingIncomeRatio": 0.1158926289,
        "totalOtherIncomeExpensesNet": -1100000,
        "incomeBeforeTax": 26100000,
        "incomeBeforeTaxRatio": 0.1112057946,
        "incomeTaxExpense": 9700000,
        "netIncome": 16400000,
        "netIncomeRatio": 0.069876438,
        "eps": 0.2,
        "epsdiluted": 0.2,
        "weightedAverageShsOut": 82000000,
        "weightedAverageShsOutDil": 82000000,
        "link": "",
        "finalLink": ""
    },
    {
        "date": "1990-03-31",
        "symbol": "CTB",
        "reportedCurrency": "USD",
        "cik": "0000024491",
        "fillingDate": "1990-03-31",
        "acceptedDate": "1990-03-30 19:00:00",
        "calendarYear": "1990",
        "period": "Q1",
        "revenue": 208600000,
        "costOfRevenue": 167300000,
        "grossProfit": 41300000,
        "grossProfitRatio": 0.1979865772,
        "researchAndDevelopmentExpenses": 0,
        "generalAndAdministrativeExpenses": 11800000,
        "sellingAndMarketingExpenses": 7300000,
        "sellingGeneralAndAdministrativeExpenses": 19100000,
        "otherExpenses": 0,
        "operatingExpenses": 19100000,
        "costAndExpenses": 186400000,
        "interestIncome": 0,
        "interestExpense": 0,
        "depreciationAndAmortization": 7300000,
        "ebitda": 29100000,
        "ebitdaratio": 0.1395014382,
        "operatingIncome": 22200000,
        "operatingIncomeRatio": 0.1064237776,
        "totalOtherIncomeExpensesNet": -400000,
        "incomeBeforeTax": 21800000,
        "incomeBeforeTaxRatio": 0.104506232,
        "incomeTaxExpense": 8100000,
        "netIncome": 13700000,
        "netIncomeRatio": 0.0656759348,
        "eps": 0.17,
        "epsdiluted": 0.17,
        "weightedAverageShsOut": 80588235,
        "weightedAverageShsOutDil": 80588235,
        "link": "",
        "finalLink": ""
    },
    {
        "date": "1989-12-31",
        "symbol": "CTB",
        "reportedCurrency": "USD",
        "cik": "0000024491",
        "fillingDate": "1989-12-31",
        "acceptedDate": "1989-12-30 19:00:00",
        "calendarYear": "1989",
        "period": "Q4",
        "revenue": 208300000,
        "costOfRevenue": 164200000,
        "grossProfit": 44100000,
        "grossProfitRatio": 0.2117138742,
        "researchAndDevelopmentExpenses": 0,
        "generalAndAdministrativeExpenses": 0,
        "sellingAndMarketingExpenses": 0,
        "sellingGeneralAndAdministrativeExpenses": 15400000,
        "otherExpenses": 0,
        "operatingExpenses": 15400000,
        "costAndExpenses": 179600000,
        "interestIncome": 0,
        "interestExpense": 0,
        "depreciationAndAmortization": 4900000,
        "ebitda": 33200000,
        "ebitdaratio": 0.1593855017,
        "operatingIncome": 28700000,
        "operatingIncomeRatio": 0.1377820451,
        "totalOtherIncomeExpensesNet": -400000,
        "incomeBeforeTax": 28300000,
        "incomeBeforeTaxRatio": 0.1358617379,
        "incomeTaxExpense": 10400000,
        "netIncome": 17900000,
        "netIncomeRatio": 0.0859337494,
        "eps": 0.22,
        "epsdiluted": 0.22,
        "weightedAverageShsOut": 82777778,
        "weightedAverageShsOutDil": 82777778,
        "link": "",
        "finalLink": ""
    },
    {
        "date": "1989-09-30",
        "symbol": "CTB",
        "reportedCurrency": "USD",
        "cik": "0000024491",
        "fillingDate": "1989-09-30",
        "acceptedDate": "1989-09-29 20:00:00",
        "calendarYear": "1989",
        "period": "Q3",
        "revenue": 233600000,
        "costOfRevenue": 191300000,
        "grossProfit": 42300000,
        "grossProfitRatio": 0.1810787671,
        "researchAndDevelopmentExpenses": 0,
        "generalAndAdministrativeExpenses": 12000000,
        "sellingAndMarketingExpenses": 6200000,
        "sellingGeneralAndAdministrativeExpenses": 18200000,
        "otherExpenses": 0,
        "operatingExpenses": 18200000,
        "costAndExpenses": 209500000,
        "interestIncome": 0,
        "interestExpense": 0,
        "depreciationAndAmortization": -400000,
        "ebitda": 23700000,
        "ebitdaratio": 0.1014554795,
        "operatingIncome": 24100000,
        "operatingIncomeRatio": 0.1031678082,
        "totalOtherIncomeExpensesNet": -400000,
        "incomeBeforeTax": 23700000,
        "incomeBeforeTaxRatio": 0.1014554795,
        "incomeTaxExpense": 8800000,
        "netIncome": 14900000,
        "netIncomeRatio": 0.0637842466,
        "eps": 0.18,
        "epsdiluted": 0.18,
        "weightedAverageShsOut": 82777778,
        "weightedAverageShsOutDil": 82777778,
        "link": "",
        "finalLink": ""
    },
    {
        "date": "1989-06-30",
        "symbol": "CTB",
        "reportedCurrency": "USD",
        "cik": "0000024491",
        "fillingDate": "1989-06-30",
        "acceptedDate": "1989-06-29 20:00:00",
        "calendarYear": "1989",
        "period": "Q2",
        "revenue": 229400000,
        "costOfRevenue": 0,
        "grossProfit": 229400000,
        "grossProfitRatio": 1,
        "researchAndDevelopmentExpenses": 0,
        "generalAndAdministrativeExpenses": 0,
        "sellingAndMarketingExpenses": 0,
        "sellingGeneralAndAdministrativeExpenses": 0,
        "otherExpenses": 0,
        "operatingExpenses": 0,
        "costAndExpenses": 0,
        "interestIncome": 0,
        "interestExpense": 0,
        "depreciationAndAmortization": 0,
        "ebitda": 229400000,
        "ebitdaratio": 1,
        "operatingIncome": 229400000,
        "operatingIncomeRatio": 1,
        "totalOtherIncomeExpensesNet": 0,
        "incomeBeforeTax": 0,
        "incomeBeforeTaxRatio": 0,
        "incomeTaxExpense": 0,
        "netIncome": 0,
        "netIncomeRatio": 0,
        "eps": 0,
        "epsdiluted": 0,
        "weightedAverageShsOut": 81972000,
        "weightedAverageShsOutDil": 81972000,
        "link": "",
        "finalLink": ""
    },
    {
        "date": "1989-03-31",
        "symbol": "CTB",
        "reportedCurrency": "USD",
        "cik": "0000024491",
        "fillingDate": "1989-03-31",
        "acceptedDate": "1989-03-30 19:00:00",
        "calendarYear": "1989",
        "period": "Q1",
        "revenue": 195500000,
        "costOfRevenue": 0,
        "grossProfit": 195500000,
        "grossProfitRatio": 1,
        "researchAndDevelopmentExpenses": 0,
        "generalAndAdministrativeExpenses": 0,
        "sellingAndMarketingExpenses": 0,
        "sellingGeneralAndAdministrativeExpenses": 0,
        "otherExpenses": 0,
        "operatingExpenses": 0,
        "costAndExpenses": 0,
        "interestIncome": 0,
        "interestExpense": 0,
        "depreciationAndAmortization": 0,
        "ebitda": 195500000,
        "ebitdaratio": 1,
        "operatingIncome": 195500000,
        "operatingIncomeRatio": 1,
        "totalOtherIncomeExpensesNet": 0,
        "incomeBeforeTax": 0,
        "incomeBeforeTaxRatio": 0,
        "incomeTaxExpense": 0,
        "netIncome": 0,
        "netIncomeRatio": 0,
        "eps": 0,
        "epsdiluted": 0,
        "weightedAverageShsOut": 81920000,
        "weightedAverageShsOutDil": 81920000,
        "link": "",
        "finalLink": ""
    },
    {
        "date": "1988-12-31",
        "symbol": "CTB",
        "reportedCurrency": "USD",
        "cik": "0000024491",
        "fillingDate": "1988-12-31",
        "acceptedDate": "1988-12-30 19:00:00",
        "calendarYear": "1988",
        "period": "Q4",
        "revenue": 195100000,
        "costOfRevenue": 0,
        "grossProfit": 195100000,
        "grossProfitRatio": 1,
        "researchAndDevelopmentExpenses": 0,
        "generalAndAdministrativeExpenses": 0,
        "sellingAndMarketingExpenses": 0,
        "sellingGeneralAndAdministrativeExpenses": 0,
        "otherExpenses": -681400000,
        "operatingExpenses": -681400000,
        "costAndExpenses": -681400000,
        "interestIncome": 0,
        "interestExpense": 0,
        "depreciationAndAmortization": 0,
        "ebitda": -486300000,
        "ebitdaratio": -2.4925679139,
        "operatingIncome": -486300000,
        "operatingIncomeRatio": -2.4925679139,
        "totalOtherIncomeExpensesNet": 0,
        "incomeBeforeTax": 0,
        "incomeBeforeTaxRatio": 0,
        "incomeTaxExpense": 0,
        "netIncome": 0,
        "netIncomeRatio": 0,
        "eps": 0,
        "epsdiluted": 0,
        "weightedAverageShsOut": 81608000,
        "weightedAverageShsOutDil": 81608000,
        "link": "",
        "finalLink": ""
    },
    {
        "date": "1988-09-30",
        "symbol": "CTB",
        "reportedCurrency": "USD",
        "cik": "0000024491",
        "fillingDate": "1988-09-30",
        "acceptedDate": "1988-09-29 20:00:00",
        "calendarYear": "1988",
        "period": "Q3",
        "revenue": 208100000,
        "costOfRevenue": 0,
        "grossProfit": 208100000,
        "grossProfitRatio": 1,
        "researchAndDevelopmentExpenses": 0,
        "generalAndAdministrativeExpenses": 0,
        "sellingAndMarketingExpenses": 0,
        "sellingGeneralAndAdministrativeExpenses": 0,
        "otherExpenses": 0,
        "operatingExpenses": 0,
        "costAndExpenses": 0,
        "interestIncome": 0,
        "interestExpense": 0,
        "depreciationAndAmortization": 0,
        "ebitda": 208100000,
        "ebitdaratio": 1,
        "operatingIncome": 208100000,
        "operatingIncomeRatio": 1,
        "totalOtherIncomeExpensesNet": 0,
        "incomeBeforeTax": 0,
        "incomeBeforeTaxRatio": 0,
        "incomeTaxExpense": 0,
        "netIncome": 0,
        "netIncomeRatio": 0,
        "eps": 0,
        "epsdiluted": 0,
        "weightedAverageShsOut": 81608000,
        "weightedAverageShsOutDil": 81608000,
        "link": "",
        "finalLink": ""
    },
    {
        "date": "1988-06-30",
        "symbol": "CTB",
        "reportedCurrency": "USD",
        "cik": "0000024491",
        "fillingDate": "1988-06-30",
        "acceptedDate": "1988-06-29 20:00:00",
        "calendarYear": "1988",
        "period": "Q2",
        "revenue": 183800000,
        "costOfRevenue": 0,
        "grossProfit": 183800000,
        "grossProfitRatio": 1,
        "researchAndDevelopmentExpenses": 0,
        "generalAndAdministrativeExpenses": 0,
        "sellingAndMarketingExpenses": 0,
        "sellingGeneralAndAdministrativeExpenses": 0,
        "otherExpenses": 0,
        "operatingExpenses": 0,
        "costAndExpenses": 0,
        "interestIncome": 0,
        "interestExpense": 0,
        "depreciationAndAmortization": 0,
        "ebitda": 183800000,
        "ebitdaratio": 1,
        "operatingIncome": 183800000,
        "operatingIncomeRatio": 1,
        "totalOtherIncomeExpensesNet": 0,
        "incomeBeforeTax": 0,
        "incomeBeforeTaxRatio": 0,
        "incomeTaxExpense": 0,
        "netIncome": 0,
        "netIncomeRatio": 0,
        "eps": 0,
        "epsdiluted": 0,
        "weightedAverageShsOut": 81520000,
        "weightedAverageShsOutDil": 81520000,
        "link": "",
        "finalLink": ""
    },
    {
        "date": "1988-03-31",
        "symbol": "CTB",
        "reportedCurrency": "USD",
        "cik": "0000024491",
        "fillingDate": "1988-03-31",
        "acceptedDate": "1988-03-30 19:00:00",
        "calendarYear": "1988",
        "period": "Q1",
        "revenue": 161000000,
        "costOfRevenue": 0,
        "grossProfit": 161000000,
        "grossProfitRatio": 1,
        "researchAndDevelopmentExpenses": 0,
        "generalAndAdministrativeExpenses": 0,
        "sellingAndMarketingExpenses": 0,
        "sellingGeneralAndAdministrativeExpenses": 0,
        "otherExpenses": 0,
        "operatingExpenses": 0,
        "costAndExpenses": 0,
        "interestIncome": 0,
        "interestExpense": 0,
        "depreciationAndAmortization": 0,
        "ebitda": 161000000,
        "ebitdaratio": 1,
        "operatingIncome": 161000000,
        "operatingIncomeRatio": 1,
        "totalOtherIncomeExpensesNet": 0,
        "incomeBeforeTax": 0,
        "incomeBeforeTaxRatio": 0,
        "incomeTaxExpense": 0,
        "netIncome": 0,
        "netIncomeRatio": 0,
        "eps": 0,
        "epsdiluted": 0,
        "weightedAverageShsOut": 81464000,
        "weightedAverageShsOutDil": 81464000,
        "link": "",
        "finalLink": ""
    },
    {
        "date": "1987-12-31",
        "symbol": "CTB",
        "reportedCurrency": "USD",
        "cik": "0000024491",
        "fillingDate": "1987-12-31",
        "acceptedDate": "1987-12-30 19:00:00",
        "calendarYear": "1987",
        "period": "Q4",
        "revenue": 176800000,
        "costOfRevenue": 0,
        "grossProfit": 176800000,
        "grossProfitRatio": 1,
        "researchAndDevelopmentExpenses": 0,
        "generalAndAdministrativeExpenses": 0,
        "sellingAndMarketingExpenses": 0,
        "sellingGeneralAndAdministrativeExpenses": 0,
        "otherExpenses": -609700000,
        "operatingExpenses": -609700000,
        "costAndExpenses": -609700000,
        "interestIncome": 0,
        "interestExpense": 0,
        "depreciationAndAmortization": 0,
        "ebitda": -432900000,
        "ebitdaratio": -2.4485294118,
        "operatingIncome": -432900000,
        "operatingIncomeRatio": -2.4485294118,
        "totalOtherIncomeExpensesNet": 0,
        "incomeBeforeTax": 0,
        "incomeBeforeTaxRatio": 0,
        "incomeTaxExpense": 0,
        "netIncome": 0,
        "netIncomeRatio": 0,
        "eps": 0,
        "epsdiluted": 0,
        "weightedAverageShsOut": 81264000,
        "weightedAverageShsOutDil": 81264000,
        "link": "",
        "finalLink": ""
    },
    {
        "date": "1987-09-30",
        "symbol": "CTB",
        "reportedCurrency": "USD",
        "cik": "0000024491",
        "fillingDate": "1987-09-30",
        "acceptedDate": "1987-09-29 20:00:00",
        "calendarYear": "1987",
        "period": "Q3",
        "revenue": 176500000,
        "costOfRevenue": 0,
        "grossProfit": 176500000,
        "grossProfitRatio": 1,
        "researchAndDevelopmentExpenses": 0,
        "generalAndAdministrativeExpenses": 0,
        "sellingAndMarketingExpenses": 0,
        "sellingGeneralAndAdministrativeExpenses": 0,
        "otherExpenses": 0,
        "operatingExpenses": 0,
        "costAndExpenses": 0,
        "interestIncome": 0,
        "interestExpense": 0,
        "depreciationAndAmortization": 0,
        "ebitda": 176500000,
        "ebitdaratio": 1,
        "operatingIncome": 176500000,
        "operatingIncomeRatio": 1,
        "totalOtherIncomeExpensesNet": 0,
        "incomeBeforeTax": 0,
        "incomeBeforeTaxRatio": 0,
        "incomeTaxExpense": 0,
        "netIncome": 0,
        "netIncomeRatio": 0,
        "eps": 0,
        "epsdiluted": 0,
        "weightedAverageShsOut": 81264000,
        "weightedAverageShsOutDil": 81264000,
        "link": "",
        "finalLink": ""
    },
    {
        "date": "1987-06-30",
        "symbol": "CTB",
        "reportedCurrency": "USD",
        "cik": "0000024491",
        "fillingDate": "1987-06-30",
        "acceptedDate": "1987-06-29 20:00:00",
        "calendarYear": "1987",
        "period": "Q2",
        "revenue": 164300000,
        "costOfRevenue": 0,
        "grossProfit": 164300000,
        "grossProfitRatio": 1,
        "researchAndDevelopmentExpenses": 0,
        "generalAndAdministrativeExpenses": 0,
        "sellingAndMarketingExpenses": 0,
        "sellingGeneralAndAdministrativeExpenses": 0,
        "otherExpenses": 0,
        "operatingExpenses": 0,
        "costAndExpenses": 0,
        "interestIncome": 0,
        "interestExpense": 0,
        "depreciationAndAmortization": 0,
        "ebitda": 164300000,
        "ebitdaratio": 1,
        "operatingIncome": 164300000,
        "operatingIncomeRatio": 1,
        "totalOtherIncomeExpensesNet": 0,
        "incomeBeforeTax": 0,
        "incomeBeforeTaxRatio": 0,
        "incomeTaxExpense": 0,
        "netIncome": 0,
        "netIncomeRatio": 0,
        "eps": 0,
        "epsdiluted": 0,
        "weightedAverageShsOut": 81216000,
        "weightedAverageShsOutDil": 81216000,
        "link": "",
        "finalLink": ""
    },
    {
        "date": "1987-03-31",
        "symbol": "CTB",
        "reportedCurrency": "USD",
        "cik": "0000024491",
        "fillingDate": "1987-03-31",
        "acceptedDate": "1987-03-30 19:00:00",
        "calendarYear": "1987",
        "period": "Q1",
        "revenue": 148200000,
        "costOfRevenue": 0,
        "grossProfit": 148200000,
        "grossProfitRatio": 1,
        "researchAndDevelopmentExpenses": 0,
        "generalAndAdministrativeExpenses": 0,
        "sellingAndMarketingExpenses": 0,
        "sellingGeneralAndAdministrativeExpenses": 0,
        "otherExpenses": 0,
        "operatingExpenses": 0,
        "costAndExpenses": 0,
        "interestIncome": 0,
        "interestExpense": 0,
        "depreciationAndAmortization": 0,
        "ebitda": 148200000,
        "ebitdaratio": 1,
        "operatingIncome": 148200000,
        "operatingIncomeRatio": 1,
        "totalOtherIncomeExpensesNet": 0,
        "incomeBeforeTax": 0,
        "incomeBeforeTaxRatio": 0,
        "incomeTaxExpense": 0,
        "netIncome": 0,
        "netIncomeRatio": 0,
        "eps": 0,
        "epsdiluted": 0,
        "weightedAverageShsOut": 81088000,
        "weightedAverageShsOutDil": 81088000,
        "link": "",
        "finalLink": ""
    },
    {
        "date": "1986-12-31",
        "symbol": "CTB",
        "reportedCurrency": "USD",
        "cik": "0000024491",
        "fillingDate": "1986-12-31",
        "acceptedDate": "1986-12-30 19:00:00",
        "calendarYear": "1986",
        "period": "Q4",
        "revenue": 144900000,
        "costOfRevenue": 0,
        "grossProfit": 144900000,
        "grossProfitRatio": 1,
        "researchAndDevelopmentExpenses": 0,
        "generalAndAdministrativeExpenses": 0,
        "sellingAndMarketingExpenses": 0,
        "sellingGeneralAndAdministrativeExpenses": 0,
        "otherExpenses": -531100000,
        "operatingExpenses": -531100000,
        "costAndExpenses": -531100000,
        "interestIncome": 0,
        "interestExpense": 0,
        "depreciationAndAmortization": 0,
        "ebitda": -386200000,
        "ebitdaratio": -2.6652864044,
        "operatingIncome": -386200000,
        "operatingIncomeRatio": -2.6652864044,
        "totalOtherIncomeExpensesNet": 0,
        "incomeBeforeTax": 0,
        "incomeBeforeTaxRatio": 0,
        "incomeTaxExpense": 0,
        "netIncome": 0,
        "netIncomeRatio": 0,
        "eps": 0,
        "epsdiluted": 0,
        "weightedAverageShsOut": 80864000,
        "weightedAverageShsOutDil": 80864000,
        "link": "",
        "finalLink": ""
    },
    {
        "date": "1986-09-30",
        "symbol": "CTB",
        "reportedCurrency": "USD",
        "cik": "0000024491",
        "fillingDate": "1986-09-30",
        "acceptedDate": "1986-09-29 20:00:00",
        "calendarYear": "1986",
        "period": "Q3",
        "revenue": 165700000,
        "costOfRevenue": 0,
        "grossProfit": 165700000,
        "grossProfitRatio": 1,
        "researchAndDevelopmentExpenses": 0,
        "generalAndAdministrativeExpenses": 0,
        "sellingAndMarketingExpenses": 0,
        "sellingGeneralAndAdministrativeExpenses": 0,
        "otherExpenses": 0,
        "operatingExpenses": 0,
        "costAndExpenses": 0,
        "interestIncome": 0,
        "interestExpense": 0,
        "depreciationAndAmortization": 0,
        "ebitda": 165700000,
        "ebitdaratio": 1,
        "operatingIncome": 165700000,
        "operatingIncomeRatio": 1,
        "totalOtherIncomeExpensesNet": 0,
        "incomeBeforeTax": 0,
        "incomeBeforeTaxRatio": 0,
        "incomeTaxExpense": 0,
        "netIncome": 0,
        "netIncomeRatio": 0,
        "eps": 0,
        "epsdiluted": 0,
        "weightedAverageShsOut": 80864000,
        "weightedAverageShsOutDil": 80864000,
        "link": "",
        "finalLink": ""
    },
    {
        "date": "1986-06-30",
        "symbol": "CTB",
        "reportedCurrency": "USD",
        "cik": "0000024491",
        "fillingDate": "1986-06-30",
        "acceptedDate": "1986-06-29 20:00:00",
        "calendarYear": "1986",
        "period": "Q2",
        "revenue": 143700000,
        "costOfRevenue": 0,
        "grossProfit": 143700000,
        "grossProfitRatio": 1,
        "researchAndDevelopmentExpenses": 0,
        "generalAndAdministrativeExpenses": 0,
        "sellingAndMarketingExpenses": 0,
        "sellingGeneralAndAdministrativeExpenses": 0,
        "otherExpenses": 0,
        "operatingExpenses": 0,
        "costAndExpenses": 0,
        "interestIncome": 0,
        "interestExpense": 0,
        "depreciationAndAmortization": 0,
        "ebitda": 143700000,
        "ebitdaratio": 1,
        "operatingIncome": 143700000,
        "operatingIncomeRatio": 1,
        "totalOtherIncomeExpensesNet": 0,
        "incomeBeforeTax": 0,
        "incomeBeforeTaxRatio": 0,
        "incomeTaxExpense": 0,
        "netIncome": 0,
        "netIncomeRatio": 0,
        "eps": 0,
        "epsdiluted": 0,
        "weightedAverageShsOut": 80744000,
        "weightedAverageShsOutDil": 80744000,
        "link": "",
        "finalLink": ""
    },
    {
        "date": "1986-03-31",
        "symbol": "CTB",
        "reportedCurrency": "USD",
        "cik": "0000024491",
        "fillingDate": "1986-03-31",
        "acceptedDate": "1986-03-30 19:00:00",
        "calendarYear": "1986",
        "period": "Q1",
        "revenue": 123200000,
        "costOfRevenue": 0,
        "grossProfit": 123200000,
        "grossProfitRatio": 1,
        "researchAndDevelopmentExpenses": 0,
        "generalAndAdministrativeExpenses": 0,
        "sellingAndMarketingExpenses": 0,
        "sellingGeneralAndAdministrativeExpenses": 0,
        "otherExpenses": 0,
        "operatingExpenses": 0,
        "costAndExpenses": 0,
        "interestIncome": 0,
        "interestExpense": 0,
        "depreciationAndAmortization": 0,
        "ebitda": 123200000,
        "ebitdaratio": 1,
        "operatingIncome": 123200000,
        "operatingIncomeRatio": 1,
        "totalOtherIncomeExpensesNet": 0,
        "incomeBeforeTax": 0,
        "incomeBeforeTaxRatio": 0,
        "incomeTaxExpense": 0,
        "netIncome": 0,
        "netIncomeRatio": 0,
        "eps": 0,
        "epsdiluted": 0,
        "weightedAverageShsOut": 80680000,
        "weightedAverageShsOutDil": 80680000,
        "link": "",
        "finalLink": ""
    },
    {
        "date": "1985-12-31",
        "symbol": "CTB",
        "reportedCurrency": "USD",
        "cik": "0000024491",
        "fillingDate": "1985-12-31",
        "acceptedDate": "1985-12-30 19:00:00",
        "calendarYear": "1985",
        "period": "Q4",
        "revenue": 130200000,
        "costOfRevenue": 0,
        "grossProfit": 130200000,
        "grossProfitRatio": 1,
        "researchAndDevelopmentExpenses": 0,
        "generalAndAdministrativeExpenses": 0,
        "sellingAndMarketingExpenses": 0,
        "sellingGeneralAndAdministrativeExpenses": 0,
        "otherExpenses": -488200000,
        "operatingExpenses": -488200000,
        "costAndExpenses": -488200000,
        "interestIncome": 0,
        "interestExpense": 0,
        "depreciationAndAmortization": 0,
        "ebitda": -358000000,
        "ebitdaratio": -2.7496159754,
        "operatingIncome": -358000000,
        "operatingIncomeRatio": -2.7496159754,
        "totalOtherIncomeExpensesNet": 0,
        "incomeBeforeTax": 0,
        "incomeBeforeTaxRatio": 0,
        "incomeTaxExpense": 0,
        "netIncome": 0,
        "netIncomeRatio": 0,
        "eps": 0,
        "epsdiluted": 0,
        "weightedAverageShsOut": 80256000,
        "weightedAverageShsOutDil": 80256000,
        "link": "",
        "finalLink": ""
    },
    {
        "date": "1985-09-30",
        "symbol": "CTB",
        "reportedCurrency": "USD",
        "cik": "0000024491",
        "fillingDate": "1985-09-30",
        "acceptedDate": "1985-09-29 20:00:00",
        "calendarYear": "1985",
        "period": "Q3",
        "revenue": 144400000,
        "costOfRevenue": 0,
        "grossProfit": 144400000,
        "grossProfitRatio": 1,
        "researchAndDevelopmentExpenses": 0,
        "generalAndAdministrativeExpenses": 0,
        "sellingAndMarketingExpenses": 0,
        "sellingGeneralAndAdministrativeExpenses": 0,
        "otherExpenses": 0,
        "operatingExpenses": 0,
        "costAndExpenses": 0,
        "interestIncome": 0,
        "interestExpense": 0,
        "depreciationAndAmortization": 0,
        "ebitda": 144400000,
        "ebitdaratio": 1,
        "operatingIncome": 144400000,
        "operatingIncomeRatio": 1,
        "totalOtherIncomeExpensesNet": 0,
        "incomeBeforeTax": 0,
        "incomeBeforeTaxRatio": 0,
        "incomeTaxExpense": 0,
        "netIncome": 0,
        "netIncomeRatio": 0,
        "eps": 0,
        "epsdiluted": 0,
        "weightedAverageShsOut": 80256000,
        "weightedAverageShsOutDil": 80256000,
        "link": "",
        "finalLink": ""
    }
]