[
    {
        "date": "2018-06-30",
        "symbol": "CVG",
        "reportedCurrency": "USD",
        "cik": "0000000000",
        "fillingDate": "2018-06-30",
        "acceptedDate": "2018-06-30 00:00:00",
        "calendarYear": "2018",
        "period": "Q2",
        "revenue": 649400000,
        "costOfRevenue": 407800000,
        "grossProfit": 241600000,
        "grossProfitRatio": 0.3720357253,
        "researchAndDevelopmentExpenses": 0,
        "generalAndAdministrativeExpenses": 0,
        "sellingAndMarketingExpenses": 0,
        "sellingGeneralAndAdministrativeExpenses": 169300000,
        "otherExpenses": 28100000,
        "operatingExpenses": 197400000,
        "costAndExpenses": 605200000,
        "interestIncome": 0,
        "interestExpense": 4100000,
        "depreciationAndAmortization": 28200000,
        "ebitda": 54300000,
        "ebitdaratio": 0.0836156452,
        "operatingIncome": 46200000,
        "operatingIncomeRatio": 0.0711425932,
        "totalOtherIncomeExpensesNet": -24200000,
        "incomeBeforeTax": 22000000,
        "incomeBeforeTaxRatio": 0.0338774253,
        "incomeTaxExpense": 8100000,
        "netIncome": 13900000,
        "netIncomeRatio": 0.0214043733,
        "eps": 0.15,
        "epsdiluted": 0.14,
        "weightedAverageShsOut": 91200000,
        "weightedAverageShsOutDil": 97900000,
        "link": null,
        "finalLink": null
    },
    {
        "date": "2018-03-31",
        "symbol": "CVG",
        "reportedCurrency": "USD",
        "cik": "0000000000",
        "fillingDate": "2018-03-31",
        "acceptedDate": "2018-03-31 00:00:00",
        "calendarYear": "2018",
        "period": "Q1",
        "revenue": 674200000,
        "costOfRevenue": 417700000,
        "grossProfit": 256500000,
        "grossProfitRatio": 0.3804509048,
        "researchAndDevelopmentExpenses": 0,
        "generalAndAdministrativeExpenses": 0,
        "sellingAndMarketingExpenses": 0,
        "sellingGeneralAndAdministrativeExpenses": 172400000,
        "otherExpenses": 30700000,
        "operatingExpenses": 203100000,
        "costAndExpenses": 620800000,
        "interestIncome": 0,
        "interestExpense": 4500000,
        "depreciationAndAmortization": 30700000,
        "ebitda": 64700000,
        "ebitdaratio": 0.0959655888,
        "operatingIncome": 52900000,
        "operatingIncomeRatio": 0.078463364,
        "totalOtherIncomeExpensesNet": -23400000,
        "incomeBeforeTax": 29500000,
        "incomeBeforeTaxRatio": 0.0437555621,
        "incomeTaxExpense": -300000,
        "netIncome": 29800000,
        "netIncomeRatio": 0.044200534,
        "eps": 0.33,
        "epsdiluted": 0.3,
        "weightedAverageShsOut": 91600000,
        "weightedAverageShsOutDil": 98200000,
        "link": null,
        "finalLink": null
    },
    {
        "date": "2017-12-31",
        "symbol": "CVG",
        "reportedCurrency": "USD",
        "cik": "0000000000",
        "fillingDate": "2017-12-31",
        "acceptedDate": "2017-12-31 00:00:00",
        "calendarYear": "2017",
        "period": "Q4",
        "revenue": 689400000,
        "costOfRevenue": 429800000,
        "grossProfit": 259600000,
        "grossProfitRatio": 0.376559327,
        "researchAndDevelopmentExpenses": 0,
        "generalAndAdministrativeExpenses": 400000,
        "sellingAndMarketingExpenses": 171500000,
        "sellingGeneralAndAdministrativeExpenses": 171900000,
        "otherExpenses": 31700000,
        "operatingExpenses": 203600000,
        "costAndExpenses": 633400000,
        "interestIncome": 0,
        "interestExpense": 4300000,
        "depreciationAndAmortization": 35800000,
        "ebitda": 82800000,
        "ebitdaratio": 0.1201044386,
        "operatingIncome": 51500000,
        "operatingIncomeRatio": 0.07470264,
        "totalOtherIncomeExpensesNet": -4700000,
        "incomeBeforeTax": 46800000,
        "incomeBeforeTaxRatio": 0.0678851175,
        "incomeTaxExpense": 37900000,
        "netIncome": 8900000,
        "netIncomeRatio": 0.0129097766,
        "eps": 0.1,
        "epsdiluted": 0.09,
        "weightedAverageShsOut": 92100000,
        "weightedAverageShsOutDil": 98800000,
        "link": null,
        "finalLink": null
    },
    {
        "date": "2017-09-30",
        "symbol": "CVG",
        "reportedCurrency": "USD",
        "cik": "0000000000",
        "fillingDate": "2017-09-30",
        "acceptedDate": "2017-09-30 00:00:00",
        "calendarYear": "2017",
        "period": "Q3",
        "revenue": 688300000,
        "costOfRevenue": 428100000,
        "grossProfit": 260200000,
        "grossProfitRatio": 0.3780328345,
        "researchAndDevelopmentExpenses": 26200000,
        "generalAndAdministrativeExpenses": 800000,
        "sellingAndMarketingExpenses": 174700000,
        "sellingGeneralAndAdministrativeExpenses": 175500000,
        "otherExpenses": 7200000,
        "operatingExpenses": 208900000,
        "costAndExpenses": 637000000,
        "interestIncome": 0,
        "interestExpense": 4500000,
        "depreciationAndAmortization": 34900000,
        "ebitda": 83000000,
        "ebitdaratio": 0.1205869534,
        "operatingIncome": 48100000,
        "operatingIncomeRatio": 0.0698823188,
        "totalOtherIncomeExpensesNet": -6100000,
        "incomeBeforeTax": 42000000,
        "incomeBeforeTaxRatio": 0.0610199041,
        "incomeTaxExpense": 7200000,
        "netIncome": 34800000,
        "netIncomeRatio": 0.0505593491,
        "eps": 0.38,
        "epsdiluted": 0.35,
        "weightedAverageShsOut": 92800000,
        "weightedAverageShsOutDil": 99800000,
        "link": null,
        "finalLink": null
    },
    {
        "date": "2017-06-30",
        "symbol": "CVG",
        "reportedCurrency": "USD",
        "cik": "0000000000",
        "fillingDate": "2017-06-30",
        "acceptedDate": "2017-06-30 00:00:00",
        "calendarYear": "2017",
        "period": "Q2",
        "revenue": 686800000,
        "costOfRevenue": 426700000,
        "grossProfit": 260100000,
        "grossProfitRatio": 0.3787128713,
        "researchAndDevelopmentExpenses": 27100000,
        "generalAndAdministrativeExpenses": 1100000,
        "sellingAndMarketingExpenses": 173000000,
        "sellingGeneralAndAdministrativeExpenses": 174100000,
        "otherExpenses": 7300000,
        "operatingExpenses": 208500000,
        "costAndExpenses": 635200000,
        "interestIncome": 0,
        "interestExpense": 4300000,
        "depreciationAndAmortization": 38800000,
        "ebitda": 84800000,
        "ebitdaratio": 0.1234711706,
        "operatingIncome": 48800000,
        "operatingIncomeRatio": 0.0710541642,
        "totalOtherIncomeExpensesNet": -2700000,
        "incomeBeforeTax": 46100000,
        "incomeBeforeTaxRatio": 0.0671228888,
        "incomeTaxExpense": 6300000,
        "netIncome": 39800000,
        "netIncomeRatio": 0.0579499126,
        "eps": 0.42,
        "epsdiluted": 0.4,
        "weightedAverageShsOut": 93700000,
        "weightedAverageShsOutDil": 100100000,
        "link": null,
        "finalLink": null
    },
    {
        "date": "2017-03-31",
        "symbol": "CVG",
        "reportedCurrency": "USD",
        "cik": "0000000000",
        "fillingDate": "2017-03-31",
        "acceptedDate": "2017-03-30 20:00:00",
        "calendarYear": "2017",
        "period": "Q1",
        "revenue": 727600000,
        "costOfRevenue": 450200000,
        "grossProfit": 277400000,
        "grossProfitRatio": 0.381253436,
        "researchAndDevelopmentExpenses": 27400000,
        "generalAndAdministrativeExpenses": 1500000,
        "sellingAndMarketingExpenses": 176000000,
        "sellingGeneralAndAdministrativeExpenses": 177500000,
        "otherExpenses": 1300000,
        "operatingExpenses": 212100000,
        "costAndExpenses": 662300000,
        "interestIncome": 0,
        "interestExpense": 5300000,
        "depreciationAndAmortization": 34600000,
        "ebitda": 84700000,
        "ebitdaratio": 0.1164101154,
        "operatingIncome": 48800000,
        "operatingIncomeRatio": 0.0670698186,
        "totalOtherIncomeExpensesNet": -4000000,
        "incomeBeforeTax": 44800000,
        "incomeBeforeTaxRatio": 0.0615722925,
        "incomeTaxExpense": 6900000,
        "netIncome": 37900000,
        "netIncomeRatio": 0.0520890599,
        "eps": 0.4,
        "epsdiluted": 0.38,
        "weightedAverageShsOut": 94400000,
        "weightedAverageShsOutDil": 100500000,
        "link": null,
        "finalLink": null
    },
    {
        "date": "2016-12-31",
        "symbol": "CVG",
        "reportedCurrency": "USD",
        "cik": "0000000000",
        "fillingDate": "2016-12-31",
        "acceptedDate": "2016-12-30 19:00:00",
        "calendarYear": "2016",
        "period": "Q4",
        "revenue": 757900000,
        "costOfRevenue": 498300000,
        "grossProfit": 259600000,
        "grossProfitRatio": 0.3425253991,
        "researchAndDevelopmentExpenses": 28900000,
        "generalAndAdministrativeExpenses": 1500000,
        "sellingAndMarketingExpenses": 168100000,
        "sellingGeneralAndAdministrativeExpenses": 169600000,
        "otherExpenses": -1400000,
        "operatingExpenses": 205700000,
        "costAndExpenses": 704000000,
        "interestIncome": 0,
        "interestExpense": 4600000,
        "depreciationAndAmortization": 36100000,
        "ebitda": 88600000,
        "ebitdaratio": 0.116901966,
        "operatingIncome": 51400000,
        "operatingIncomeRatio": 0.0678189735,
        "totalOtherIncomeExpensesNet": -6000000,
        "incomeBeforeTax": 45400000,
        "incomeBeforeTaxRatio": 0.0599023618,
        "incomeTaxExpense": 27900000,
        "netIncome": 17500000,
        "netIncomeRatio": 0.0230901174,
        "eps": 0.18,
        "epsdiluted": 0.17,
        "weightedAverageShsOut": 95000000,
        "weightedAverageShsOutDil": 101800000,
        "link": null,
        "finalLink": null
    },
    {
        "date": "2016-09-30",
        "symbol": "CVG",
        "reportedCurrency": "USD",
        "cik": "0000000000",
        "fillingDate": "2016-09-30",
        "acceptedDate": "2016-09-29 20:00:00",
        "calendarYear": "2016",
        "period": "Q3",
        "revenue": 741200000,
        "costOfRevenue": 480500000,
        "grossProfit": 260700000,
        "grossProfitRatio": 0.3517269293,
        "researchAndDevelopmentExpenses": 30300000,
        "generalAndAdministrativeExpenses": 2700000,
        "sellingAndMarketingExpenses": 168300000,
        "sellingGeneralAndAdministrativeExpenses": 171000000,
        "otherExpenses": 0,
        "operatingExpenses": 208400000,
        "costAndExpenses": 688900000,
        "interestIncome": 0,
        "interestExpense": 4600000,
        "depreciationAndAmortization": 37300000,
        "ebitda": 86700000,
        "ebitdaratio": 0.1169724771,
        "operatingIncome": 49400000,
        "operatingIncomeRatio": 0.0666486778,
        "totalOtherIncomeExpensesNet": -4600000,
        "incomeBeforeTax": 44800000,
        "incomeBeforeTaxRatio": 0.0604425256,
        "incomeTaxExpense": 7100000,
        "netIncome": 47700000,
        "netIncomeRatio": 0.0643550998,
        "eps": 0.5,
        "epsdiluted": 0.46,
        "weightedAverageShsOut": 95600000,
        "weightedAverageShsOutDil": 103100000,
        "link": null,
        "finalLink": null
    },
    {
        "date": "2016-06-30",
        "symbol": "CVG",
        "reportedCurrency": "USD",
        "cik": "0000000000",
        "fillingDate": "2016-06-30",
        "acceptedDate": "2016-06-29 20:00:00",
        "calendarYear": "2016",
        "period": "Q2",
        "revenue": 692300000,
        "costOfRevenue": 435900000,
        "grossProfit": 256400000,
        "grossProfitRatio": 0.3703596707,
        "researchAndDevelopmentExpenses": 31200000,
        "generalAndAdministrativeExpenses": 2300000,
        "sellingAndMarketingExpenses": 167700000,
        "sellingGeneralAndAdministrativeExpenses": 170000000,
        "otherExpenses": 500000,
        "operatingExpenses": 208100000,
        "costAndExpenses": 644000000,
        "interestIncome": 0,
        "interestExpense": 4500000,
        "depreciationAndAmortization": 38200000,
        "ebitda": 83700000,
        "ebitdaratio": 0.1209013433,
        "operatingIncome": 45000000,
        "operatingIncomeRatio": 0.0650007222,
        "totalOtherIncomeExpensesNet": -4000000,
        "incomeBeforeTax": 41000000,
        "incomeBeforeTaxRatio": 0.0592228803,
        "incomeTaxExpense": 7800000,
        "netIncome": 33200000,
        "netIncomeRatio": 0.0479560884,
        "eps": 0.35,
        "epsdiluted": 0.32,
        "weightedAverageShsOut": 96200000,
        "weightedAverageShsOutDil": 102700000,
        "link": null,
        "finalLink": null
    },
    {
        "date": "2016-03-31",
        "symbol": "CVG",
        "reportedCurrency": "USD",
        "cik": "0000000000",
        "fillingDate": "2016-03-31",
        "acceptedDate": "2016-03-30 20:00:00",
        "calendarYear": "2016",
        "period": "Q1",
        "revenue": 722200000,
        "costOfRevenue": 451200000,
        "grossProfit": 271000000,
        "grossProfitRatio": 0.3752423151,
        "researchAndDevelopmentExpenses": 0,
        "generalAndAdministrativeExpenses": 0,
        "sellingAndMarketingExpenses": 0,
        "sellingGeneralAndAdministrativeExpenses": 171800000,
        "otherExpenses": 100000,
        "operatingExpenses": 210500000,
        "costAndExpenses": 661700000,
        "interestIncome": 0,
        "interestExpense": 4500000,
        "depreciationAndAmortization": 38700000,
        "ebitda": 97800000,
        "ebitdaratio": 0.1354195514,
        "operatingIncome": 59000000,
        "operatingIncomeRatio": 0.0816948214,
        "totalOtherIncomeExpensesNet": -4400000,
        "incomeBeforeTax": 54600000,
        "incomeBeforeTaxRatio": 0.0756023262,
        "incomeTaxExpense": 10100000,
        "netIncome": 44500000,
        "netIncomeRatio": 0.0616172805,
        "eps": 0.46,
        "epsdiluted": 0.43,
        "weightedAverageShsOut": 96500000,
        "weightedAverageShsOutDil": 103800000,
        "link": null,
        "finalLink": null
    },
    {
        "date": "2015-12-31",
        "symbol": "CVG",
        "reportedCurrency": "USD",
        "cik": "0000000000",
        "fillingDate": "2015-12-31",
        "acceptedDate": "2015-12-30 19:00:00",
        "calendarYear": "2015",
        "period": "Q4",
        "revenue": 751800000,
        "costOfRevenue": 470900000,
        "grossProfit": 280900000,
        "grossProfitRatio": 0.3736366055,
        "researchAndDevelopmentExpenses": 1800000,
        "generalAndAdministrativeExpenses": 3500000,
        "sellingAndMarketingExpenses": 167600000,
        "sellingGeneralAndAdministrativeExpenses": 171100000,
        "otherExpenses": 500000,
        "operatingExpenses": 212600000,
        "costAndExpenses": 683500000,
        "interestIncome": 0,
        "interestExpense": 4300000,
        "depreciationAndAmortization": 39700000,
        "ebitda": 101300000,
        "ebitdaratio": 0.1347432828,
        "operatingIncome": 61100000,
        "operatingIncomeRatio": 0.0812716148,
        "totalOtherIncomeExpensesNet": -3800000,
        "incomeBeforeTax": 57300000,
        "incomeBeforeTaxRatio": 0.076217079,
        "incomeTaxExpense": 14700000,
        "netIncome": 42600000,
        "netIncomeRatio": 0.0566640064,
        "eps": 0.44,
        "epsdiluted": 0.41,
        "weightedAverageShsOut": 97100000,
        "weightedAverageShsOutDil": 103900000,
        "link": null,
        "finalLink": null
    },
    {
        "date": "2015-09-30",
        "symbol": "CVG",
        "reportedCurrency": "USD",
        "cik": "0000000000",
        "fillingDate": "2015-09-30",
        "acceptedDate": "2015-09-29 20:00:00",
        "calendarYear": "2015",
        "period": "Q3",
        "revenue": 741600000,
        "costOfRevenue": 471100000,
        "grossProfit": 270500000,
        "grossProfitRatio": 0.3647518878,
        "researchAndDevelopmentExpenses": 1800000,
        "generalAndAdministrativeExpenses": 3100000,
        "sellingAndMarketingExpenses": 172800000,
        "sellingGeneralAndAdministrativeExpenses": 175900000,
        "otherExpenses": -2600000,
        "operatingExpenses": 219500000,
        "costAndExpenses": 690600000,
        "interestIncome": 0,
        "interestExpense": 4600000,
        "depreciationAndAmortization": 41800000,
        "ebitda": 90200000,
        "ebitdaratio": 0.1216289105,
        "operatingIncome": 47800000,
        "operatingIncomeRatio": 0.0644552319,
        "totalOtherIncomeExpensesNet": -7200000,
        "incomeBeforeTax": 40600000,
        "incomeBeforeTaxRatio": 0.0547464941,
        "incomeTaxExpense": -17000000,
        "netIncome": 58100000,
        "netIncomeRatio": 0.0783441208,
        "eps": 0.59,
        "epsdiluted": 0.56,
        "weightedAverageShsOut": 97900000,
        "weightedAverageShsOutDil": 104100000,
        "link": null,
        "finalLink": null
    },
    {
        "date": "2015-06-30",
        "symbol": "CVG",
        "reportedCurrency": "USD",
        "cik": "0000000000",
        "fillingDate": "2015-06-30",
        "acceptedDate": "2015-06-29 20:00:00",
        "calendarYear": "2015",
        "period": "Q2",
        "revenue": 716700000,
        "costOfRevenue": 463100000,
        "grossProfit": 253600000,
        "grossProfitRatio": 0.3538440073,
        "researchAndDevelopmentExpenses": 1800000,
        "generalAndAdministrativeExpenses": 2200000,
        "sellingAndMarketingExpenses": 165400000,
        "sellingGeneralAndAdministrativeExpenses": 167600000,
        "otherExpenses": 0,
        "operatingExpenses": 212700000,
        "costAndExpenses": 675800000,
        "interestIncome": 0,
        "interestExpense": 4700000,
        "depreciationAndAmortization": 43300000,
        "ebitda": 79600000,
        "ebitdaratio": 0.1110646016,
        "operatingIncome": 36300000,
        "operatingIncomeRatio": 0.050648807,
        "totalOtherIncomeExpensesNet": -4700000,
        "incomeBeforeTax": 31600000,
        "incomeBeforeTaxRatio": 0.0440909725,
        "incomeTaxExpense": 2600000,
        "netIncome": 29000000,
        "netIncomeRatio": 0.0404632343,
        "eps": 0.29,
        "epsdiluted": 0.28,
        "weightedAverageShsOut": 98400000,
        "weightedAverageShsOutDil": 105000000,
        "link": null,
        "finalLink": null
    },
    {
        "date": "2015-03-31",
        "symbol": "CVG",
        "reportedCurrency": "USD",
        "cik": "0000000000",
        "fillingDate": "2015-03-31",
        "acceptedDate": "2015-03-30 20:00:00",
        "calendarYear": "2015",
        "period": "Q1",
        "revenue": 740500000,
        "costOfRevenue": 472400000,
        "grossProfit": 268100000,
        "grossProfitRatio": 0.3620526671,
        "researchAndDevelopmentExpenses": 1800000,
        "generalAndAdministrativeExpenses": 2500000,
        "sellingAndMarketingExpenses": 167500000,
        "sellingGeneralAndAdministrativeExpenses": 170000000,
        "otherExpenses": 2800000,
        "operatingExpenses": 215400000,
        "costAndExpenses": 687800000,
        "interestIncome": 0,
        "interestExpense": 4600000,
        "depreciationAndAmortization": 43600000,
        "ebitda": 95600000,
        "ebitdaratio": 0.1291019581,
        "operatingIncome": 49200000,
        "operatingIncomeRatio": 0.0664415935,
        "totalOtherIncomeExpensesNet": -1800000,
        "incomeBeforeTax": 47400000,
        "incomeBeforeTaxRatio": 0.0640108035,
        "incomeTaxExpense": 8100000,
        "netIncome": 39400000,
        "netIncomeRatio": 0.0532072924,
        "eps": 0.4,
        "epsdiluted": 0.37,
        "weightedAverageShsOut": 99000000,
        "weightedAverageShsOutDil": 105000000,
        "link": null,
        "finalLink": null
    },
    {
        "date": "2014-12-31",
        "symbol": "CVG",
        "reportedCurrency": "USD",
        "cik": "0000000000",
        "fillingDate": "2014-12-31",
        "acceptedDate": "2014-12-30 19:00:00",
        "calendarYear": "2014",
        "period": "Q4",
        "revenue": 763900000,
        "costOfRevenue": 487100000,
        "grossProfit": 276800000,
        "grossProfitRatio": 0.3623510931,
        "researchAndDevelopmentExpenses": 2000000,
        "generalAndAdministrativeExpenses": 2200000,
        "sellingAndMarketingExpenses": 175200000,
        "sellingGeneralAndAdministrativeExpenses": 177400000,
        "otherExpenses": -600000,
        "operatingExpenses": 224700000,
        "costAndExpenses": 711800000,
        "interestIncome": 0,
        "interestExpense": 3700000,
        "depreciationAndAmortization": 45300000,
        "ebitda": 94600000,
        "ebitdaratio": 0.1238381987,
        "operatingIncome": 49900000,
        "operatingIncomeRatio": 0.0653226862,
        "totalOtherIncomeExpensesNet": -4300000,
        "incomeBeforeTax": 45600000,
        "incomeBeforeTaxRatio": 0.0596936772,
        "incomeTaxExpense": -2400000,
        "netIncome": 48400000,
        "netIncomeRatio": 0.0633590784,
        "eps": 0.48,
        "epsdiluted": 0.46,
        "weightedAverageShsOut": 99800000,
        "weightedAverageShsOutDil": 105300000,
        "link": null,
        "finalLink": null
    },
    {
        "date": "2014-09-30",
        "symbol": "CVG",
        "reportedCurrency": "USD",
        "cik": "0000000000",
        "fillingDate": "2014-09-30",
        "acceptedDate": "2014-09-29 20:00:00",
        "calendarYear": "2014",
        "period": "Q3",
        "revenue": 749500000,
        "costOfRevenue": 476100000,
        "grossProfit": 273400000,
        "grossProfitRatio": 0.3647765177,
        "researchAndDevelopmentExpenses": 1900000,
        "generalAndAdministrativeExpenses": 5400000,
        "sellingAndMarketingExpenses": 172100000,
        "sellingGeneralAndAdministrativeExpenses": 177500000,
        "otherExpenses": 300000,
        "operatingExpenses": 225500000,
        "costAndExpenses": 701600000,
        "interestIncome": 0,
        "interestExpense": 5900000,
        "depreciationAndAmortization": 46100000,
        "ebitda": 88400000,
        "ebitdaratio": 0.1179452969,
        "operatingIncome": 42000000,
        "operatingIncomeRatio": 0.0560373582,
        "totalOtherIncomeExpensesNet": -5600000,
        "incomeBeforeTax": 36400000,
        "incomeBeforeTaxRatio": 0.0485657105,
        "incomeTaxExpense": 6400000,
        "netIncome": 32800000,
        "netIncomeRatio": 0.0437625083,
        "eps": 0.33,
        "epsdiluted": 0.31,
        "weightedAverageShsOut": 100700000,
        "weightedAverageShsOutDil": 105200000,
        "link": null,
        "finalLink": null
    },
    {
        "date": "2014-06-30",
        "symbol": "CVG",
        "reportedCurrency": "USD",
        "cik": "0000000000",
        "fillingDate": "2014-06-30",
        "acceptedDate": "2014-06-29 20:00:00",
        "calendarYear": "2014",
        "period": "Q2",
        "revenue": 736400000,
        "costOfRevenue": 471200000,
        "grossProfit": 265200000,
        "grossProfitRatio": 0.3601303639,
        "researchAndDevelopmentExpenses": 1900000,
        "generalAndAdministrativeExpenses": 5000000,
        "sellingAndMarketingExpenses": 171600000,
        "sellingGeneralAndAdministrativeExpenses": 176600000,
        "otherExpenses": 100000,
        "operatingExpenses": 224900000,
        "costAndExpenses": 696100000,
        "interestIncome": 0,
        "interestExpense": 5700000,
        "depreciationAndAmortization": 46400000,
        "ebitda": 83400000,
        "ebitdaratio": 0.1132536665,
        "operatingIncome": 36900000,
        "operatingIncomeRatio": 0.0501086366,
        "totalOtherIncomeExpensesNet": -5600000,
        "incomeBeforeTax": 31300000,
        "incomeBeforeTaxRatio": 0.0425040739,
        "incomeTaxExpense": 6400000,
        "netIncome": 24700000,
        "netIncomeRatio": 0.0335415535,
        "eps": 0.25,
        "epsdiluted": 0.23,
        "weightedAverageShsOut": 101300000,
        "weightedAverageShsOutDil": 107000000,
        "link": null,
        "finalLink": null
    },
    {
        "date": "2014-03-31",
        "symbol": "CVG",
        "reportedCurrency": "USD",
        "cik": "0000000000",
        "fillingDate": "2014-03-31",
        "acceptedDate": "2014-03-30 20:00:00",
        "calendarYear": "2014",
        "period": "Q1",
        "revenue": 605700000,
        "costOfRevenue": 380100000,
        "grossProfit": 225600000,
        "grossProfitRatio": 0.3724616147,
        "researchAndDevelopmentExpenses": 1900000,
        "generalAndAdministrativeExpenses": 25100000,
        "sellingAndMarketingExpenses": 119900000,
        "sellingGeneralAndAdministrativeExpenses": 145000000,
        "otherExpenses": -1900000,
        "operatingExpenses": 176800000,
        "costAndExpenses": 556900000,
        "interestIncome": 0,
        "interestExpense": 4000000,
        "depreciationAndAmortization": 29900000,
        "ebitda": 50000000,
        "ebitdaratio": 0.0825491167,
        "operatingIncome": 22000000,
        "operatingIncomeRatio": 0.0363216114,
        "totalOtherIncomeExpensesNet": -5900000,
        "incomeBeforeTax": 16100000,
        "incomeBeforeTaxRatio": 0.0265808156,
        "incomeTaxExpense": 2400000,
        "netIncome": 14200000,
        "netIncomeRatio": 0.0234439491,
        "eps": 0.14,
        "epsdiluted": 0.13,
        "weightedAverageShsOut": 101100000,
        "weightedAverageShsOutDil": 107300000,
        "link": null,
        "finalLink": null
    },
    {
        "date": "2013-12-31",
        "symbol": "CVG",
        "reportedCurrency": "USD",
        "cik": "0000000000",
        "fillingDate": "2013-12-31",
        "acceptedDate": "2013-12-30 19:00:00",
        "calendarYear": "2013",
        "period": "Q4",
        "revenue": 527300000,
        "costOfRevenue": 348600000,
        "grossProfit": 178700000,
        "grossProfitRatio": 0.338896264,
        "researchAndDevelopmentExpenses": 1900000,
        "generalAndAdministrativeExpenses": 0,
        "sellingAndMarketingExpenses": 0,
        "sellingGeneralAndAdministrativeExpenses": 114800000,
        "otherExpenses": 300000,
        "operatingExpenses": 139200000,
        "costAndExpenses": 487800000,
        "interestIncome": 0,
        "interestExpense": 2800000,
        "depreciationAndAmortization": 22500000,
        "ebitda": 62300000,
        "ebitdaratio": 0.1181490613,
        "operatingIncome": 39500000,
        "operatingIncomeRatio": 0.0749099185,
        "totalOtherIncomeExpensesNet": -2500000,
        "incomeBeforeTax": 37000000,
        "incomeBeforeTaxRatio": 0.0701687844,
        "incomeTaxExpense": 12500000,
        "netIncome": 24900000,
        "netIncomeRatio": 0.0472216954,
        "eps": 0.25,
        "epsdiluted": 0.23,
        "weightedAverageShsOut": 100800000,
        "weightedAverageShsOutDil": 106800000,
        "link": null,
        "finalLink": null
    },
    {
        "date": "2013-09-30",
        "symbol": "CVG",
        "reportedCurrency": "USD",
        "cik": "0000000000",
        "fillingDate": "2013-09-30",
        "acceptedDate": "2013-09-29 20:00:00",
        "calendarYear": "2013",
        "period": "Q3",
        "revenue": 521000000,
        "costOfRevenue": 341000000,
        "grossProfit": 180000000,
        "grossProfitRatio": 0.3454894434,
        "researchAndDevelopmentExpenses": 2000000,
        "generalAndAdministrativeExpenses": 0,
        "sellingAndMarketingExpenses": 0,
        "sellingGeneralAndAdministrativeExpenses": 118400000,
        "otherExpenses": 2500000,
        "operatingExpenses": 144000000,
        "costAndExpenses": 485000000,
        "interestIncome": 0,
        "interestExpense": 2900000,
        "depreciationAndAmortization": 23600000,
        "ebitda": 57400000,
        "ebitdaratio": 0.1101727447,
        "operatingIncome": 31300000,
        "operatingIncomeRatio": 0.0600767754,
        "totalOtherIncomeExpensesNet": -400000,
        "incomeBeforeTax": 30900000,
        "incomeBeforeTaxRatio": 0.0593090211,
        "incomeTaxExpense": 2700000,
        "netIncome": 33900000,
        "netIncomeRatio": 0.0650671785,
        "eps": 0.33,
        "epsdiluted": 0.31,
        "weightedAverageShsOut": 103000000,
        "weightedAverageShsOutDil": 107900000,
        "link": null,
        "finalLink": null
    },
    {
        "date": "2013-06-30",
        "symbol": "CVG",
        "reportedCurrency": "USD",
        "cik": "0000000000",
        "fillingDate": "2013-06-30",
        "acceptedDate": "2013-06-29 20:00:00",
        "calendarYear": "2013",
        "period": "Q2",
        "revenue": 504300000,
        "costOfRevenue": 327300000,
        "grossProfit": 177000000,
        "grossProfitRatio": 0.3509815586,
        "researchAndDevelopmentExpenses": 2200000,
        "generalAndAdministrativeExpenses": 0,
        "sellingAndMarketingExpenses": 0,
        "sellingGeneralAndAdministrativeExpenses": 119900000,
        "otherExpenses": 0,
        "operatingExpenses": 144700000,
        "costAndExpenses": 472000000,
        "interestIncome": 0,
        "interestExpense": 2900000,
        "depreciationAndAmortization": 22600000,
        "ebitda": 52700000,
        "ebitdaratio": 0.1045012889,
        "operatingIncome": 30100000,
        "operatingIncomeRatio": 0.0596866944,
        "totalOtherIncomeExpensesNet": -2900000,
        "incomeBeforeTax": 27200000,
        "incomeBeforeTaxRatio": 0.0539361491,
        "incomeTaxExpense": 5200000,
        "netIncome": 23400000,
        "netIncomeRatio": 0.0464009518,
        "eps": 0.23,
        "epsdiluted": 0.22,
        "weightedAverageShsOut": 103800000,
        "weightedAverageShsOutDil": 108100000,
        "link": null,
        "finalLink": null
    },
    {
        "date": "2013-03-31",
        "symbol": "CVG",
        "reportedCurrency": "USD",
        "cik": "0000000000",
        "fillingDate": "2013-03-31",
        "acceptedDate": "2013-03-30 20:00:00",
        "calendarYear": "2013",
        "period": "Q1",
        "revenue": 493500000,
        "costOfRevenue": 318200000,
        "grossProfit": 175300000,
        "grossProfitRatio": 0.3552178318,
        "researchAndDevelopmentExpenses": 2100000,
        "generalAndAdministrativeExpenses": 0,
        "sellingAndMarketingExpenses": 0,
        "sellingGeneralAndAdministrativeExpenses": 114600000,
        "otherExpenses": 2300000,
        "operatingExpenses": 138800000,
        "costAndExpenses": 457000000,
        "interestIncome": 0,
        "interestExpense": 2900000,
        "depreciationAndAmortization": 22100000,
        "ebitda": 60900000,
        "ebitdaratio": 0.1234042553,
        "operatingIncome": 36500000,
        "operatingIncomeRatio": 0.0739614995,
        "totalOtherIncomeExpensesNet": -600000,
        "incomeBeforeTax": 35900000,
        "incomeBeforeTaxRatio": 0.072745694,
        "incomeTaxExpense": 5700000,
        "netIncome": 25100000,
        "netIncomeRatio": 0.0508611955,
        "eps": 0.24,
        "epsdiluted": 0.23,
        "weightedAverageShsOut": 105700000,
        "weightedAverageShsOutDil": 110300000,
        "link": null,
        "finalLink": null
    },
    {
        "date": "2012-12-31",
        "symbol": "CVG",
        "reportedCurrency": "USD",
        "cik": "0000000000",
        "fillingDate": "2012-12-31",
        "acceptedDate": "2012-12-31 00:00:00",
        "calendarYear": "2012",
        "period": "Q4",
        "revenue": 0,
        "costOfRevenue": 0,
        "grossProfit": 0,
        "grossProfitRatio": 0,
        "researchAndDevelopmentExpenses": 0,
        "generalAndAdministrativeExpenses": 0,
        "sellingAndMarketingExpenses": 0,
        "sellingGeneralAndAdministrativeExpenses": 0,
        "otherExpenses": 1400000,
        "operatingExpenses": 1400000,
        "costAndExpenses": 1400000,
        "interestIncome": 0,
        "interestExpense": 0,
        "depreciationAndAmortization": 0,
        "ebitda": -1400000,
        "ebitdaratio": 0,
        "operatingIncome": -1400000,
        "operatingIncomeRatio": 0,
        "totalOtherIncomeExpensesNet": 0,
        "incomeBeforeTax": 0,
        "incomeBeforeTaxRatio": 0,
        "incomeTaxExpense": 0,
        "netIncome": 0,
        "netIncomeRatio": 0,
        "eps": 0,
        "epsdiluted": 0,
        "weightedAverageShsOut": 111700000,
        "weightedAverageShsOutDil": 116300000,
        "link": null,
        "finalLink": null
    },
    {
        "date": "2012-09-30",
        "symbol": "CVG",
        "reportedCurrency": "USD",
        "cik": "0000000000",
        "fillingDate": "2012-09-30",
        "acceptedDate": "2012-09-29 20:00:00",
        "calendarYear": "2012",
        "period": "Q3",
        "revenue": 507600000,
        "costOfRevenue": 325700000,
        "grossProfit": 181900000,
        "grossProfitRatio": 0.3583530339,
        "researchAndDevelopmentExpenses": 2300000,
        "generalAndAdministrativeExpenses": 0,
        "sellingAndMarketingExpenses": 0,
        "sellingGeneralAndAdministrativeExpenses": 118000000,
        "otherExpenses": 21100000,
        "operatingExpenses": 141400000,
        "costAndExpenses": 467100000,
        "interestIncome": 0,
        "interestExpense": 2800000,
        "depreciationAndAmortization": 21100000,
        "ebitda": 58600000,
        "ebitdaratio": 0.1154452325,
        "operatingIncome": 39100000,
        "operatingIncomeRatio": 0.0770291568,
        "totalOtherIncomeExpensesNet": -2000000,
        "incomeBeforeTax": 37100000,
        "incomeBeforeTaxRatio": 0.0730890465,
        "incomeTaxExpense": 6800000,
        "netIncome": 27900000,
        "netIncomeRatio": 0.054964539,
        "eps": 0.25,
        "epsdiluted": 0.24,
        "weightedAverageShsOut": 111200000,
        "weightedAverageShsOutDil": 115500000,
        "link": "",
        "finalLink": ""
    },
    {
        "date": "2012-06-30",
        "symbol": "CVG",
        "reportedCurrency": "USD",
        "cik": "0000000000",
        "fillingDate": "2012-06-30",
        "acceptedDate": "2012-06-29 20:00:00",
        "calendarYear": "2012",
        "period": "Q2",
        "revenue": 491100000,
        "costOfRevenue": 316500000,
        "grossProfit": 174600000,
        "grossProfitRatio": 0.3555284056,
        "researchAndDevelopmentExpenses": 2500000,
        "generalAndAdministrativeExpenses": 0,
        "sellingAndMarketingExpenses": 0,
        "sellingGeneralAndAdministrativeExpenses": 114100000,
        "otherExpenses": 22300000,
        "operatingExpenses": 138900000,
        "costAndExpenses": 455400000,
        "interestIncome": 0,
        "interestExpense": 4400000,
        "depreciationAndAmortization": 22300000,
        "ebitda": 30800000,
        "ebitdaratio": 0.062716351,
        "operatingIncome": -60500000,
        "operatingIncomeRatio": -0.1231928324,
        "totalOtherIncomeExpensesNet": -3700000,
        "incomeBeforeTax": -64200000,
        "incomeBeforeTaxRatio": -0.1307269395,
        "incomeTaxExpense": -10500000,
        "netIncome": 14600000,
        "netIncomeRatio": 0.0297291794,
        "eps": 0.13,
        "epsdiluted": 0.13,
        "weightedAverageShsOut": 115400000,
        "weightedAverageShsOutDil": 115400000,
        "link": "",
        "finalLink": ""
    },
    {
        "date": "2012-03-31",
        "symbol": "CVG",
        "reportedCurrency": "USD",
        "cik": "0000000000",
        "fillingDate": "2012-03-31",
        "acceptedDate": "2012-03-30 20:00:00",
        "calendarYear": "2012",
        "period": "Q1",
        "revenue": 497500000,
        "costOfRevenue": 317700000,
        "grossProfit": 179800000,
        "grossProfitRatio": 0.3614070352,
        "researchAndDevelopmentExpenses": 3900000,
        "generalAndAdministrativeExpenses": 0,
        "sellingAndMarketingExpenses": 0,
        "sellingGeneralAndAdministrativeExpenses": 124700000,
        "otherExpenses": 22200000,
        "operatingExpenses": 150800000,
        "costAndExpenses": 468500000,
        "interestIncome": 0,
        "interestExpense": 3600000,
        "depreciationAndAmortization": 22200000,
        "ebitda": 57300000,
        "ebitdaratio": 0.1151758794,
        "operatingIncome": 29000000,
        "operatingIncomeRatio": 0.0582914573,
        "totalOtherIncomeExpensesNet": -2200000,
        "incomeBeforeTax": 26800000,
        "incomeBeforeTaxRatio": 0.0538693467,
        "incomeTaxExpense": 5400000,
        "netIncome": 26100000,
        "netIncomeRatio": 0.0524623116,
        "eps": 0.23,
        "epsdiluted": 0.22,
        "weightedAverageShsOut": 115900000,
        "weightedAverageShsOutDil": 118900000,
        "link": "",
        "finalLink": ""
    },
    {
        "date": "2011-12-31",
        "symbol": "CVG",
        "reportedCurrency": "USD",
        "cik": "0000000000",
        "fillingDate": "2011-12-31",
        "acceptedDate": "2011-12-30 19:00:00",
        "calendarYear": "2011",
        "period": "Q4",
        "revenue": 588900000,
        "costOfRevenue": 370700000,
        "grossProfit": 218200000,
        "grossProfitRatio": 0.3705213109,
        "researchAndDevelopmentExpenses": 11200000,
        "generalAndAdministrativeExpenses": 0,
        "sellingAndMarketingExpenses": 0,
        "sellingGeneralAndAdministrativeExpenses": 131900000,
        "otherExpenses": 25400000,
        "operatingExpenses": 168500000,
        "costAndExpenses": 539200000,
        "interestIncome": 0,
        "interestExpense": 3600000,
        "depreciationAndAmortization": 25400000,
        "ebitda": 82400000,
        "ebitdaratio": 0.1399218883,
        "operatingIncome": 49700000,
        "operatingIncomeRatio": 0.0843946341,
        "totalOtherIncomeExpensesNet": -2800000,
        "incomeBeforeTax": 46900000,
        "incomeBeforeTaxRatio": 0.0796400068,
        "incomeTaxExpense": -1100000,
        "netIncome": 54500000,
        "netIncomeRatio": 0.0925454237,
        "eps": 0.47,
        "epsdiluted": 0.46,
        "weightedAverageShsOut": 115900000,
        "weightedAverageShsOutDil": 118900000,
        "link": "",
        "finalLink": ""
    },
    {
        "date": "2011-09-30",
        "symbol": "CVG",
        "reportedCurrency": "USD",
        "cik": "0000000000",
        "fillingDate": "2011-09-30",
        "acceptedDate": "2011-09-29 20:00:00",
        "calendarYear": "2011",
        "period": "Q3",
        "revenue": 576900000,
        "costOfRevenue": 364700000,
        "grossProfit": 212200000,
        "grossProfitRatio": 0.3678280465,
        "researchAndDevelopmentExpenses": 11600000,
        "generalAndAdministrativeExpenses": 0,
        "sellingAndMarketingExpenses": 0,
        "sellingGeneralAndAdministrativeExpenses": 133100000,
        "otherExpenses": 24000000,
        "operatingExpenses": 168700000,
        "costAndExpenses": 533400000,
        "interestIncome": 0,
        "interestExpense": 3600000,
        "depreciationAndAmortization": 24000000,
        "ebitda": 333700000,
        "ebitdaratio": 0.5784364708,
        "operatingIncome": 43500000,
        "operatingIncomeRatio": 0.0754030161,
        "totalOtherIncomeExpensesNet": 262600000,
        "incomeBeforeTax": 306100000,
        "incomeBeforeTaxRatio": 0.5305945571,
        "incomeTaxExpense": 92400000,
        "netIncome": 213700000,
        "netIncomeRatio": 0.3704281505,
        "eps": 1.78,
        "epsdiluted": 1.75,
        "weightedAverageShsOut": 120100000,
        "weightedAverageShsOutDil": 121800000,
        "link": "",
        "finalLink": ""
    },
    {
        "date": "2011-06-30",
        "symbol": "CVG",
        "reportedCurrency": "USD",
        "cik": "0000000000",
        "fillingDate": "2011-06-30",
        "acceptedDate": "2011-06-29 20:00:00",
        "calendarYear": "2011",
        "period": "Q2",
        "revenue": 551600000,
        "costOfRevenue": 346400000,
        "grossProfit": 205200000,
        "grossProfitRatio": 0.372008702,
        "researchAndDevelopmentExpenses": 13000000,
        "generalAndAdministrativeExpenses": 0,
        "sellingAndMarketingExpenses": 0,
        "sellingGeneralAndAdministrativeExpenses": 130600000,
        "otherExpenses": 23500000,
        "operatingExpenses": 167100000,
        "costAndExpenses": 513500000,
        "interestIncome": 0,
        "interestExpense": 4300000,
        "depreciationAndAmortization": 23500000,
        "ebitda": 71800000,
        "ebitdaratio": 0.1301667875,
        "operatingIncome": 38100000,
        "operatingIncomeRatio": 0.0690717912,
        "totalOtherIncomeExpensesNet": 5900000,
        "incomeBeforeTax": 44000000,
        "incomeBeforeTaxRatio": 0.0797679478,
        "incomeTaxExpense": 12300000,
        "netIncome": 31700000,
        "netIncomeRatio": 0.0574691806,
        "eps": 0.26,
        "epsdiluted": 0.26,
        "weightedAverageShsOut": 120700000,
        "weightedAverageShsOutDil": 124100000,
        "link": "",
        "finalLink": ""
    },
    {
        "date": "2011-03-31",
        "symbol": "CVG",
        "reportedCurrency": "USD",
        "cik": "0000000000",
        "fillingDate": "2011-03-31",
        "acceptedDate": "2011-03-30 20:00:00",
        "calendarYear": "2011",
        "period": "Q1",
        "revenue": 544600000,
        "costOfRevenue": 338700000,
        "grossProfit": 205900000,
        "grossProfitRatio": 0.3780756519,
        "researchAndDevelopmentExpenses": 13500000,
        "generalAndAdministrativeExpenses": 0,
        "sellingAndMarketingExpenses": 0,
        "sellingGeneralAndAdministrativeExpenses": 131800000,
        "otherExpenses": 23600000,
        "operatingExpenses": 168900000,
        "costAndExpenses": 507600000,
        "interestIncome": 0,
        "interestExpense": 4600000,
        "depreciationAndAmortization": 23600000,
        "ebitda": 78400000,
        "ebitdaratio": 0.1439588689,
        "operatingIncome": 37000000,
        "operatingIncomeRatio": 0.0679397723,
        "totalOtherIncomeExpensesNet": 13200000,
        "incomeBeforeTax": 50200000,
        "incomeBeforeTaxRatio": 0.0921777451,
        "incomeTaxExpense": 15300000,
        "netIncome": 34900000,
        "netIncomeRatio": 0.0640837312,
        "eps": 0.29,
        "epsdiluted": 0.28,
        "weightedAverageShsOut": 122100000,
        "weightedAverageShsOutDil": 126000000,
        "link": "",
        "finalLink": ""
    },
    {
        "date": "2010-12-31",
        "symbol": "CVG",
        "reportedCurrency": "USD",
        "cik": "0000000000",
        "fillingDate": "2010-12-31",
        "acceptedDate": "2010-12-30 19:00:00",
        "calendarYear": "2010",
        "period": "Q4",
        "revenue": 573200000,
        "costOfRevenue": 358400000,
        "grossProfit": 214800000,
        "grossProfitRatio": 0.3747383112,
        "researchAndDevelopmentExpenses": 13900000,
        "generalAndAdministrativeExpenses": 0,
        "sellingAndMarketingExpenses": 0,
        "sellingGeneralAndAdministrativeExpenses": 135500000,
        "otherExpenses": 24400000,
        "operatingExpenses": 173800000,
        "costAndExpenses": 532200000,
        "interestIncome": 0,
        "interestExpense": 4300000,
        "depreciationAndAmortization": 24400000,
        "ebitda": -121700000,
        "ebitdaratio": -0.2123168179,
        "operatingIncome": -159200000,
        "operatingIncomeRatio": -0.2777390091,
        "totalOtherIncomeExpensesNet": 7000000,
        "incomeBeforeTax": -152200000,
        "incomeBeforeTaxRatio": -0.2655268667,
        "incomeTaxExpense": -5700000,
        "netIncome": -144700000,
        "netIncomeRatio": -0.2524424285,
        "eps": -1.19,
        "epsdiluted": -1.15,
        "weightedAverageShsOut": 122100000,
        "weightedAverageShsOutDil": 126000000,
        "link": "",
        "finalLink": ""
    },
    {
        "date": "2010-09-30",
        "symbol": "CVG",
        "reportedCurrency": "USD",
        "cik": "0000000000",
        "fillingDate": "2010-09-30",
        "acceptedDate": "2010-09-29 20:00:00",
        "calendarYear": "2010",
        "period": "Q3",
        "revenue": 556000000,
        "costOfRevenue": 341100000,
        "grossProfit": 214900000,
        "grossProfitRatio": 0.3865107914,
        "researchAndDevelopmentExpenses": 13100000,
        "generalAndAdministrativeExpenses": 0,
        "sellingAndMarketingExpenses": 0,
        "sellingGeneralAndAdministrativeExpenses": 140600000,
        "otherExpenses": 26500000,
        "operatingExpenses": 180200000,
        "costAndExpenses": 521300000,
        "interestIncome": 0,
        "interestExpense": 4100000,
        "depreciationAndAmortization": 26500000,
        "ebitda": 68200000,
        "ebitdaratio": 0.1226618705,
        "operatingIncome": 34700000,
        "operatingIncomeRatio": 0.0624100719,
        "totalOtherIncomeExpensesNet": 9100000,
        "incomeBeforeTax": 43800000,
        "incomeBeforeTaxRatio": 0.0787769784,
        "incomeTaxExpense": 8800000,
        "netIncome": 28800000,
        "netIncomeRatio": 0.0517985612,
        "eps": 0.23,
        "epsdiluted": 0.23,
        "weightedAverageShsOut": 123200000,
        "weightedAverageShsOutDil": 125400000,
        "link": "",
        "finalLink": ""
    },
    {
        "date": "2010-06-30",
        "symbol": "CVG",
        "reportedCurrency": "USD",
        "cik": "0000000000",
        "fillingDate": "2010-06-30",
        "acceptedDate": "2010-06-29 20:00:00",
        "calendarYear": "2010",
        "period": "Q2",
        "revenue": 528200000,
        "costOfRevenue": 319400000,
        "grossProfit": 208800000,
        "grossProfitRatio": 0.3953048088,
        "researchAndDevelopmentExpenses": 14100000,
        "generalAndAdministrativeExpenses": 0,
        "sellingAndMarketingExpenses": 0,
        "sellingGeneralAndAdministrativeExpenses": 141000000,
        "otherExpenses": 28300000,
        "operatingExpenses": 183400000,
        "costAndExpenses": 502800000,
        "interestIncome": 0,
        "interestExpense": 5400000,
        "depreciationAndAmortization": 28300000,
        "ebitda": 62300000,
        "ebitdaratio": 0.1179477471,
        "operatingIncome": 7800000,
        "operatingIncomeRatio": 0.0147671337,
        "totalOtherIncomeExpensesNet": 4600000,
        "incomeBeforeTax": 12400000,
        "incomeBeforeTaxRatio": 0.0234759561,
        "incomeTaxExpense": 1200000,
        "netIncome": 27400000,
        "netIncomeRatio": 0.05187429,
        "eps": 0.22,
        "epsdiluted": 0.22,
        "weightedAverageShsOut": 123900000,
        "weightedAverageShsOutDil": 126000000,
        "link": "",
        "finalLink": ""
    },
    {
        "date": "2010-03-31",
        "symbol": "CVG",
        "reportedCurrency": "USD",
        "cik": "0000000000",
        "fillingDate": "2010-03-31",
        "acceptedDate": "2010-03-30 20:00:00",
        "calendarYear": "2010",
        "period": "Q1",
        "revenue": 546000000,
        "costOfRevenue": 322000000,
        "grossProfit": 224000000,
        "grossProfitRatio": 0.4102564103,
        "researchAndDevelopmentExpenses": 15100000,
        "generalAndAdministrativeExpenses": 0,
        "sellingAndMarketingExpenses": 0,
        "sellingGeneralAndAdministrativeExpenses": 158600000,
        "otherExpenses": 28200000,
        "operatingExpenses": 201900000,
        "costAndExpenses": 523900000,
        "interestIncome": 0,
        "interestExpense": 5700000,
        "depreciationAndAmortization": 28200000,
        "ebitda": 81600000,
        "ebitdaratio": 0.1494505495,
        "operatingIncome": 22100000,
        "operatingIncomeRatio": 0.0404761905,
        "totalOtherIncomeExpensesNet": 15900000,
        "incomeBeforeTax": 38000000,
        "incomeBeforeTaxRatio": 0.0695970696,
        "incomeTaxExpense": 12400000,
        "netIncome": 35300000,
        "netIncomeRatio": 0.0646520147,
        "eps": 0.29,
        "epsdiluted": 0.28,
        "weightedAverageShsOut": 123400000,
        "weightedAverageShsOutDil": 125900000,
        "link": "",
        "finalLink": ""
    },
    {
        "date": "2009-12-31",
        "symbol": "CVG",
        "reportedCurrency": "USD",
        "cik": "0000000000",
        "fillingDate": "2009-12-31",
        "acceptedDate": "2009-12-30 19:00:00",
        "calendarYear": "2009",
        "period": "Q4",
        "revenue": 684400000,
        "costOfRevenue": 418400000,
        "grossProfit": 266000000,
        "grossProfitRatio": 0.3886616014,
        "researchAndDevelopmentExpenses": 16000000,
        "generalAndAdministrativeExpenses": 0,
        "sellingAndMarketingExpenses": 0,
        "sellingGeneralAndAdministrativeExpenses": 170400000,
        "otherExpenses": 30600000,
        "operatingExpenses": 217000000,
        "costAndExpenses": 635400000,
        "interestIncome": 0,
        "interestExpense": 7800000,
        "depreciationAndAmortization": 30600000,
        "ebitda": 43200000,
        "ebitdaratio": 0.0631209819,
        "operatingIncome": 9800000,
        "operatingIncomeRatio": 0.0143191116,
        "totalOtherIncomeExpensesNet": -5000000,
        "incomeBeforeTax": 4800000,
        "incomeBeforeTaxRatio": 0.0070134424,
        "incomeTaxExpense": -36800000,
        "netIncome": 41600000,
        "netIncomeRatio": 0.0607831677,
        "eps": 0.34,
        "epsdiluted": 0.33,
        "weightedAverageShsOut": 123400000,
        "weightedAverageShsOutDil": 125900000,
        "link": "",
        "finalLink": ""
    },
    {
        "date": "2009-09-30",
        "symbol": "CVG",
        "reportedCurrency": "USD",
        "cik": "0000000000",
        "fillingDate": "2009-09-30",
        "acceptedDate": "2009-09-29 20:00:00",
        "calendarYear": "2009",
        "period": "Q3",
        "revenue": 765400000,
        "costOfRevenue": 558500000,
        "grossProfit": 206900000,
        "grossProfitRatio": 0.2703161745,
        "researchAndDevelopmentExpenses": 18700000,
        "generalAndAdministrativeExpenses": 0,
        "sellingAndMarketingExpenses": 0,
        "sellingGeneralAndAdministrativeExpenses": 156600000,
        "otherExpenses": 33000000,
        "operatingExpenses": 208300000,
        "costAndExpenses": 766800000,
        "interestIncome": 0,
        "interestExpense": 7400000,
        "depreciationAndAmortization": 33000000,
        "ebitda": -47700000,
        "ebitdaratio": -0.0623203554,
        "operatingIncome": -90300000,
        "operatingIncomeRatio": -0.1179775281,
        "totalOtherIncomeExpensesNet": 2200000,
        "incomeBeforeTax": -88100000,
        "incomeBeforeTaxRatio": -0.115103214,
        "incomeTaxExpense": -2100000,
        "netIncome": -86000000,
        "netIncomeRatio": -0.1123595506,
        "eps": -0.7,
        "epsdiluted": -0.7,
        "weightedAverageShsOut": 122900000,
        "weightedAverageShsOutDil": 122900000,
        "link": "",
        "finalLink": ""
    },
    {
        "date": "2009-06-30",
        "symbol": "CVG",
        "reportedCurrency": "USD",
        "cik": "0000000000",
        "fillingDate": "2009-06-30",
        "acceptedDate": "2009-06-29 20:00:00",
        "calendarYear": "2009",
        "period": "Q2",
        "revenue": 682700000,
        "costOfRevenue": 505900000,
        "grossProfit": 176800000,
        "grossProfitRatio": 0.2589717299,
        "researchAndDevelopmentExpenses": 20300000,
        "generalAndAdministrativeExpenses": 0,
        "sellingAndMarketingExpenses": 0,
        "sellingGeneralAndAdministrativeExpenses": 161600000,
        "otherExpenses": 33500000,
        "operatingExpenses": 215400000,
        "costAndExpenses": 721300000,
        "interestIncome": 0,
        "interestExpense": 6900000,
        "depreciationAndAmortization": 33500000,
        "ebitda": -31200000,
        "ebitdaratio": -0.0457008935,
        "operatingIncome": -71100000,
        "operatingIncomeRatio": -0.1041453054,
        "totalOtherIncomeExpensesNet": -500000,
        "incomeBeforeTax": -71600000,
        "incomeBeforeTaxRatio": -0.1048776915,
        "incomeTaxExpense": -10700000,
        "netIncome": -60900000,
        "netIncomeRatio": -0.0892046287,
        "eps": -0.5,
        "epsdiluted": -0.5,
        "weightedAverageShsOut": 122800000,
        "weightedAverageShsOutDil": 122800000,
        "link": "",
        "finalLink": ""
    },
    {
        "date": "2009-03-31",
        "symbol": "CVG",
        "reportedCurrency": "USD",
        "cik": "0000000000",
        "fillingDate": "2009-03-31",
        "acceptedDate": "2009-03-30 20:00:00",
        "calendarYear": "2009",
        "period": "Q1",
        "revenue": 694700000,
        "costOfRevenue": 443000000,
        "grossProfit": 251700000,
        "grossProfitRatio": 0.3623146682,
        "researchAndDevelopmentExpenses": 19200000,
        "generalAndAdministrativeExpenses": 0,
        "sellingAndMarketingExpenses": 0,
        "sellingGeneralAndAdministrativeExpenses": 160200000,
        "otherExpenses": 33500000,
        "operatingExpenses": 212900000,
        "costAndExpenses": 655900000,
        "interestIncome": 0,
        "interestExpense": 6800000,
        "depreciationAndAmortization": 33500000,
        "ebitda": 77600000,
        "ebitdaratio": 0.1117028933,
        "operatingIncome": 38800000,
        "operatingIncomeRatio": 0.0558514467,
        "totalOtherIncomeExpensesNet": -1500000,
        "incomeBeforeTax": 37300000,
        "incomeBeforeTaxRatio": 0.0536922413,
        "incomeTaxExpense": 9300000,
        "netIncome": 28000000,
        "netIncomeRatio": 0.0403051677,
        "eps": 0.23,
        "epsdiluted": 0.23,
        "weightedAverageShsOut": 122400000,
        "weightedAverageShsOutDil": 124000000,
        "link": "",
        "finalLink": ""
    },
    {
        "date": "2008-12-31",
        "symbol": "CVG",
        "reportedCurrency": "USD",
        "cik": "0000000000",
        "fillingDate": "2008-12-31",
        "acceptedDate": "2008-12-30 19:00:00",
        "calendarYear": "2008",
        "period": "Q4",
        "revenue": 703700000,
        "costOfRevenue": 451200000,
        "grossProfit": 252500000,
        "grossProfitRatio": 0.358817678,
        "researchAndDevelopmentExpenses": 17500000,
        "generalAndAdministrativeExpenses": 0,
        "sellingAndMarketingExpenses": 0,
        "sellingGeneralAndAdministrativeExpenses": 153600000,
        "otherExpenses": -171900000,
        "operatingExpenses": -800000,
        "costAndExpenses": 450400000,
        "interestIncome": 0,
        "interestExpense": 9300000,
        "depreciationAndAmortization": 35600000,
        "ebitda": 16500000,
        "ebitdaratio": 0.0234474918,
        "operatingIncome": -35600000,
        "operatingIncomeRatio": -0.0505897399,
        "totalOtherIncomeExpensesNet": 7200000,
        "incomeBeforeTax": -28400000,
        "incomeBeforeTaxRatio": -0.0403581071,
        "incomeTaxExpense": 900000,
        "netIncome": -29300000,
        "netIncomeRatio": -0.0416370612,
        "eps": -0.24,
        "epsdiluted": -0.24,
        "weightedAverageShsOut": 122400000,
        "weightedAverageShsOutDil": 124000000,
        "link": "",
        "finalLink": ""
    },
    {
        "date": "2008-09-30",
        "symbol": "CVG",
        "reportedCurrency": "USD",
        "cik": "0000000000",
        "fillingDate": "2008-09-30",
        "acceptedDate": "2008-09-29 20:00:00",
        "calendarYear": "2008",
        "period": "Q3",
        "revenue": 676200000,
        "costOfRevenue": 510100000,
        "grossProfit": 166100000,
        "grossProfitRatio": 0.2456373854,
        "researchAndDevelopmentExpenses": 15100000,
        "generalAndAdministrativeExpenses": 0,
        "sellingAndMarketingExpenses": 0,
        "sellingGeneralAndAdministrativeExpenses": 150300000,
        "otherExpenses": 242700000,
        "operatingExpenses": 408100000,
        "costAndExpenses": 918200000,
        "interestIncome": 0,
        "interestExpense": 5500000,
        "depreciationAndAmortization": 35200000,
        "ebitda": -189500000,
        "ebitdaratio": -0.2802425318,
        "operatingIncome": -242000000,
        "operatingIncomeRatio": -0.3578822833,
        "totalOtherIncomeExpensesNet": 11800000,
        "incomeBeforeTax": -230200000,
        "incomeBeforeTaxRatio": -0.3404318249,
        "incomeTaxExpense": -90200000,
        "netIncome": -140000000,
        "netIncomeRatio": -0.2070393375,
        "eps": -1.15,
        "epsdiluted": -1.12,
        "weightedAverageShsOut": 122000000,
        "weightedAverageShsOutDil": 124700000,
        "link": "",
        "finalLink": ""
    },
    {
        "date": "2008-06-30",
        "symbol": "CVG",
        "reportedCurrency": "USD",
        "cik": "0000000000",
        "fillingDate": "2008-06-30",
        "acceptedDate": "2008-06-29 20:00:00",
        "calendarYear": "2008",
        "period": "Q2",
        "revenue": 689500000,
        "costOfRevenue": 459600000,
        "grossProfit": 229900000,
        "grossProfitRatio": 0.3334300218,
        "researchAndDevelopmentExpenses": 11700000,
        "generalAndAdministrativeExpenses": 0,
        "sellingAndMarketingExpenses": 0,
        "sellingGeneralAndAdministrativeExpenses": 139700000,
        "otherExpenses": 31100000,
        "operatingExpenses": 182500000,
        "costAndExpenses": 642100000,
        "interestIncome": 0,
        "interestExpense": 4000000,
        "depreciationAndAmortization": 31100000,
        "ebitda": 89000000,
        "ebitdaratio": 0.1290790428,
        "operatingIncome": 47400000,
        "operatingIncomeRatio": 0.0687454677,
        "totalOtherIncomeExpensesNet": 6500000,
        "incomeBeforeTax": 53900000,
        "incomeBeforeTaxRatio": 0.0781725888,
        "incomeTaxExpense": 13400000,
        "netIncome": 40500000,
        "netIncomeRatio": 0.0587382161,
        "eps": 0.33,
        "epsdiluted": 0.32,
        "weightedAverageShsOut": 123000000,
        "weightedAverageShsOutDil": 125300000,
        "link": "",
        "finalLink": ""
    },
    {
        "date": "2008-03-31",
        "symbol": "CVG",
        "reportedCurrency": "USD",
        "cik": "0000000000",
        "fillingDate": "2008-03-31",
        "acceptedDate": "2008-03-30 20:00:00",
        "calendarYear": "2008",
        "period": "Q1",
        "revenue": 716400000,
        "costOfRevenue": 472000000,
        "grossProfit": 244400000,
        "grossProfitRatio": 0.3411501954,
        "researchAndDevelopmentExpenses": 10600000,
        "generalAndAdministrativeExpenses": 0,
        "sellingAndMarketingExpenses": 0,
        "sellingGeneralAndAdministrativeExpenses": 150200000,
        "otherExpenses": 30600000,
        "operatingExpenses": 191400000,
        "costAndExpenses": 663400000,
        "interestIncome": 0,
        "interestExpense": 3800000,
        "depreciationAndAmortization": 30600000,
        "ebitda": 75200000,
        "ebitdaratio": 0.1049692909,
        "operatingIncome": 38900000,
        "operatingIncomeRatio": 0.0542992741,
        "totalOtherIncomeExpensesNet": 1900000,
        "incomeBeforeTax": 40800000,
        "incomeBeforeTaxRatio": 0.0569514238,
        "incomeTaxExpense": 4900000,
        "netIncome": 35900000,
        "netIncomeRatio": 0.0501116695,
        "eps": 0.28,
        "epsdiluted": 0.28,
        "weightedAverageShsOut": 126900000,
        "weightedAverageShsOutDil": 129200000,
        "link": "",
        "finalLink": ""
    },
    {
        "date": "2007-12-31",
        "symbol": "CVG",
        "reportedCurrency": "USD",
        "cik": "0000000000",
        "fillingDate": "2007-12-31",
        "acceptedDate": "2007-12-30 19:00:00",
        "calendarYear": "2007",
        "period": "Q4",
        "revenue": 713700000,
        "costOfRevenue": 460700000,
        "grossProfit": 253000000,
        "grossProfitRatio": 0.3544906824,
        "researchAndDevelopmentExpenses": 15800000,
        "generalAndAdministrativeExpenses": 0,
        "sellingAndMarketingExpenses": 0,
        "sellingGeneralAndAdministrativeExpenses": 142100000,
        "otherExpenses": 36600000,
        "operatingExpenses": 194500000,
        "costAndExpenses": 655200000,
        "interestIncome": 0,
        "interestExpense": 3900000,
        "depreciationAndAmortization": 36600000,
        "ebitda": 101700000,
        "ebitdaratio": 0.1424968474,
        "operatingIncome": 58500000,
        "operatingIncomeRatio": 0.0819672131,
        "totalOtherIncomeExpensesNet": 2700000,
        "incomeBeforeTax": 61200000,
        "incomeBeforeTaxRatio": 0.0857503153,
        "incomeTaxExpense": 15900000,
        "netIncome": 45300000,
        "netIncomeRatio": 0.0634720471,
        "eps": 0.36,
        "epsdiluted": 0.35,
        "weightedAverageShsOut": 126900000,
        "weightedAverageShsOutDil": 129200000,
        "link": "",
        "finalLink": ""
    },
    {
        "date": "2007-09-30",
        "symbol": "CVG",
        "reportedCurrency": "USD",
        "cik": "0000000000",
        "fillingDate": "2007-09-30",
        "acceptedDate": "2007-09-29 20:00:00",
        "calendarYear": "2007",
        "period": "Q3",
        "revenue": 703700000,
        "costOfRevenue": 456800000,
        "grossProfit": 246900000,
        "grossProfitRatio": 0.3508597414,
        "researchAndDevelopmentExpenses": 18900000,
        "generalAndAdministrativeExpenses": 0,
        "sellingAndMarketingExpenses": 0,
        "sellingGeneralAndAdministrativeExpenses": 131000000,
        "otherExpenses": 30600000,
        "operatingExpenses": 180500000,
        "costAndExpenses": 637300000,
        "interestIncome": 0,
        "interestExpense": 4200000,
        "depreciationAndAmortization": 30600000,
        "ebitda": 97000000,
        "ebitdaratio": 0.1378428308,
        "operatingIncome": 63000000,
        "operatingIncomeRatio": 0.089526787,
        "totalOtherIncomeExpensesNet": -800000,
        "incomeBeforeTax": 62200000,
        "incomeBeforeTaxRatio": 0.0883899389,
        "incomeTaxExpense": 20400000,
        "netIncome": 41800000,
        "netIncomeRatio": 0.0594003126,
        "eps": 0.31,
        "epsdiluted": 0.3,
        "weightedAverageShsOut": 133700000,
        "weightedAverageShsOutDil": 137100000,
        "link": "",
        "finalLink": ""
    },
    {
        "date": "2007-06-30",
        "symbol": "CVG",
        "reportedCurrency": "USD",
        "cik": "0000000000",
        "fillingDate": "2007-06-30",
        "acceptedDate": "2007-06-29 20:00:00",
        "calendarYear": "2007",
        "period": "Q2",
        "revenue": 707000000,
        "costOfRevenue": 461600000,
        "grossProfit": 245400000,
        "grossProfitRatio": 0.3471004243,
        "researchAndDevelopmentExpenses": 19600000,
        "generalAndAdministrativeExpenses": 0,
        "sellingAndMarketingExpenses": 0,
        "sellingGeneralAndAdministrativeExpenses": 137100000,
        "otherExpenses": 30600000,
        "operatingExpenses": 187300000,
        "costAndExpenses": 648900000,
        "interestIncome": 0,
        "interestExpense": 4600000,
        "depreciationAndAmortization": 30600000,
        "ebitda": 92800000,
        "ebitdaratio": 0.1312588402,
        "operatingIncome": 58100000,
        "operatingIncomeRatio": 0.0821782178,
        "totalOtherIncomeExpensesNet": -500000,
        "incomeBeforeTax": 57600000,
        "incomeBeforeTaxRatio": 0.0814710042,
        "incomeTaxExpense": 18800000,
        "netIncome": 38800000,
        "netIncomeRatio": 0.0548797737,
        "eps": 0.28,
        "epsdiluted": 0.28,
        "weightedAverageShsOut": 136300000,
        "weightedAverageShsOutDil": 140200000,
        "link": "",
        "finalLink": ""
    },
    {
        "date": "2007-03-31",
        "symbol": "CVG",
        "reportedCurrency": "USD",
        "cik": "0000000000",
        "fillingDate": "2007-03-31",
        "acceptedDate": "2007-03-30 20:00:00",
        "calendarYear": "2007",
        "period": "Q1",
        "revenue": 719900000,
        "costOfRevenue": 458800000,
        "grossProfit": 261100000,
        "grossProfitRatio": 0.3626892624,
        "researchAndDevelopmentExpenses": 19100000,
        "generalAndAdministrativeExpenses": 0,
        "sellingAndMarketingExpenses": 0,
        "sellingGeneralAndAdministrativeExpenses": 144700000,
        "otherExpenses": 32100000,
        "operatingExpenses": 195900000,
        "costAndExpenses": 654700000,
        "interestIncome": 0,
        "interestExpense": 4800000,
        "depreciationAndAmortization": 32100000,
        "ebitda": 101500000,
        "ebitdaratio": 0.1409918044,
        "operatingIncome": 65200000,
        "operatingIncomeRatio": 0.0905681345,
        "totalOtherIncomeExpensesNet": -600000,
        "incomeBeforeTax": 64600000,
        "incomeBeforeTaxRatio": 0.0897346854,
        "incomeTaxExpense": 21000000,
        "netIncome": 43600000,
        "netIncomeRatio": 0.0605639672,
        "eps": 0.32,
        "epsdiluted": 0.31,
        "weightedAverageShsOut": 136600000,
        "weightedAverageShsOutDil": 140700000,
        "link": "",
        "finalLink": ""
    },
    {
        "date": "2006-12-31",
        "symbol": "CVG",
        "reportedCurrency": "USD",
        "cik": "0000000000",
        "fillingDate": "2006-12-31",
        "acceptedDate": "2006-12-30 19:00:00",
        "calendarYear": "2006",
        "period": "Q4",
        "revenue": 720000000,
        "costOfRevenue": 452900000,
        "grossProfit": 267100000,
        "grossProfitRatio": 0.3709722222,
        "researchAndDevelopmentExpenses": 21100000,
        "generalAndAdministrativeExpenses": 0,
        "sellingAndMarketingExpenses": 0,
        "sellingGeneralAndAdministrativeExpenses": 141400000,
        "otherExpenses": 33700000,
        "operatingExpenses": 196200000,
        "costAndExpenses": 649100000,
        "interestIncome": 0,
        "interestExpense": 5600000,
        "depreciationAndAmortization": 33700000,
        "ebitda": 97600000,
        "ebitdaratio": 0.1355555556,
        "operatingIncome": 58400000,
        "operatingIncomeRatio": 0.0811111111,
        "totalOtherIncomeExpensesNet": -100000,
        "incomeBeforeTax": 58300000,
        "incomeBeforeTaxRatio": 0.0809722222,
        "incomeTaxExpense": 13800000,
        "netIncome": 44500000,
        "netIncomeRatio": 0.0618055556,
        "eps": 0.33,
        "epsdiluted": 0.32,
        "weightedAverageShsOut": 136600000,
        "weightedAverageShsOutDil": 140700000,
        "link": "",
        "finalLink": ""
    },
    {
        "date": "2006-09-30",
        "symbol": "CVG",
        "reportedCurrency": "USD",
        "cik": "0000000000",
        "fillingDate": "2006-09-30",
        "acceptedDate": "2006-09-29 20:00:00",
        "calendarYear": "2006",
        "period": "Q3",
        "revenue": 702700000,
        "costOfRevenue": 439900000,
        "grossProfit": 262800000,
        "grossProfitRatio": 0.3739860538,
        "researchAndDevelopmentExpenses": 22000000,
        "generalAndAdministrativeExpenses": 0,
        "sellingAndMarketingExpenses": 0,
        "sellingGeneralAndAdministrativeExpenses": 135800000,
        "otherExpenses": 35300000,
        "operatingExpenses": 193100000,
        "costAndExpenses": 633000000,
        "interestIncome": 0,
        "interestExpense": 5700000,
        "depreciationAndAmortization": 35300000,
        "ebitda": 110000000,
        "ebitdaratio": 0.1565390636,
        "operatingIncome": 69700000,
        "operatingIncomeRatio": 0.099188843,
        "totalOtherIncomeExpensesNet": -700000,
        "incomeBeforeTax": 69000000,
        "incomeBeforeTaxRatio": 0.0981926854,
        "incomeTaxExpense": 23800000,
        "netIncome": 45200000,
        "netIncomeRatio": 0.0643233243,
        "eps": 0.33,
        "epsdiluted": 0.32,
        "weightedAverageShsOut": 138000000,
        "weightedAverageShsOutDil": 141400000,
        "link": "",
        "finalLink": ""
    },
    {
        "date": "2006-06-30",
        "symbol": "CVG",
        "reportedCurrency": "USD",
        "cik": "0000000000",
        "fillingDate": "2006-06-30",
        "acceptedDate": "2006-06-29 20:00:00",
        "calendarYear": "2006",
        "period": "Q2",
        "revenue": 691800000,
        "costOfRevenue": 438600000,
        "grossProfit": 253200000,
        "grossProfitRatio": 0.3660017346,
        "researchAndDevelopmentExpenses": 21400000,
        "generalAndAdministrativeExpenses": 0,
        "sellingAndMarketingExpenses": 0,
        "sellingGeneralAndAdministrativeExpenses": 132000000,
        "otherExpenses": 37000000,
        "operatingExpenses": 190400000,
        "costAndExpenses": 629000000,
        "interestIncome": 0,
        "interestExpense": 5800000,
        "depreciationAndAmortization": 37000000,
        "ebitda": 102100000,
        "ebitdaratio": 0.1475860075,
        "operatingIncome": 62800000,
        "operatingIncomeRatio": 0.0907776814,
        "totalOtherIncomeExpensesNet": -3500000,
        "incomeBeforeTax": 59300000,
        "incomeBeforeTaxRatio": 0.0857184157,
        "incomeTaxExpense": 19500000,
        "netIncome": 39800000,
        "netIncomeRatio": 0.0575310783,
        "eps": 0.29,
        "epsdiluted": 0.28,
        "weightedAverageShsOut": 139100000,
        "weightedAverageShsOutDil": 142400000,
        "link": "",
        "finalLink": ""
    },
    {
        "date": "2006-03-31",
        "symbol": "CVG",
        "reportedCurrency": "USD",
        "cik": "0000000000",
        "fillingDate": "2006-03-31",
        "acceptedDate": "2006-03-30 19:00:00",
        "calendarYear": "2006",
        "period": "Q1",
        "revenue": 675300000,
        "costOfRevenue": 423400000,
        "grossProfit": 251900000,
        "grossProfitRatio": 0.3730193988,
        "researchAndDevelopmentExpenses": 20400000,
        "generalAndAdministrativeExpenses": 0,
        "sellingAndMarketingExpenses": 0,
        "sellingGeneralAndAdministrativeExpenses": 132800000,
        "otherExpenses": 36700000,
        "operatingExpenses": 189900000,
        "costAndExpenses": 613300000,
        "interestIncome": 0,
        "interestExpense": 5700000,
        "depreciationAndAmortization": 36700000,
        "ebitda": 100400000,
        "ebitdaratio": 0.1486746631,
        "operatingIncome": 62000000,
        "operatingIncomeRatio": 0.0918110469,
        "totalOtherIncomeExpensesNet": -4000000,
        "incomeBeforeTax": 58000000,
        "incomeBeforeTaxRatio": 0.0858877536,
        "incomeTaxExpense": 21300000,
        "netIncome": 36700000,
        "netIncomeRatio": 0.0543462165,
        "eps": 0.26,
        "epsdiluted": 0.26,
        "weightedAverageShsOut": 139400000,
        "weightedAverageShsOutDil": 142300000,
        "link": "",
        "finalLink": ""
    },
    {
        "date": "2005-12-31",
        "symbol": "CVG",
        "reportedCurrency": "USD",
        "cik": "0000000000",
        "fillingDate": "2005-12-31",
        "acceptedDate": "2005-12-30 19:00:00",
        "calendarYear": "2005",
        "period": "Q4",
        "revenue": 669600000,
        "costOfRevenue": 399700000,
        "grossProfit": 269900000,
        "grossProfitRatio": 0.4030764636,
        "researchAndDevelopmentExpenses": 19600000,
        "generalAndAdministrativeExpenses": 0,
        "sellingAndMarketingExpenses": 0,
        "sellingGeneralAndAdministrativeExpenses": 134100000,
        "otherExpenses": 37200000,
        "operatingExpenses": 190900000,
        "costAndExpenses": 590600000,
        "interestIncome": 0,
        "interestExpense": 5600000,
        "depreciationAndAmortization": 37200000,
        "ebitda": 99000000,
        "ebitdaratio": 0.1478494624,
        "operatingIncome": 66700000,
        "operatingIncomeRatio": 0.0996117085,
        "totalOtherIncomeExpensesNet": -10500000,
        "incomeBeforeTax": 56200000,
        "incomeBeforeTaxRatio": 0.0839307049,
        "incomeTaxExpense": 32800000,
        "netIncome": 23400000,
        "netIncomeRatio": 0.0349462366,
        "eps": 0.17,
        "epsdiluted": 0.16,
        "weightedAverageShsOut": 139400000,
        "weightedAverageShsOutDil": 142300000,
        "link": "",
        "finalLink": ""
    },
    {
        "date": "2005-09-30",
        "symbol": "CVG",
        "reportedCurrency": "USD",
        "cik": "0000000000",
        "fillingDate": "2005-09-30",
        "acceptedDate": "2005-09-29 20:00:00",
        "calendarYear": "2005",
        "period": "Q3",
        "revenue": 644800000,
        "costOfRevenue": 391300000,
        "grossProfit": 253500000,
        "grossProfitRatio": 0.3931451613,
        "researchAndDevelopmentExpenses": 20000000,
        "generalAndAdministrativeExpenses": 0,
        "sellingAndMarketingExpenses": 0,
        "sellingGeneralAndAdministrativeExpenses": 130100000,
        "otherExpenses": 36400000,
        "operatingExpenses": 186500000,
        "costAndExpenses": 577800000,
        "interestIncome": 0,
        "interestExpense": 5900000,
        "depreciationAndAmortization": 36400000,
        "ebitda": 110700000,
        "ebitdaratio": 0.1716811414,
        "operatingIncome": 67000000,
        "operatingIncomeRatio": 0.1039081886,
        "totalOtherIncomeExpensesNet": 1400000,
        "incomeBeforeTax": 68400000,
        "incomeBeforeTaxRatio": 0.1060794045,
        "incomeTaxExpense": 26000000,
        "netIncome": 42400000,
        "netIncomeRatio": 0.0657568238,
        "eps": 0.3,
        "epsdiluted": 0.3,
        "weightedAverageShsOut": 139200000,
        "weightedAverageShsOutDil": 142200000,
        "link": "",
        "finalLink": ""
    },
    {
        "date": "2005-06-30",
        "symbol": "CVG",
        "reportedCurrency": "USD",
        "cik": "0000000000",
        "fillingDate": "2005-06-30",
        "acceptedDate": "2005-06-29 20:00:00",
        "calendarYear": "2005",
        "period": "Q2",
        "revenue": 630400000,
        "costOfRevenue": 394700000,
        "grossProfit": 235700000,
        "grossProfitRatio": 0.3738895939,
        "researchAndDevelopmentExpenses": 19700000,
        "generalAndAdministrativeExpenses": 0,
        "sellingAndMarketingExpenses": 0,
        "sellingGeneralAndAdministrativeExpenses": 132600000,
        "otherExpenses": 36500000,
        "operatingExpenses": 188800000,
        "costAndExpenses": 583500000,
        "interestIncome": 0,
        "interestExpense": 4900000,
        "depreciationAndAmortization": 36500000,
        "ebitda": 80700000,
        "ebitdaratio": 0.1280139594,
        "operatingIncome": 38000000,
        "operatingIncomeRatio": 0.0602791878,
        "totalOtherIncomeExpensesNet": 1300000,
        "incomeBeforeTax": 39300000,
        "incomeBeforeTaxRatio": 0.0623413706,
        "incomeTaxExpense": 13700000,
        "netIncome": 25600000,
        "netIncomeRatio": 0.0406091371,
        "eps": 0.18,
        "epsdiluted": 0.18,
        "weightedAverageShsOut": 140400000,
        "weightedAverageShsOutDil": 142900000,
        "link": "",
        "finalLink": ""
    },
    {
        "date": "2005-03-31",
        "symbol": "CVG",
        "reportedCurrency": "USD",
        "cik": "0000000000",
        "fillingDate": "2005-03-31",
        "acceptedDate": "2005-03-30 19:00:00",
        "calendarYear": "2005",
        "period": "Q1",
        "revenue": 637300000,
        "costOfRevenue": 397300000,
        "grossProfit": 240000000,
        "grossProfitRatio": 0.3765887337,
        "researchAndDevelopmentExpenses": 17600000,
        "generalAndAdministrativeExpenses": 0,
        "sellingAndMarketingExpenses": 0,
        "sellingGeneralAndAdministrativeExpenses": 133300000,
        "otherExpenses": 37200000,
        "operatingExpenses": 188100000,
        "costAndExpenses": 585400000,
        "interestIncome": 0,
        "interestExpense": 4800000,
        "depreciationAndAmortization": 37200000,
        "ebitda": 91500000,
        "ebitdaratio": 0.1435744547,
        "operatingIncome": 51900000,
        "operatingIncomeRatio": 0.0814373137,
        "totalOtherIncomeExpensesNet": -2400000,
        "incomeBeforeTax": 49500000,
        "incomeBeforeTaxRatio": 0.0776714263,
        "incomeTaxExpense": 18300000,
        "netIncome": 31200000,
        "netIncomeRatio": 0.0489565354,
        "eps": 0.22,
        "epsdiluted": 0.22,
        "weightedAverageShsOut": 141300000,
        "weightedAverageShsOutDil": 143800000,
        "link": "",
        "finalLink": ""
    },
    {
        "date": "2004-12-31",
        "symbol": "CVG",
        "reportedCurrency": "USD",
        "cik": "0000000000",
        "fillingDate": "2004-12-31",
        "acceptedDate": "2004-12-30 19:00:00",
        "calendarYear": "2004",
        "period": "Q4",
        "revenue": 672200000,
        "costOfRevenue": 418400000,
        "grossProfit": 253800000,
        "grossProfitRatio": 0.3775662005,
        "researchAndDevelopmentExpenses": 18600000,
        "generalAndAdministrativeExpenses": 0,
        "sellingAndMarketingExpenses": 0,
        "sellingGeneralAndAdministrativeExpenses": 136300000,
        "otherExpenses": 37700000,
        "operatingExpenses": 192600000,
        "costAndExpenses": 611000000,
        "interestIncome": 0,
        "interestExpense": 3600000,
        "depreciationAndAmortization": 37700000,
        "ebitda": 70300000,
        "ebitdaratio": 0.1045819697,
        "operatingIncome": 30800000,
        "operatingIncomeRatio": 0.0458196965,
        "totalOtherIncomeExpensesNet": -1800000,
        "incomeBeforeTax": 29000000,
        "incomeBeforeTaxRatio": 0.043141922,
        "incomeTaxExpense": 8800000,
        "netIncome": 20200000,
        "netIncomeRatio": 0.0300505802,
        "eps": 0.14,
        "epsdiluted": 0.14,
        "weightedAverageShsOut": 141300000,
        "weightedAverageShsOutDil": 143800000,
        "link": "",
        "finalLink": ""
    },
    {
        "date": "2004-09-30",
        "symbol": "CVG",
        "reportedCurrency": "USD",
        "cik": "0000000000",
        "fillingDate": "2004-09-30",
        "acceptedDate": "2004-09-29 20:00:00",
        "calendarYear": "2004",
        "period": "Q3",
        "revenue": 639900000,
        "costOfRevenue": 394900000,
        "grossProfit": 245000000,
        "grossProfitRatio": 0.3828723238,
        "researchAndDevelopmentExpenses": 21300000,
        "generalAndAdministrativeExpenses": 0,
        "sellingAndMarketingExpenses": 0,
        "sellingGeneralAndAdministrativeExpenses": 132600000,
        "otherExpenses": 37500000,
        "operatingExpenses": 191400000,
        "costAndExpenses": 586300000,
        "interestIncome": 0,
        "interestExpense": 3000000,
        "depreciationAndAmortization": 37500000,
        "ebitda": 88100000,
        "ebitdaratio": 0.1376777622,
        "operatingIncome": 53600000,
        "operatingIncomeRatio": 0.083763088,
        "totalOtherIncomeExpensesNet": -6000000,
        "incomeBeforeTax": 47600000,
        "incomeBeforeTaxRatio": 0.0743866229,
        "incomeTaxExpense": 17500000,
        "netIncome": 30100000,
        "netIncomeRatio": 0.0470385998,
        "eps": 0.21,
        "epsdiluted": 0.21,
        "weightedAverageShsOut": 140600000,
        "weightedAverageShsOutDil": 144900000,
        "link": "",
        "finalLink": ""
    },
    {
        "date": "2004-06-30",
        "symbol": "CVG",
        "reportedCurrency": "USD",
        "cik": "0000000000",
        "fillingDate": "2004-06-30",
        "acceptedDate": "2004-06-29 20:00:00",
        "calendarYear": "2004",
        "period": "Q2",
        "revenue": 601700000,
        "costOfRevenue": 377300000,
        "grossProfit": 224400000,
        "grossProfitRatio": 0.3729433272,
        "researchAndDevelopmentExpenses": 19100000,
        "generalAndAdministrativeExpenses": 0,
        "sellingAndMarketingExpenses": 0,
        "sellingGeneralAndAdministrativeExpenses": 125200000,
        "otherExpenses": 33900000,
        "operatingExpenses": 178200000,
        "costAndExpenses": 555500000,
        "interestIncome": 0,
        "interestExpense": 2000000,
        "depreciationAndAmortization": 33900000,
        "ebitda": 81300000,
        "ebitdaratio": 0.135117168,
        "operatingIncome": 46200000,
        "operatingIncomeRatio": 0.0767824497,
        "totalOtherIncomeExpensesNet": -800000,
        "incomeBeforeTax": 45400000,
        "incomeBeforeTaxRatio": 0.0754528835,
        "incomeTaxExpense": 16700000,
        "netIncome": 28700000,
        "netIncomeRatio": 0.0476981885,
        "eps": 0.2,
        "epsdiluted": 0.2,
        "weightedAverageShsOut": 142100000,
        "weightedAverageShsOutDil": 146300000,
        "link": "",
        "finalLink": ""
    },
    {
        "date": "2004-03-31",
        "symbol": "CVG",
        "reportedCurrency": "USD",
        "cik": "0000000000",
        "fillingDate": "2004-03-31",
        "acceptedDate": "2004-03-30 19:00:00",
        "calendarYear": "2004",
        "period": "Q1",
        "revenue": 573900000,
        "costOfRevenue": 351400000,
        "grossProfit": 222500000,
        "grossProfitRatio": 0.3876982053,
        "researchAndDevelopmentExpenses": 18500000,
        "generalAndAdministrativeExpenses": 0,
        "sellingAndMarketingExpenses": 0,
        "sellingGeneralAndAdministrativeExpenses": 117000000,
        "otherExpenses": 32100000,
        "operatingExpenses": 167600000,
        "costAndExpenses": 519000000,
        "interestIncome": 0,
        "interestExpense": 1700000,
        "depreciationAndAmortization": 32100000,
        "ebitda": 85200000,
        "ebitdaratio": 0.1484579195,
        "operatingIncome": 54900000,
        "operatingIncomeRatio": 0.095661265,
        "totalOtherIncomeExpensesNet": -3500000,
        "incomeBeforeTax": 51400000,
        "incomeBeforeTaxRatio": 0.0895626416,
        "incomeTaxExpense": 18900000,
        "netIncome": 32500000,
        "netIncomeRatio": 0.0566300749,
        "eps": 0.23,
        "epsdiluted": 0.22,
        "weightedAverageShsOut": 142100000,
        "weightedAverageShsOutDil": 145300000,
        "link": "",
        "finalLink": ""
    },
    {
        "date": "2003-12-31",
        "symbol": "CVG",
        "reportedCurrency": "USD",
        "cik": "0000000000",
        "fillingDate": "2003-12-31",
        "acceptedDate": "2003-12-30 19:00:00",
        "calendarYear": "2003",
        "period": "Q4",
        "revenue": 594500000,
        "costOfRevenue": 344900000,
        "grossProfit": 249600000,
        "grossProfitRatio": 0.4198486123,
        "researchAndDevelopmentExpenses": 24700000,
        "generalAndAdministrativeExpenses": 0,
        "sellingAndMarketingExpenses": 0,
        "sellingGeneralAndAdministrativeExpenses": 116100000,
        "otherExpenses": 31100000,
        "operatingExpenses": 171900000,
        "costAndExpenses": 516800000,
        "interestIncome": 0,
        "interestExpense": 1900000,
        "depreciationAndAmortization": 31100000,
        "ebitda": 133700000,
        "ebitdaratio": 0.2248948696,
        "operatingIncome": 78700000,
        "operatingIncomeRatio": 0.1323801514,
        "totalOtherIncomeExpensesNet": -2100000,
        "incomeBeforeTax": 76600000,
        "incomeBeforeTaxRatio": 0.1288477712,
        "incomeTaxExpense": 28200000,
        "netIncome": 72500000,
        "netIncomeRatio": 0.1219512195,
        "eps": 0.51,
        "epsdiluted": 0.5,
        "weightedAverageShsOut": 142100000,
        "weightedAverageShsOutDil": 145300000,
        "link": "",
        "finalLink": ""
    },
    {
        "date": "2003-09-30",
        "symbol": "CVG",
        "reportedCurrency": "USD",
        "cik": "0000000000",
        "fillingDate": "2003-09-30",
        "acceptedDate": "2003-09-29 20:00:00",
        "calendarYear": "2003",
        "period": "Q3",
        "revenue": 570700000,
        "costOfRevenue": 329800000,
        "grossProfit": 240900000,
        "grossProfitRatio": 0.4221131943,
        "researchAndDevelopmentExpenses": 22900000,
        "generalAndAdministrativeExpenses": 0,
        "sellingAndMarketingExpenses": 0,
        "sellingGeneralAndAdministrativeExpenses": 113700000,
        "otherExpenses": 30100000,
        "operatingExpenses": 166700000,
        "costAndExpenses": 496500000,
        "interestIncome": 0,
        "interestExpense": 1800000,
        "depreciationAndAmortization": 30100000,
        "ebitda": 103800000,
        "ebitdaratio": 0.1818818994,
        "operatingIncome": 74200000,
        "operatingIncomeRatio": 0.1300157701,
        "totalOtherIncomeExpensesNet": -2300000,
        "incomeBeforeTax": 71900000,
        "incomeBeforeTaxRatio": 0.1259856317,
        "incomeTaxExpense": 26400000,
        "netIncome": 45500000,
        "netIncomeRatio": 0.0797266515,
        "eps": 0.32,
        "epsdiluted": 0.31,
        "weightedAverageShsOut": 141600000,
        "weightedAverageShsOutDil": 145200000,
        "link": "",
        "finalLink": ""
    },
    {
        "date": "2003-06-30",
        "symbol": "CVG",
        "reportedCurrency": "USD",
        "cik": "0000000000",
        "fillingDate": "2003-06-30",
        "acceptedDate": "2003-06-29 20:00:00",
        "calendarYear": "2003",
        "period": "Q2",
        "revenue": 563200000,
        "costOfRevenue": 322600000,
        "grossProfit": 240600000,
        "grossProfitRatio": 0.4272017045,
        "researchAndDevelopmentExpenses": 23500000,
        "generalAndAdministrativeExpenses": 0,
        "sellingAndMarketingExpenses": 0,
        "sellingGeneralAndAdministrativeExpenses": 115000000,
        "otherExpenses": 31100000,
        "operatingExpenses": 169600000,
        "costAndExpenses": 492200000,
        "interestIncome": 0,
        "interestExpense": 1700000,
        "depreciationAndAmortization": 31100000,
        "ebitda": 100500000,
        "ebitdaratio": 0.1784446023,
        "operatingIncome": 71000000,
        "operatingIncomeRatio": 0.1260653409,
        "totalOtherIncomeExpensesNet": -3300000,
        "incomeBeforeTax": 67700000,
        "incomeBeforeTaxRatio": 0.1202059659,
        "incomeTaxExpense": 24900000,
        "netIncome": 42800000,
        "netIncomeRatio": 0.0759943182,
        "eps": 0.29,
        "epsdiluted": 0.29,
        "weightedAverageShsOut": 145300000,
        "weightedAverageShsOutDil": 148500000,
        "link": "",
        "finalLink": ""
    },
    {
        "date": "2003-03-31",
        "symbol": "CVG",
        "reportedCurrency": "USD",
        "cik": "0000000000",
        "fillingDate": "2003-03-31",
        "acceptedDate": "2003-03-30 19:00:00",
        "calendarYear": "2003",
        "period": "Q1",
        "revenue": 560400000,
        "costOfRevenue": 323600000,
        "grossProfit": 236800000,
        "grossProfitRatio": 0.4225553176,
        "researchAndDevelopmentExpenses": 23200000,
        "generalAndAdministrativeExpenses": 0,
        "sellingAndMarketingExpenses": 0,
        "sellingGeneralAndAdministrativeExpenses": 113400000,
        "otherExpenses": 31700000,
        "operatingExpenses": 168300000,
        "costAndExpenses": 491900000,
        "interestIncome": 0,
        "interestExpense": 1500000,
        "depreciationAndAmortization": 31700000,
        "ebitda": 88600000,
        "ebitdaratio": 0.1581013562,
        "operatingIncome": 68500000,
        "operatingIncomeRatio": 0.1222341185,
        "totalOtherIncomeExpensesNet": -13100000,
        "incomeBeforeTax": 55400000,
        "incomeBeforeTaxRatio": 0.0988579586,
        "incomeTaxExpense": 20500000,
        "netIncome": 34900000,
        "netIncomeRatio": 0.062276945,
        "eps": 0.23,
        "epsdiluted": 0.22,
        "weightedAverageShsOut": 153900000,
        "weightedAverageShsOutDil": 156200000,
        "link": "",
        "finalLink": ""
    },
    {
        "date": "2002-12-31",
        "symbol": "CVG",
        "reportedCurrency": "USD",
        "cik": "0000000000",
        "fillingDate": "2002-12-31",
        "acceptedDate": "2002-12-30 19:00:00",
        "calendarYear": "2002",
        "period": "Q4",
        "revenue": 564800000,
        "costOfRevenue": 315800000,
        "grossProfit": 249000000,
        "grossProfitRatio": 0.4408640227,
        "researchAndDevelopmentExpenses": 28500000,
        "generalAndAdministrativeExpenses": 0,
        "sellingAndMarketingExpenses": 0,
        "sellingGeneralAndAdministrativeExpenses": 108900000,
        "otherExpenses": 33400000,
        "operatingExpenses": 170800000,
        "costAndExpenses": 486600000,
        "interestIncome": 0,
        "interestExpense": 2000000,
        "depreciationAndAmortization": 33400000,
        "ebitda": 3200000,
        "ebitdaratio": 0.0056657224,
        "operatingIncome": -29500000,
        "operatingIncomeRatio": -0.0522308782,
        "totalOtherIncomeExpensesNet": -2700000,
        "incomeBeforeTax": -32200000,
        "incomeBeforeTaxRatio": -0.0570113314,
        "incomeTaxExpense": -3800000,
        "netIncome": -28400000,
        "netIncomeRatio": -0.0502832861,
        "eps": -0.18,
        "epsdiluted": -0.18,
        "weightedAverageShsOut": 153900000,
        "weightedAverageShsOutDil": 156200000,
        "link": "",
        "finalLink": ""
    },
    {
        "date": "2002-09-30",
        "symbol": "CVG",
        "reportedCurrency": "USD",
        "cik": "0000000000",
        "fillingDate": "2002-09-30",
        "acceptedDate": "2002-09-29 20:00:00",
        "calendarYear": "2002",
        "period": "Q3",
        "revenue": 561200000,
        "costOfRevenue": 308100000,
        "grossProfit": 253100000,
        "grossProfitRatio": 0.4509978617,
        "researchAndDevelopmentExpenses": 29800000,
        "generalAndAdministrativeExpenses": 0,
        "sellingAndMarketingExpenses": 0,
        "sellingGeneralAndAdministrativeExpenses": 97700000,
        "otherExpenses": 35800000,
        "operatingExpenses": 163300000,
        "costAndExpenses": 471400000,
        "interestIncome": 0,
        "interestExpense": 3100000,
        "depreciationAndAmortization": 35800000,
        "ebitda": 125800000,
        "ebitdaratio": 0.2241625089,
        "operatingIncome": 89800000,
        "operatingIncomeRatio": 0.1600142552,
        "totalOtherIncomeExpensesNet": -2900000,
        "incomeBeforeTax": 86900000,
        "incomeBeforeTaxRatio": 0.1548467569,
        "incomeTaxExpense": 31300000,
        "netIncome": 55600000,
        "netIncomeRatio": 0.0990734141,
        "eps": 0.34,
        "epsdiluted": 0.34,
        "weightedAverageShsOut": 161300000,
        "weightedAverageShsOutDil": 163700000,
        "link": "",
        "finalLink": ""
    },
    {
        "date": "2002-06-30",
        "symbol": "CVG",
        "reportedCurrency": "USD",
        "cik": "0000000000",
        "fillingDate": "2002-06-30",
        "acceptedDate": "2002-06-29 20:00:00",
        "calendarYear": "2002",
        "period": "Q2",
        "revenue": 572700000,
        "costOfRevenue": 315000000,
        "grossProfit": 257700000,
        "grossProfitRatio": 0.4499738083,
        "researchAndDevelopmentExpenses": 29200000,
        "generalAndAdministrativeExpenses": 0,
        "sellingAndMarketingExpenses": 0,
        "sellingGeneralAndAdministrativeExpenses": 99800000,
        "otherExpenses": 34200000,
        "operatingExpenses": 163200000,
        "costAndExpenses": 478200000,
        "interestIncome": 0,
        "interestExpense": 2300000,
        "depreciationAndAmortization": 34200000,
        "ebitda": 131900000,
        "ebitdaratio": 0.2303125546,
        "operatingIncome": 94500000,
        "operatingIncomeRatio": 0.1650078575,
        "totalOtherIncomeExpensesNet": 900000,
        "incomeBeforeTax": 95400000,
        "incomeBeforeTaxRatio": 0.1665793609,
        "incomeTaxExpense": 36300000,
        "netIncome": 59100000,
        "netIncomeRatio": 0.1031953903,
        "eps": 0.35,
        "epsdiluted": 0.35,
        "weightedAverageShsOut": 167300000,
        "weightedAverageShsOutDil": 170900000,
        "link": "",
        "finalLink": ""
    },
    {
        "date": "2002-03-31",
        "symbol": "CVG",
        "reportedCurrency": "USD",
        "cik": "0000000000",
        "fillingDate": "2002-03-31",
        "acceptedDate": "2002-03-30 19:00:00",
        "calendarYear": "2002",
        "period": "Q1",
        "revenue": 587500000,
        "costOfRevenue": 326000000,
        "grossProfit": 261500000,
        "grossProfitRatio": 0.445106383,
        "researchAndDevelopmentExpenses": 26200000,
        "generalAndAdministrativeExpenses": 0,
        "sellingAndMarketingExpenses": 0,
        "sellingGeneralAndAdministrativeExpenses": 103100000,
        "otherExpenses": 33700000,
        "operatingExpenses": 163000000,
        "costAndExpenses": 489000000,
        "interestIncome": 0,
        "interestExpense": 3600000,
        "depreciationAndAmortization": 33700000,
        "ebitda": 131600000,
        "ebitdaratio": 0.224,
        "operatingIncome": 98500000,
        "operatingIncomeRatio": 0.1676595745,
        "totalOtherIncomeExpensesNet": -4200000,
        "incomeBeforeTax": 94300000,
        "incomeBeforeTaxRatio": 0.1605106383,
        "incomeTaxExpense": 34700000,
        "netIncome": 59600000,
        "netIncomeRatio": 0.1014468085,
        "eps": 0.35,
        "epsdiluted": 0.35,
        "weightedAverageShsOut": 168100000,
        "weightedAverageShsOutDil": 172500000,
        "link": "",
        "finalLink": ""
    },
    {
        "date": "2001-12-31",
        "symbol": "CVG",
        "reportedCurrency": "USD",
        "cik": "0000000000",
        "fillingDate": "2001-12-31",
        "acceptedDate": "2001-12-30 19:00:00",
        "calendarYear": "2001",
        "period": "Q4",
        "revenue": 590700000,
        "costOfRevenue": 328600000,
        "grossProfit": 262100000,
        "grossProfitRatio": 0.4437108515,
        "researchAndDevelopmentExpenses": 29100000,
        "generalAndAdministrativeExpenses": 0,
        "sellingAndMarketingExpenses": 0,
        "sellingGeneralAndAdministrativeExpenses": 93300000,
        "otherExpenses": 43600000,
        "operatingExpenses": 166000000,
        "costAndExpenses": 494600000,
        "interestIncome": 0,
        "interestExpense": 3500000,
        "depreciationAndAmortization": 43600000,
        "ebitda": 139000000,
        "ebitdaratio": 0.2353140342,
        "operatingIncome": 96100000,
        "operatingIncomeRatio": 0.1626883359,
        "totalOtherIncomeExpensesNet": -4200000,
        "incomeBeforeTax": 91900000,
        "incomeBeforeTaxRatio": 0.1555781276,
        "incomeTaxExpense": 35500000,
        "netIncome": 56400000,
        "netIncomeRatio": 0.0954799391,
        "eps": 0.34,
        "epsdiluted": 0.33,
        "weightedAverageShsOut": 168100000,
        "weightedAverageShsOutDil": 172500000,
        "link": "",
        "finalLink": ""
    },
    {
        "date": "2001-09-30",
        "symbol": "CVG",
        "reportedCurrency": "USD",
        "cik": "0000000000",
        "fillingDate": "2001-09-30",
        "acceptedDate": "2001-09-29 20:00:00",
        "calendarYear": "2001",
        "period": "Q3",
        "revenue": 567200000,
        "costOfRevenue": 309200000,
        "grossProfit": 258000000,
        "grossProfitRatio": 0.4548660085,
        "researchAndDevelopmentExpenses": 32400000,
        "generalAndAdministrativeExpenses": 0,
        "sellingAndMarketingExpenses": 0,
        "sellingGeneralAndAdministrativeExpenses": 91700000,
        "otherExpenses": 43300000,
        "operatingExpenses": 167400000,
        "costAndExpenses": 476600000,
        "interestIncome": 0,
        "interestExpense": 4000000,
        "depreciationAndAmortization": 43300000,
        "ebitda": 69600000,
        "ebitdaratio": 0.1227080395,
        "operatingIncome": 32600000,
        "operatingIncomeRatio": 0.0574753173,
        "totalOtherIncomeExpensesNet": -10300000,
        "incomeBeforeTax": 22300000,
        "incomeBeforeTaxRatio": 0.0393159379,
        "incomeTaxExpense": 19300000,
        "netIncome": 3000000,
        "netIncomeRatio": 0.0052891396,
        "eps": 0.0177,
        "epsdiluted": 0.0172,
        "weightedAverageShsOut": 169900000,
        "weightedAverageShsOutDil": 174200000,
        "link": "",
        "finalLink": ""
    },
    {
        "date": "2001-06-30",
        "symbol": "CVG",
        "reportedCurrency": "USD",
        "cik": "0000000000",
        "fillingDate": "2001-06-30",
        "acceptedDate": "2001-06-29 20:00:00",
        "calendarYear": "2001",
        "period": "Q2",
        "revenue": 571200000,
        "costOfRevenue": 311500000,
        "grossProfit": 259700000,
        "grossProfitRatio": 0.4546568627,
        "researchAndDevelopmentExpenses": 28500000,
        "generalAndAdministrativeExpenses": 0,
        "sellingAndMarketingExpenses": 0,
        "sellingGeneralAndAdministrativeExpenses": 97800000,
        "otherExpenses": 76000000,
        "operatingExpenses": 202300000,
        "costAndExpenses": 513800000,
        "interestIncome": 0,
        "interestExpense": 5300000,
        "depreciationAndAmortization": 44700000,
        "ebitda": 105500000,
        "ebitdaratio": 0.1846988796,
        "operatingIncome": 57400000,
        "operatingIncomeRatio": 0.1004901961,
        "totalOtherIncomeExpensesNet": -1900000,
        "incomeBeforeTax": 55500000,
        "incomeBeforeTaxRatio": 0.0971638655,
        "incomeTaxExpense": 28200000,
        "netIncome": 27300000,
        "netIncomeRatio": 0.0477941176,
        "eps": 0.16,
        "epsdiluted": 0.16,
        "weightedAverageShsOut": 169800000,
        "weightedAverageShsOutDil": 175500000,
        "link": "",
        "finalLink": ""
    },
    {
        "date": "2001-03-31",
        "symbol": "CVG",
        "reportedCurrency": "USD",
        "cik": "0000000000",
        "fillingDate": "2001-03-31",
        "acceptedDate": "2001-03-30 19:00:00",
        "calendarYear": "2001",
        "period": "Q1",
        "revenue": 577800000,
        "costOfRevenue": 319400000,
        "grossProfit": 258400000,
        "grossProfitRatio": 0.4472135687,
        "researchAndDevelopmentExpenses": 23200000,
        "generalAndAdministrativeExpenses": 0,
        "sellingAndMarketingExpenses": 0,
        "sellingGeneralAndAdministrativeExpenses": 98500000,
        "otherExpenses": 44700000,
        "operatingExpenses": 166400000,
        "costAndExpenses": 485800000,
        "interestIncome": 0,
        "interestExpense": 6900000,
        "depreciationAndAmortization": 44700000,
        "ebitda": 138600000,
        "ebitdaratio": 0.2398753894,
        "operatingIncome": 92000000,
        "operatingIncomeRatio": 0.1592246452,
        "totalOtherIncomeExpensesNet": -5000000,
        "incomeBeforeTax": 87000000,
        "incomeBeforeTaxRatio": 0.1505711319,
        "incomeTaxExpense": 33500000,
        "netIncome": 53500000,
        "netIncomeRatio": 0.0925925926,
        "eps": 0.35,
        "epsdiluted": 0.34,
        "weightedAverageShsOut": 154400000,
        "weightedAverageShsOutDil": 159000000,
        "link": "",
        "finalLink": ""
    },
    {
        "date": "2000-12-31",
        "symbol": "CVG",
        "reportedCurrency": "USD",
        "cik": "0000000000",
        "fillingDate": "2000-12-31",
        "acceptedDate": "2000-12-30 19:00:00",
        "calendarYear": "2000",
        "period": "Q4",
        "revenue": 582500000,
        "costOfRevenue": 320900000,
        "grossProfit": 261600000,
        "grossProfitRatio": 0.4490987124,
        "researchAndDevelopmentExpenses": 25600000,
        "generalAndAdministrativeExpenses": 0,
        "sellingAndMarketingExpenses": 0,
        "sellingGeneralAndAdministrativeExpenses": 100500000,
        "otherExpenses": 43100000,
        "operatingExpenses": 169200000,
        "costAndExpenses": 490100000,
        "interestIncome": 0,
        "interestExpense": 7800000,
        "depreciationAndAmortization": 43100000,
        "ebitda": 139100000,
        "ebitdaratio": 0.2387982833,
        "operatingIncome": 92400000,
        "operatingIncomeRatio": 0.1586266094,
        "totalOtherIncomeExpensesNet": -4200000,
        "incomeBeforeTax": 88200000,
        "incomeBeforeTaxRatio": 0.151416309,
        "incomeTaxExpense": 34000000,
        "netIncome": 54200000,
        "netIncomeRatio": 0.0930472103,
        "eps": 0.35,
        "epsdiluted": 0.34,
        "weightedAverageShsOut": 154400000,
        "weightedAverageShsOutDil": 159000000,
        "link": "",
        "finalLink": ""
    },
    {
        "date": "2000-09-30",
        "symbol": "CVG",
        "reportedCurrency": "USD",
        "cik": "0000000000",
        "fillingDate": "2000-09-30",
        "acceptedDate": "2000-09-29 20:00:00",
        "calendarYear": "2000",
        "period": "Q3",
        "revenue": 544500000,
        "costOfRevenue": 306600000,
        "grossProfit": 237900000,
        "grossProfitRatio": 0.4369146006,
        "researchAndDevelopmentExpenses": 23400000,
        "generalAndAdministrativeExpenses": 0,
        "sellingAndMarketingExpenses": 0,
        "sellingGeneralAndAdministrativeExpenses": 90500000,
        "otherExpenses": 40800000,
        "operatingExpenses": 154700000,
        "costAndExpenses": 461300000,
        "interestIncome": 0,
        "interestExpense": 8200000,
        "depreciationAndAmortization": 40800000,
        "ebitda": 131100000,
        "ebitdaratio": 0.2407713499,
        "operatingIncome": 83200000,
        "operatingIncomeRatio": 0.1528007346,
        "totalOtherIncomeExpensesNet": -1100000,
        "incomeBeforeTax": 82100000,
        "incomeBeforeTaxRatio": 0.1507805326,
        "incomeTaxExpense": 31700000,
        "netIncome": 50400000,
        "netIncomeRatio": 0.0925619835,
        "eps": 0.33,
        "epsdiluted": 0.32,
        "weightedAverageShsOut": 153100000,
        "weightedAverageShsOutDil": 158600000,
        "link": "",
        "finalLink": ""
    },
    {
        "date": "2000-06-30",
        "symbol": "CVG",
        "reportedCurrency": "USD",
        "cik": "0000000000",
        "fillingDate": "2000-06-30",
        "acceptedDate": "2000-06-29 20:00:00",
        "calendarYear": "2000",
        "period": "Q2",
        "revenue": 521900000,
        "costOfRevenue": 296700000,
        "grossProfit": 225200000,
        "grossProfitRatio": 0.4315002874,
        "researchAndDevelopmentExpenses": 22700000,
        "generalAndAdministrativeExpenses": 0,
        "sellingAndMarketingExpenses": 0,
        "sellingGeneralAndAdministrativeExpenses": 85500000,
        "otherExpenses": 39400000,
        "operatingExpenses": 147600000,
        "costAndExpenses": 444300000,
        "interestIncome": 0,
        "interestExpense": 8800000,
        "depreciationAndAmortization": 39400000,
        "ebitda": 122400000,
        "ebitdaratio": 0.2345276873,
        "operatingIncome": 77600000,
        "operatingIncomeRatio": 0.148687488,
        "totalOtherIncomeExpensesNet": -3400000,
        "incomeBeforeTax": 74200000,
        "incomeBeforeTaxRatio": 0.14217283,
        "incomeTaxExpense": 28700000,
        "netIncome": 45500000,
        "netIncomeRatio": 0.0871814524,
        "eps": 0.3,
        "epsdiluted": 0.29,
        "weightedAverageShsOut": 152400000,
        "weightedAverageShsOutDil": 158100000,
        "link": "",
        "finalLink": ""
    },
    {
        "date": "2000-03-31",
        "symbol": "CVG",
        "reportedCurrency": "USD",
        "cik": "0000000000",
        "fillingDate": "2000-03-31",
        "acceptedDate": "2000-03-30 19:00:00",
        "calendarYear": "2000",
        "period": "Q1",
        "revenue": 513600000,
        "costOfRevenue": 291900000,
        "grossProfit": 221700000,
        "grossProfitRatio": 0.4316588785,
        "researchAndDevelopmentExpenses": 23000000,
        "generalAndAdministrativeExpenses": 0,
        "sellingAndMarketingExpenses": 0,
        "sellingGeneralAndAdministrativeExpenses": 86000000,
        "otherExpenses": 37500000,
        "operatingExpenses": 146500000,
        "costAndExpenses": 438400000,
        "interestIncome": 0,
        "interestExpense": 8100000,
        "depreciationAndAmortization": 37500000,
        "ebitda": 117900000,
        "ebitdaratio": 0.2295560748,
        "operatingIncome": 75200000,
        "operatingIncomeRatio": 0.1464174455,
        "totalOtherIncomeExpensesNet": -2900000,
        "incomeBeforeTax": 72300000,
        "incomeBeforeTaxRatio": 0.140771028,
        "incomeTaxExpense": 27900000,
        "netIncome": 44400000,
        "netIncomeRatio": 0.0864485981,
        "eps": 0.29,
        "epsdiluted": 0.28,
        "weightedAverageShsOut": 151900000,
        "weightedAverageShsOutDil": 156800000,
        "link": "",
        "finalLink": ""
    },
    {
        "date": "1999-12-31",
        "symbol": "CVG",
        "reportedCurrency": "USD",
        "cik": "0000000000",
        "fillingDate": "1999-12-31",
        "acceptedDate": "1999-12-30 19:00:00",
        "calendarYear": "1999",
        "period": "Q4",
        "revenue": 486700000,
        "costOfRevenue": 270200000,
        "grossProfit": 216500000,
        "grossProfitRatio": 0.4448325457,
        "researchAndDevelopmentExpenses": 25200000,
        "generalAndAdministrativeExpenses": 0,
        "sellingAndMarketingExpenses": 0,
        "sellingGeneralAndAdministrativeExpenses": 68400000,
        "otherExpenses": 35900000,
        "operatingExpenses": 129500000,
        "costAndExpenses": 399700000,
        "interestIncome": 0,
        "interestExpense": 8100000,
        "depreciationAndAmortization": 35900000,
        "ebitda": 95900000,
        "ebitdaratio": 0.1970412985,
        "operatingIncome": 87000000,
        "operatingIncomeRatio": 0.1787548798,
        "totalOtherIncomeExpensesNet": -35100000,
        "incomeBeforeTax": 51900000,
        "incomeBeforeTaxRatio": 0.1066365317,
        "incomeTaxExpense": 19800000,
        "netIncome": 32100000,
        "netIncomeRatio": 0.0659543867,
        "eps": 0.21,
        "epsdiluted": 0.2,
        "weightedAverageShsOut": 151900000,
        "weightedAverageShsOutDil": 156800000,
        "link": "",
        "finalLink": ""
    },
    {
        "date": "1999-09-30",
        "symbol": "CVG",
        "reportedCurrency": "USD",
        "cik": "0000000000",
        "fillingDate": "1999-09-30",
        "acceptedDate": "1999-09-29 20:00:00",
        "calendarYear": "1999",
        "period": "Q3",
        "revenue": 450200000,
        "costOfRevenue": 255100000,
        "grossProfit": 195100000,
        "grossProfitRatio": 0.4333629498,
        "researchAndDevelopmentExpenses": 22100000,
        "generalAndAdministrativeExpenses": 0,
        "sellingAndMarketingExpenses": 0,
        "sellingGeneralAndAdministrativeExpenses": 76700000,
        "otherExpenses": 34200000,
        "operatingExpenses": 133000000,
        "costAndExpenses": 388100000,
        "interestIncome": 0,
        "interestExpense": 8400000,
        "depreciationAndAmortization": 34200000,
        "ebitda": 106800000,
        "ebitdaratio": 0.2372278987,
        "operatingIncome": 62100000,
        "operatingIncomeRatio": 0.1379386939,
        "totalOtherIncomeExpensesNet": 2100000,
        "incomeBeforeTax": 64200000,
        "incomeBeforeTaxRatio": 0.1426032874,
        "incomeTaxExpense": 24500000,
        "netIncome": 39700000,
        "netIncomeRatio": 0.0881830298,
        "eps": 0.26,
        "epsdiluted": 0.26,
        "weightedAverageShsOut": 152692308,
        "weightedAverageShsOutDil": 152692308,
        "link": "",
        "finalLink": ""
    },
    {
        "date": "1999-06-30",
        "symbol": "CVG",
        "reportedCurrency": "USD",
        "cik": "0000000000",
        "fillingDate": "1999-06-30",
        "acceptedDate": "1999-06-29 20:00:00",
        "calendarYear": "1999",
        "period": "Q2",
        "revenue": 426200000,
        "costOfRevenue": 243300000,
        "grossProfit": 182900000,
        "grossProfitRatio": 0.4291412482,
        "researchAndDevelopmentExpenses": 20400000,
        "generalAndAdministrativeExpenses": 0,
        "sellingAndMarketingExpenses": 0,
        "sellingGeneralAndAdministrativeExpenses": 75800000,
        "otherExpenses": 30600000,
        "operatingExpenses": 126800000,
        "costAndExpenses": 370100000,
        "interestIncome": 0,
        "interestExpense": 8500000,
        "depreciationAndAmortization": 30600000,
        "ebitda": 93300000,
        "ebitdaratio": 0.2189113092,
        "operatingIncome": 56100000,
        "operatingIncomeRatio": 0.1316283435,
        "totalOtherIncomeExpensesNet": -1900000,
        "incomeBeforeTax": 54200000,
        "incomeBeforeTaxRatio": 0.1271703426,
        "incomeTaxExpense": 21400000,
        "netIncome": 32800000,
        "netIncomeRatio": 0.0769591741,
        "eps": 0.22,
        "epsdiluted": 0.21,
        "weightedAverageShsOut": 149090909,
        "weightedAverageShsOutDil": 156190476,
        "link": "",
        "finalLink": ""
    },
    {
        "date": "1999-03-31",
        "symbol": "CVG",
        "reportedCurrency": "USD",
        "cik": "0000000000",
        "fillingDate": "1999-03-31",
        "acceptedDate": "1999-03-30 19:00:00",
        "calendarYear": "1999",
        "period": "Q1",
        "revenue": 399800000,
        "costOfRevenue": 227500000,
        "grossProfit": 172300000,
        "grossProfitRatio": 0.4309654827,
        "researchAndDevelopmentExpenses": 19500000,
        "generalAndAdministrativeExpenses": 0,
        "sellingAndMarketingExpenses": 0,
        "sellingGeneralAndAdministrativeExpenses": 64900000,
        "otherExpenses": 29600000,
        "operatingExpenses": 114000000,
        "costAndExpenses": 341500000,
        "interestIncome": 0,
        "interestExpense": 7500000,
        "depreciationAndAmortization": 29600000,
        "ebitda": 89900000,
        "ebitdaratio": 0.2248624312,
        "operatingIncome": 58300000,
        "operatingIncomeRatio": 0.1458229115,
        "totalOtherIncomeExpensesNet": -6100000,
        "incomeBeforeTax": 52200000,
        "incomeBeforeTaxRatio": 0.1305652826,
        "incomeTaxExpense": 19800000,
        "netIncome": 33000000,
        "netIncomeRatio": 0.0825412706,
        "eps": 0.21,
        "epsdiluted": 0.21,
        "weightedAverageShsOut": 157142857,
        "weightedAverageShsOutDil": 157142857,
        "link": "",
        "finalLink": ""
    },
    {
        "date": "1998-12-31",
        "symbol": "CVG",
        "reportedCurrency": "USD",
        "cik": "0000000000",
        "fillingDate": "1998-12-31",
        "acceptedDate": "1998-12-30 19:00:00",
        "calendarYear": "1998",
        "period": "Q4",
        "revenue": 404700000,
        "costOfRevenue": 228900000,
        "grossProfit": 175800000,
        "grossProfitRatio": 0.4343958488,
        "researchAndDevelopmentExpenses": -23500000,
        "generalAndAdministrativeExpenses": 0,
        "sellingAndMarketingExpenses": 0,
        "sellingGeneralAndAdministrativeExpenses": 65700000,
        "otherExpenses": 28800000,
        "operatingExpenses": 71000000,
        "costAndExpenses": 299900000,
        "interestIncome": 0,
        "interestExpense": 7200000,
        "depreciationAndAmortization": 28800000,
        "ebitda": 96200000,
        "ebitdaratio": 0.2377069434,
        "operatingIncome": 104800000,
        "operatingIncomeRatio": 0.2589572523,
        "totalOtherIncomeExpensesNet": -44600000,
        "incomeBeforeTax": 60200000,
        "incomeBeforeTaxRatio": 0.1487521621,
        "incomeTaxExpense": 21200000,
        "netIncome": 39000000,
        "netIncomeRatio": 0.0963676798,
        "eps": 0.25,
        "epsdiluted": 0.25,
        "weightedAverageShsOut": 157142857,
        "weightedAverageShsOutDil": 157142857,
        "link": "",
        "finalLink": ""
    },
    {
        "date": "1998-09-30",
        "symbol": "CVG",
        "reportedCurrency": "USD",
        "cik": "0000000000",
        "fillingDate": "1998-09-30",
        "acceptedDate": "1998-09-29 20:00:00",
        "calendarYear": "1998",
        "period": "Q3",
        "revenue": 370300000,
        "costOfRevenue": 210800000,
        "grossProfit": 159500000,
        "grossProfitRatio": 0.430731839,
        "researchAndDevelopmentExpenses": 24200000,
        "generalAndAdministrativeExpenses": 0,
        "sellingAndMarketingExpenses": 0,
        "sellingGeneralAndAdministrativeExpenses": 54500000,
        "otherExpenses": 27800000,
        "operatingExpenses": 106500000,
        "costAndExpenses": 317300000,
        "interestIncome": 0,
        "interestExpense": 9100000,
        "depreciationAndAmortization": 27800000,
        "ebitda": 74900000,
        "ebitdaratio": 0.202268431,
        "operatingIncome": 53000000,
        "operatingIncomeRatio": 0.1431271942,
        "totalOtherIncomeExpensesNet": -15000000,
        "incomeBeforeTax": 38000000,
        "incomeBeforeTaxRatio": 0.1026194977,
        "incomeTaxExpense": 15500000,
        "netIncome": 22500000,
        "netIncomeRatio": 0.0607615447,
        "eps": 0.18,
        "epsdiluted": 0.18,
        "weightedAverageShsOut": 125000000,
        "weightedAverageShsOutDil": 125000000,
        "link": "",
        "finalLink": ""
    },
    {
        "date": "1998-06-30",
        "symbol": "CVG",
        "reportedCurrency": "USD",
        "cik": "0000000000",
        "fillingDate": "1998-06-30",
        "acceptedDate": "1998-06-29 20:00:00",
        "calendarYear": "1998",
        "period": "Q2",
        "revenue": 363600000,
        "costOfRevenue": 213600000,
        "grossProfit": 150000000,
        "grossProfitRatio": 0.4125412541,
        "researchAndDevelopmentExpenses": 19500000,
        "generalAndAdministrativeExpenses": 0,
        "sellingAndMarketingExpenses": 0,
        "sellingGeneralAndAdministrativeExpenses": 54800000,
        "otherExpenses": 26300000,
        "operatingExpenses": 100600000,
        "costAndExpenses": 314200000,
        "interestIncome": 0,
        "interestExpense": 11200000,
        "depreciationAndAmortization": 26300000,
        "ebitda": 73800000,
        "ebitdaratio": 0.202970297,
        "operatingIncome": 49400000,
        "operatingIncomeRatio": 0.1358635864,
        "totalOtherIncomeExpensesNet": -13100000,
        "incomeBeforeTax": 36300000,
        "incomeBeforeTaxRatio": 0.0998349835,
        "incomeTaxExpense": 14300000,
        "netIncome": 22000000,
        "netIncomeRatio": 0.0605060506,
        "eps": 0.17,
        "epsdiluted": 0.17,
        "weightedAverageShsOut": 129411765,
        "weightedAverageShsOutDil": 129411765,
        "link": "",
        "finalLink": ""
    },
    {
        "date": "1998-03-31",
        "symbol": "CVG",
        "reportedCurrency": "USD",
        "cik": "0000000000",
        "fillingDate": "1998-03-31",
        "acceptedDate": "1998-03-30 19:00:00",
        "calendarYear": "1998",
        "period": "Q1",
        "revenue": 308600000,
        "costOfRevenue": 175200000,
        "grossProfit": 133400000,
        "grossProfitRatio": 0.4322747894,
        "researchAndDevelopmentExpenses": 61700000,
        "generalAndAdministrativeExpenses": 0,
        "sellingAndMarketingExpenses": 0,
        "sellingGeneralAndAdministrativeExpenses": 48900000,
        "otherExpenses": 18400000,
        "operatingExpenses": 129000000,
        "costAndExpenses": 304200000,
        "interestIncome": 0,
        "interestExpense": 6400000,
        "depreciationAndAmortization": 18400000,
        "ebitda": 21100000,
        "ebitdaratio": 0.0683732988,
        "operatingIncome": 4400000,
        "operatingIncomeRatio": 0.0142579391,
        "totalOtherIncomeExpensesNet": -8100000,
        "incomeBeforeTax": -3700000,
        "incomeBeforeTaxRatio": -0.0119896306,
        "incomeTaxExpense": -1400000,
        "netIncome": -2300000,
        "netIncomeRatio": -0.0074530136,
        "eps": -0.02,
        "epsdiluted": -0.02,
        "weightedAverageShsOut": 115000000,
        "weightedAverageShsOutDil": 115000000,
        "link": "",
        "finalLink": ""
    },
    {
        "date": "1997-12-31",
        "symbol": "CVG",
        "reportedCurrency": "USD",
        "cik": "0000000000",
        "fillingDate": "1997-12-31",
        "acceptedDate": "1997-12-30 19:00:00",
        "calendarYear": "1997",
        "period": "Q4",
        "revenue": 262400000,
        "costOfRevenue": 0,
        "grossProfit": 262400000,
        "grossProfitRatio": 1,
        "researchAndDevelopmentExpenses": 0,
        "generalAndAdministrativeExpenses": 0,
        "sellingAndMarketingExpenses": 0,
        "sellingGeneralAndAdministrativeExpenses": 0,
        "otherExpenses": -828500000,
        "operatingExpenses": -828500000,
        "costAndExpenses": -828500000,
        "interestIncome": 0,
        "interestExpense": 0,
        "depreciationAndAmortization": 571400000,
        "ebitda": 5300000,
        "ebitdaratio": 0.0201981707,
        "operatingIncome": -566100000,
        "operatingIncomeRatio": -2.1573932927,
        "totalOtherIncomeExpensesNet": 0,
        "incomeBeforeTax": 0,
        "incomeBeforeTaxRatio": 0,
        "incomeTaxExpense": -571400000,
        "netIncome": 5300000,
        "netIncomeRatio": 0.0201981707,
        "eps": 0.0461,
        "epsdiluted": 0.0461,
        "weightedAverageShsOut": 115000000,
        "weightedAverageShsOutDil": 115000000,
        "link": "",
        "finalLink": ""
    },
    {
        "date": "1997-09-30",
        "symbol": "CVG",
        "reportedCurrency": "USD",
        "cik": "0000000000",
        "fillingDate": "1997-09-30",
        "acceptedDate": "1997-09-29 20:00:00",
        "calendarYear": "1997",
        "period": "Q3",
        "revenue": 238500000,
        "costOfRevenue": 0,
        "grossProfit": 238500000,
        "grossProfitRatio": 1,
        "researchAndDevelopmentExpenses": 0,
        "generalAndAdministrativeExpenses": 0,
        "sellingAndMarketingExpenses": 0,
        "sellingGeneralAndAdministrativeExpenses": 0,
        "otherExpenses": 0,
        "operatingExpenses": 0,
        "costAndExpenses": 0,
        "interestIncome": 0,
        "interestExpense": 0,
        "depreciationAndAmortization": -212200000,
        "ebitda": 26300000,
        "ebitdaratio": 0.1102725367,
        "operatingIncome": 238500000,
        "operatingIncomeRatio": 1,
        "totalOtherIncomeExpensesNet": 0,
        "incomeBeforeTax": 0,
        "incomeBeforeTaxRatio": 0,
        "incomeTaxExpense": 212200000,
        "netIncome": 26300000,
        "netIncomeRatio": 0.1102725367,
        "eps": 0.19,
        "epsdiluted": 0.19,
        "weightedAverageShsOut": 138421053,
        "weightedAverageShsOutDil": 138421053,
        "link": "",
        "finalLink": ""
    },
    {
        "date": "1997-06-30",
        "symbol": "CVG",
        "reportedCurrency": "USD",
        "cik": "0000000000",
        "fillingDate": "1997-06-30",
        "acceptedDate": "1997-06-29 20:00:00",
        "calendarYear": "1997",
        "period": "Q2",
        "revenue": 243200000,
        "costOfRevenue": 0,
        "grossProfit": 243200000,
        "grossProfitRatio": 1,
        "researchAndDevelopmentExpenses": 0,
        "generalAndAdministrativeExpenses": 0,
        "sellingAndMarketingExpenses": 0,
        "sellingGeneralAndAdministrativeExpenses": 0,
        "otherExpenses": 0,
        "operatingExpenses": 0,
        "costAndExpenses": 0,
        "interestIncome": 0,
        "interestExpense": 0,
        "depreciationAndAmortization": -215000000,
        "ebitda": 28200000,
        "ebitdaratio": 0.1159539474,
        "operatingIncome": 243200000,
        "operatingIncomeRatio": 1,
        "totalOtherIncomeExpensesNet": 0,
        "incomeBeforeTax": 0,
        "incomeBeforeTaxRatio": 0,
        "incomeTaxExpense": 215000000,
        "netIncome": 28200000,
        "netIncomeRatio": 0.1159539474,
        "eps": 0.21,
        "epsdiluted": 0.21,
        "weightedAverageShsOut": 134285714,
        "weightedAverageShsOutDil": 134285714,
        "link": "",
        "finalLink": ""
    },
    {
        "date": "1997-03-31",
        "symbol": "CVG",
        "reportedCurrency": "USD",
        "cik": "0000000000",
        "fillingDate": "1997-03-31",
        "acceptedDate": "1997-03-30 19:00:00",
        "calendarYear": "1997",
        "period": "Q1",
        "revenue": 243400000,
        "costOfRevenue": 0,
        "grossProfit": 243400000,
        "grossProfitRatio": 1,
        "researchAndDevelopmentExpenses": 0,
        "generalAndAdministrativeExpenses": 0,
        "sellingAndMarketingExpenses": 0,
        "sellingGeneralAndAdministrativeExpenses": 0,
        "otherExpenses": 0,
        "operatingExpenses": 0,
        "costAndExpenses": 0,
        "interestIncome": 0,
        "interestExpense": 0,
        "depreciationAndAmortization": -216600000,
        "ebitda": 26800000,
        "ebitdaratio": 0.11010682,
        "operatingIncome": 243400000,
        "operatingIncomeRatio": 1,
        "totalOtherIncomeExpensesNet": 0,
        "incomeBeforeTax": 0,
        "incomeBeforeTaxRatio": 0,
        "incomeTaxExpense": 216600000,
        "netIncome": 26800000,
        "netIncomeRatio": 0.11010682,
        "eps": 0.2,
        "epsdiluted": 0.2,
        "weightedAverageShsOut": 134000000,
        "weightedAverageShsOutDil": 134000000,
        "link": "",
        "finalLink": ""
    }
]