[
    {
        "date": "2025-09-30",
        "symbol": "DAN",
        "reportedCurrency": "USD",
        "cik": "0000026780",
        "fillingDate": "2025-10-31",
        "acceptedDate": "2025-10-31 16:26:12",
        "calendarYear": "2025",
        "period": "Q3",
        "revenue": 1917000000,
        "costOfRevenue": 1753000000,
        "grossProfit": 164000000,
        "grossProfitRatio": 0.0676363636,
        "researchAndDevelopmentExpenses": 0,
        "generalAndAdministrativeExpenses": 0,
        "sellingAndMarketingExpenses": 0,
        "sellingGeneralAndAdministrativeExpenses": 87000000,
        "otherExpenses": 0,
        "operatingExpenses": 87000000,
        "costAndExpenses": 1840000000,
        "interestIncome": 2000000,
        "interestExpense": 47000000,
        "depreciationAndAmortization": 88000000,
        "ebitda": 144000000,
        "ebitdaratio": 0.04,
        "operatingIncome": 77000000,
        "operatingIncomeRatio": 0.024,
        "totalOtherIncomeExpensesNet": -66000000,
        "incomeBeforeTax": 11000000,
        "incomeBeforeTaxRatio": 0.0858181818,
        "incomeTaxExpense": -2000000,
        "netIncome": 83000000,
        "netIncomeRatio": 0.0603636364,
        "eps": 0.61,
        "epsdiluted": 0.61,
        "weightedAverageShsOut": 139200000,
        "weightedAverageShsOutDil": 139200000,
        "link": "https://www.sec.gov/Archives/edgar/data/26780/000143774925032594/0001437749-25-032594-index.htm",
        "finalLink": "https://www.sec.gov/Archives/edgar/data/26780/000143774925032594/dan20250930_10q.htm"
    },
    {
        "date": "2025-06-30",
        "symbol": "DAN",
        "reportedCurrency": "USD",
        "cik": "0000026780",
        "fillingDate": "2025-08-11",
        "acceptedDate": "2025-08-11 15:43:47",
        "calendarYear": "2025",
        "period": "Q2",
        "revenue": 1935000000,
        "costOfRevenue": 1797000000,
        "grossProfit": 138000000,
        "grossProfitRatio": 0.0713178295,
        "researchAndDevelopmentExpenses": 0,
        "generalAndAdministrativeExpenses": 0,
        "sellingAndMarketingExpenses": 0,
        "sellingGeneralAndAdministrativeExpenses": 101000000,
        "otherExpenses": 0,
        "operatingExpenses": 101000000,
        "costAndExpenses": 1898000000,
        "interestIncome": 3000000,
        "interestExpense": 44000000,
        "depreciationAndAmortization": 76000000,
        "ebitda": 111000000,
        "ebitdaratio": 0.0573643411,
        "operatingIncome": 37000000,
        "operatingIncomeRatio": 0.019121447,
        "totalOtherIncomeExpensesNet": -39000000,
        "incomeBeforeTax": -2000000,
        "incomeBeforeTaxRatio": -0.0010335917,
        "incomeTaxExpense": 10000000,
        "netIncome": 27000000,
        "netIncomeRatio": 0.0139534884,
        "eps": 0.19,
        "epsdiluted": 0.19,
        "weightedAverageShsOut": 143800000,
        "weightedAverageShsOutDil": 143800000,
        "link": "https://www.sec.gov/Archives/edgar/data/26780/000143774925025910/0001437749-25-025910-index.htm",
        "finalLink": "https://www.sec.gov/Archives/edgar/data/26780/000143774925025910/dan20250630_10q.htm"
    },
    {
        "date": "2025-03-31",
        "symbol": "DAN",
        "reportedCurrency": "USD",
        "cik": "0000026780",
        "fillingDate": "2025-04-30",
        "acceptedDate": "2025-04-30 12:05:00",
        "calendarYear": "2025",
        "period": "Q1",
        "revenue": 2352000000,
        "costOfRevenue": 2126000000,
        "grossProfit": 226000000,
        "grossProfitRatio": 0.0960884354,
        "researchAndDevelopmentExpenses": 0,
        "generalAndAdministrativeExpenses": 0,
        "sellingAndMarketingExpenses": 0,
        "sellingGeneralAndAdministrativeExpenses": 132000000,
        "otherExpenses": 0,
        "operatingExpenses": 132000000,
        "costAndExpenses": 2258000000,
        "interestIncome": 3000000,
        "interestExpense": 39000000,
        "depreciationAndAmortization": 101000000,
        "ebitda": 176000000,
        "ebitdaratio": 0.074829932,
        "operatingIncome": 94000000,
        "operatingIncomeRatio": 0.0399659864,
        "totalOtherIncomeExpensesNet": -56000000,
        "incomeBeforeTax": 38000000,
        "incomeBeforeTaxRatio": 0.0161564626,
        "incomeTaxExpense": 10000000,
        "netIncome": 25000000,
        "netIncomeRatio": 0.0106292517,
        "eps": 0.17,
        "epsdiluted": 0.17,
        "weightedAverageShsOut": 145600000,
        "weightedAverageShsOutDil": 147000000,
        "link": "https://www.sec.gov/Archives/edgar/data/26780/000143774925013716/0001437749-25-013716-index.htm",
        "finalLink": "https://www.sec.gov/Archives/edgar/data/26780/000143774925013716/dan20250331_10q.htm"
    },
    {
        "date": "2024-12-31",
        "symbol": "DAN",
        "reportedCurrency": "USD",
        "cik": "0000026780",
        "fillingDate": "2025-02-20",
        "acceptedDate": "2025-02-20 15:42:05",
        "calendarYear": "2024",
        "period": "Q4",
        "revenue": 2335000000,
        "costOfRevenue": 2203000000,
        "grossProfit": 132000000,
        "grossProfitRatio": 0.0565310493,
        "researchAndDevelopmentExpenses": 360000000,
        "generalAndAdministrativeExpenses": 0,
        "sellingAndMarketingExpenses": 0,
        "sellingGeneralAndAdministrativeExpenses": 127000000,
        "otherExpenses": 0,
        "operatingExpenses": 487000000,
        "costAndExpenses": 2690000000,
        "interestIncome": 5000000,
        "interestExpense": 43000000,
        "depreciationAndAmortization": 102000000,
        "ebitda": 104000000,
        "ebitdaratio": 0.0445396146,
        "operatingIncome": -355000000,
        "operatingIncomeRatio": -0.1520342612,
        "totalOtherIncomeExpensesNet": 284000000,
        "incomeBeforeTax": -71000000,
        "incomeBeforeTaxRatio": -0.0304068522,
        "incomeTaxExpense": 5000000,
        "netIncome": -80000000,
        "netIncomeRatio": -0.034261242,
        "eps": -0.55,
        "epsdiluted": -0.55,
        "weightedAverageShsOut": 145200000,
        "weightedAverageShsOutDil": 145200000,
        "link": "https://www.sec.gov/Archives/edgar/data/26780/000143774925004554/0001437749-25-004554-index.htm",
        "finalLink": "https://www.sec.gov/Archives/edgar/data/26780/000143774925004554/dan20241231_10k.htm"
    },
    {
        "date": "2024-09-30",
        "symbol": "DAN",
        "reportedCurrency": "USD",
        "cik": "0000026780",
        "fillingDate": "2024-10-30",
        "acceptedDate": "2024-10-30 11:04:50",
        "calendarYear": "2024",
        "period": "Q3",
        "revenue": 2476000000,
        "costOfRevenue": 2231000000,
        "grossProfit": 245000000,
        "grossProfitRatio": 0.0989499192,
        "researchAndDevelopmentExpenses": 0,
        "generalAndAdministrativeExpenses": 0,
        "sellingAndMarketingExpenses": 0,
        "sellingGeneralAndAdministrativeExpenses": 138000000,
        "otherExpenses": 0,
        "operatingExpenses": 138000000,
        "costAndExpenses": 2369000000,
        "interestIncome": 4000000,
        "interestExpense": 40000000,
        "depreciationAndAmortization": 102000000,
        "ebitda": 206000000,
        "ebitdaratio": 0.0831987076,
        "operatingIncome": 107000000,
        "operatingIncomeRatio": 0.0432148627,
        "totalOtherIncomeExpensesNet": -53000000,
        "incomeBeforeTax": 54000000,
        "incomeBeforeTaxRatio": 0.02180937,
        "incomeTaxExpense": 43000000,
        "netIncome": 4000000,
        "netIncomeRatio": 0.0016155089,
        "eps": 0.0276,
        "epsdiluted": 0.0276,
        "weightedAverageShsOut": 145000000,
        "weightedAverageShsOutDil": 145100000,
        "link": "https://www.sec.gov/Archives/edgar/data/26780/000143774924032558/0001437749-24-032558-index.htm",
        "finalLink": "https://www.sec.gov/Archives/edgar/data/26780/000143774924032558/dan20240930_10q.htm"
    },
    {
        "date": "2024-06-30",
        "symbol": "DAN",
        "reportedCurrency": "USD",
        "cik": "0000026780",
        "fillingDate": "2024-07-31",
        "acceptedDate": "2024-07-31 10:38:44",
        "calendarYear": "2024",
        "period": "Q2",
        "revenue": 2047000000,
        "costOfRevenue": 1930000000,
        "grossProfit": 117000000,
        "grossProfitRatio": 0.0571568149,
        "researchAndDevelopmentExpenses": 0,
        "generalAndAdministrativeExpenses": 0,
        "sellingAndMarketingExpenses": 0,
        "sellingGeneralAndAdministrativeExpenses": 112000000,
        "otherExpenses": 0,
        "operatingExpenses": 112000000,
        "costAndExpenses": 2042000000,
        "interestIncome": 2000000,
        "interestExpense": 39000000,
        "depreciationAndAmortization": 71000000,
        "ebitda": 74000000,
        "ebitdaratio": 0.0361504641,
        "operatingIncome": 5000000,
        "operatingIncomeRatio": 0.0024425989,
        "totalOtherIncomeExpensesNet": -54000000,
        "incomeBeforeTax": -49000000,
        "incomeBeforeTaxRatio": -0.0239374695,
        "incomeTaxExpense": 12000000,
        "netIncome": 16000000,
        "netIncomeRatio": 0.0078163166,
        "eps": 0.11,
        "epsdiluted": 0.11,
        "weightedAverageShsOut": 145000000,
        "weightedAverageShsOutDil": 145100000,
        "link": "https://www.sec.gov/Archives/edgar/data/26780/000143774924024009/0001437749-24-024009-index.htm",
        "finalLink": "https://www.sec.gov/Archives/edgar/data/26780/000143774924024009/dan20240630_10q.htm"
    },
    {
        "date": "2024-03-31",
        "symbol": "DAN",
        "reportedCurrency": "USD",
        "cik": "0000026780",
        "fillingDate": "2024-04-30",
        "acceptedDate": "2024-04-30 11:23:57",
        "calendarYear": "2024",
        "period": "Q1",
        "revenue": 2015000000,
        "costOfRevenue": 1903000000,
        "grossProfit": 112000000,
        "grossProfitRatio": 0.0555831266,
        "researchAndDevelopmentExpenses": 0,
        "generalAndAdministrativeExpenses": 0,
        "sellingAndMarketingExpenses": 0,
        "sellingGeneralAndAdministrativeExpenses": 117000000,
        "otherExpenses": 0,
        "operatingExpenses": 117000000,
        "costAndExpenses": 2020000000,
        "interestIncome": 4000000,
        "interestExpense": 39000000,
        "depreciationAndAmortization": 106000000,
        "ebitda": 99000000,
        "ebitdaratio": 0.0491315136,
        "operatingIncome": -5000000,
        "operatingIncomeRatio": -0.0024813896,
        "totalOtherIncomeExpensesNet": -67000000,
        "incomeBeforeTax": -72000000,
        "incomeBeforeTaxRatio": -0.0357320099,
        "incomeTaxExpense": -7000000,
        "netIncome": 3000000,
        "netIncomeRatio": 0.0014888337,
        "eps": 0.0207,
        "epsdiluted": 0.0207,
        "weightedAverageShsOut": 144800000,
        "weightedAverageShsOutDil": 144800000,
        "link": "https://www.sec.gov/Archives/edgar/data/26780/000143774924013892/0001437749-24-013892-index.htm",
        "finalLink": "https://www.sec.gov/Archives/edgar/data/26780/000143774924013892/dan20240331_10q.htm"
    },
    {
        "date": "2023-12-31",
        "symbol": "DAN",
        "reportedCurrency": "USD",
        "cik": "0000026780",
        "fillingDate": "2024-02-20",
        "acceptedDate": "2024-02-20 11:46:09",
        "calendarYear": "2023",
        "period": "Q4",
        "revenue": 2494000000,
        "costOfRevenue": 2330000000,
        "grossProfit": 164000000,
        "grossProfitRatio": 0.0657578188,
        "researchAndDevelopmentExpenses": 369000000,
        "generalAndAdministrativeExpenses": 0,
        "sellingAndMarketingExpenses": 0,
        "sellingGeneralAndAdministrativeExpenses": 142000000,
        "otherExpenses": 0,
        "operatingExpenses": 511000000,
        "costAndExpenses": 2841000000,
        "interestIncome": 3000000,
        "interestExpense": 40000000,
        "depreciationAndAmortization": 112000000,
        "ebitda": 131000000,
        "ebitdaratio": 0.0525260626,
        "operatingIncome": -347000000,
        "operatingIncomeRatio": -0.1391339214,
        "totalOtherIncomeExpensesNet": 306000000,
        "incomeBeforeTax": -41000000,
        "incomeBeforeTaxRatio": -0.0164394547,
        "incomeTaxExpense": 3000000,
        "netIncome": -39000000,
        "netIncomeRatio": -0.0156375301,
        "eps": -0.27,
        "epsdiluted": -0.27,
        "weightedAverageShsOut": 144500000,
        "weightedAverageShsOutDil": 144500000,
        "link": "https://www.sec.gov/Archives/edgar/data/26780/000143774924004751/0001437749-24-004751-index.htm",
        "finalLink": "https://www.sec.gov/Archives/edgar/data/26780/000143774924004751/dan20231231_10k.htm"
    },
    {
        "date": "2023-09-30",
        "symbol": "DAN",
        "reportedCurrency": "USD",
        "cik": "0000026780",
        "fillingDate": "2023-10-27",
        "acceptedDate": "2023-10-27 10:18:32",
        "calendarYear": "2023",
        "period": "Q3",
        "revenue": 2669000000,
        "costOfRevenue": 2433000000,
        "grossProfit": 236000000,
        "grossProfitRatio": 0.0884226302,
        "researchAndDevelopmentExpenses": 0,
        "generalAndAdministrativeExpenses": 0,
        "sellingAndMarketingExpenses": 0,
        "sellingGeneralAndAdministrativeExpenses": 130000000,
        "otherExpenses": 0,
        "operatingExpenses": 130000000,
        "costAndExpenses": 2563000000,
        "interestIncome": 5000000,
        "interestExpense": 41000000,
        "depreciationAndAmortization": 107000000,
        "ebitda": 210000000,
        "ebitdaratio": 0.078681154,
        "operatingIncome": 106000000,
        "operatingIncomeRatio": 0.0397152492,
        "totalOtherIncomeExpensesNet": -48000000,
        "incomeBeforeTax": 58000000,
        "incomeBeforeTaxRatio": 0.0217309854,
        "incomeTaxExpense": 33000000,
        "netIncome": 19000000,
        "netIncomeRatio": 0.0071187711,
        "eps": 0.13,
        "epsdiluted": 0.13,
        "weightedAverageShsOut": 144300000,
        "weightedAverageShsOutDil": 144700000,
        "link": "https://www.sec.gov/Archives/edgar/data/26780/000143774923029169/0001437749-23-029169-index.htm",
        "finalLink": "https://www.sec.gov/Archives/edgar/data/26780/000143774923029169/dan20230930_10q.htm"
    },
    {
        "date": "2023-06-30",
        "symbol": "DAN",
        "reportedCurrency": "USD",
        "cik": "0000026780",
        "fillingDate": "2023-07-28",
        "acceptedDate": "2023-07-28 10:27:27",
        "calendarYear": "2023",
        "period": "Q2",
        "revenue": 2748000000,
        "costOfRevenue": 2477000000,
        "grossProfit": 271000000,
        "grossProfitRatio": 0.0986171761,
        "researchAndDevelopmentExpenses": 0,
        "generalAndAdministrativeExpenses": 0,
        "sellingAndMarketingExpenses": 0,
        "sellingGeneralAndAdministrativeExpenses": 147000000,
        "otherExpenses": 0,
        "operatingExpenses": 147000000,
        "costAndExpenses": 2624000000,
        "interestIncome": 5000000,
        "interestExpense": 39000000,
        "depreciationAndAmortization": 100000000,
        "ebitda": 220000000,
        "ebitdaratio": 0.0800582242,
        "operatingIncome": 124000000,
        "operatingIncomeRatio": 0.0451237263,
        "totalOtherIncomeExpensesNet": -33000000,
        "incomeBeforeTax": 91000000,
        "incomeBeforeTaxRatio": 0.0331149927,
        "incomeTaxExpense": 55000000,
        "netIncome": 30000000,
        "netIncomeRatio": 0.0109170306,
        "eps": 0.21,
        "epsdiluted": 0.21,
        "weightedAverageShsOut": 144300000,
        "weightedAverageShsOutDil": 144400000,
        "link": "https://www.sec.gov/Archives/edgar/data/26780/000143774923020978/0001437749-23-020978-index.htm",
        "finalLink": "https://www.sec.gov/Archives/edgar/data/26780/000143774923020978/dan20230630_10q.htm"
    },
    {
        "date": "2023-03-31",
        "symbol": "DAN",
        "reportedCurrency": "USD",
        "cik": "0000026780",
        "fillingDate": "2023-04-28",
        "acceptedDate": "2023-04-28 10:34:09",
        "calendarYear": "2023",
        "period": "Q1",
        "revenue": 2644000000,
        "costOfRevenue": 2415000000,
        "grossProfit": 229000000,
        "grossProfitRatio": 0.0866111952,
        "researchAndDevelopmentExpenses": 0,
        "generalAndAdministrativeExpenses": 0,
        "sellingAndMarketingExpenses": 0,
        "sellingGeneralAndAdministrativeExpenses": 143000000,
        "otherExpenses": 0,
        "operatingExpenses": 143000000,
        "costAndExpenses": 2558000000,
        "interestIncome": 4000000,
        "interestExpense": 34000000,
        "depreciationAndAmortization": 97000000,
        "ebitda": 180000000,
        "ebitdaratio": 0.0680786687,
        "operatingIncome": 86000000,
        "operatingIncomeRatio": 0.032526475,
        "totalOtherIncomeExpensesNet": -25000000,
        "incomeBeforeTax": 61000000,
        "incomeBeforeTaxRatio": 0.0230711044,
        "incomeTaxExpense": 30000000,
        "netIncome": 28000000,
        "netIncomeRatio": 0.0105900151,
        "eps": 0.19,
        "epsdiluted": 0.19,
        "weightedAverageShsOut": 147368421,
        "weightedAverageShsOutDil": 144300000,
        "link": "https://www.sec.gov/Archives/edgar/data/26780/000143774923011526/0001437749-23-011526-index.htm",
        "finalLink": "https://www.sec.gov/Archives/edgar/data/26780/000143774923011526/dan20230331_10q.htm"
    },
    {
        "date": "2022-12-31",
        "symbol": "DAN",
        "reportedCurrency": "USD",
        "cik": "0000026780",
        "fillingDate": "2023-02-21",
        "acceptedDate": "2023-02-21 13:01:22",
        "calendarYear": "2022",
        "period": "Q4",
        "revenue": 2555000000,
        "costOfRevenue": 2375000000,
        "grossProfit": 180000000,
        "grossProfitRatio": 0.0704500978,
        "researchAndDevelopmentExpenses": 321000000,
        "generalAndAdministrativeExpenses": 0,
        "sellingAndMarketingExpenses": 0,
        "sellingGeneralAndAdministrativeExpenses": 125000000,
        "otherExpenses": 0,
        "operatingExpenses": 446000000,
        "costAndExpenses": 2821000000,
        "interestIncome": 5000000,
        "interestExpense": 33000000,
        "depreciationAndAmortization": 101000000,
        "ebitda": 152000000,
        "ebitdaratio": 0.0594911937,
        "operatingIncome": -266000000,
        "operatingIncomeRatio": -0.104109589,
        "totalOtherIncomeExpensesNet": 305000000,
        "incomeBeforeTax": 39000000,
        "incomeBeforeTaxRatio": 0.0152641879,
        "incomeTaxExpense": 217000000,
        "netIncome": -179000000,
        "netIncomeRatio": -0.0700587084,
        "eps": -1.28,
        "epsdiluted": -1.28,
        "weightedAverageShsOut": 143400000,
        "weightedAverageShsOutDil": 143400000,
        "link": "https://www.sec.gov/Archives/edgar/data/26780/000143774923003931/0001437749-23-003931-index.htm",
        "finalLink": "https://www.sec.gov/Archives/edgar/data/26780/000143774923003931/dan20221231_10k.htm"
    },
    {
        "date": "2022-09-30",
        "symbol": "DAN",
        "reportedCurrency": "USD",
        "cik": "0000026780",
        "fillingDate": "2022-10-27",
        "acceptedDate": "2022-10-27 10:19:08",
        "calendarYear": "2022",
        "period": "Q3",
        "revenue": 2535000000,
        "costOfRevenue": 2332000000,
        "grossProfit": 203000000,
        "grossProfitRatio": 0.0800788955,
        "researchAndDevelopmentExpenses": 0,
        "generalAndAdministrativeExpenses": 0,
        "sellingAndMarketingExpenses": 0,
        "sellingGeneralAndAdministrativeExpenses": 114000000,
        "otherExpenses": 0,
        "operatingExpenses": 114000000,
        "costAndExpenses": 2446000000,
        "interestIncome": 2000000,
        "interestExpense": 32000000,
        "depreciationAndAmortization": 94000000,
        "ebitda": 180000000,
        "ebitdaratio": 0.0710059172,
        "operatingIncome": 89000000,
        "operatingIncomeRatio": 0.0351084813,
        "totalOtherIncomeExpensesNet": -221000000,
        "incomeBeforeTax": -132000000,
        "incomeBeforeTaxRatio": -0.0520710059,
        "incomeTaxExpense": 31000000,
        "netIncome": -88000000,
        "netIncomeRatio": -0.0347140039,
        "eps": -1.13,
        "epsdiluted": -1.13,
        "weightedAverageShsOut": 143400000,
        "weightedAverageShsOutDil": 143400000,
        "link": "https://www.sec.gov/Archives/edgar/data/26780/000143774922024893/0001437749-22-024893-index.htm",
        "finalLink": "https://www.sec.gov/Archives/edgar/data/26780/000143774922024893/dan20220930_10q.htm"
    },
    {
        "date": "2022-06-30",
        "symbol": "DAN",
        "reportedCurrency": "USD",
        "cik": "0000026780",
        "fillingDate": "2022-08-03",
        "acceptedDate": "2022-08-03 11:12:13",
        "calendarYear": "2022",
        "period": "Q2",
        "revenue": 2586000000,
        "costOfRevenue": 2403000000,
        "grossProfit": 183000000,
        "grossProfitRatio": 0.0707656613,
        "researchAndDevelopmentExpenses": 0,
        "generalAndAdministrativeExpenses": 0,
        "sellingAndMarketingExpenses": 0,
        "sellingGeneralAndAdministrativeExpenses": 133000000,
        "otherExpenses": 0,
        "operatingExpenses": 133000000,
        "costAndExpenses": 2536000000,
        "interestIncome": 2000000,
        "interestExpense": 32000000,
        "depreciationAndAmortization": 96000000,
        "ebitda": 143000000,
        "ebitdaratio": 0.0552977572,
        "operatingIncome": 50000000,
        "operatingIncomeRatio": 0.0193348801,
        "totalOtherIncomeExpensesNet": -22000000,
        "incomeBeforeTax": 28000000,
        "incomeBeforeTaxRatio": 0.0108275329,
        "incomeTaxExpense": 18000000,
        "netIncome": 8000000,
        "netIncomeRatio": 0.0030935808,
        "eps": 0.0767,
        "epsdiluted": 0.0765,
        "weightedAverageShsOut": 143400000,
        "weightedAverageShsOutDil": 143700000,
        "link": "https://www.sec.gov/Archives/edgar/data/26780/000143774922018583/0001437749-22-018583-index.htm",
        "finalLink": "https://www.sec.gov/Archives/edgar/data/26780/000143774922018583/dan20220630_10q.htm"
    },
    {
        "date": "2022-03-31",
        "symbol": "DAN",
        "reportedCurrency": "USD",
        "cik": "0000026780",
        "fillingDate": "2022-04-28",
        "acceptedDate": "2022-04-28 16:14:36",
        "calendarYear": "2022",
        "period": "Q1",
        "revenue": 2480000000,
        "costOfRevenue": 2283000000,
        "grossProfit": 197000000,
        "grossProfitRatio": 0.0794354839,
        "researchAndDevelopmentExpenses": 0,
        "generalAndAdministrativeExpenses": 0,
        "sellingAndMarketingExpenses": 0,
        "sellingGeneralAndAdministrativeExpenses": 130000000,
        "otherExpenses": 0,
        "operatingExpenses": 130000000,
        "costAndExpenses": 2413000000,
        "interestIncome": 2000000,
        "interestExpense": 31000000,
        "depreciationAndAmortization": 97000000,
        "ebitda": 160000000,
        "ebitdaratio": 0.064516129,
        "operatingIncome": 67000000,
        "operatingIncomeRatio": 0.027016129,
        "totalOtherIncomeExpensesNet": -29000000,
        "incomeBeforeTax": 38000000,
        "incomeBeforeTaxRatio": 0.0153225806,
        "incomeTaxExpense": 18000000,
        "netIncome": 17000000,
        "netIncomeRatio": 0.0068548387,
        "eps": 0.12,
        "epsdiluted": 0.12,
        "weightedAverageShsOut": 144200000,
        "weightedAverageShsOutDil": 145300000,
        "link": "https://www.sec.gov/Archives/edgar/data/26780/000143774922010084/0001437749-22-010084-index.htm",
        "finalLink": "https://www.sec.gov/Archives/edgar/data/26780/000143774922010084/dan20220331_10q.htm"
    },
    {
        "date": "2021-12-31",
        "symbol": "DAN",
        "reportedCurrency": "USD",
        "cik": "0000026780",
        "fillingDate": "2022-02-23",
        "acceptedDate": "2022-02-23 16:59:25",
        "calendarYear": "2021",
        "period": "Q4",
        "revenue": 2273000000,
        "costOfRevenue": 2145000000,
        "grossProfit": 128000000,
        "grossProfitRatio": 0.0563132424,
        "researchAndDevelopmentExpenses": 297000000,
        "generalAndAdministrativeExpenses": 0,
        "sellingAndMarketingExpenses": 0,
        "sellingGeneralAndAdministrativeExpenses": 154000000,
        "otherExpenses": 0,
        "operatingExpenses": 451000000,
        "costAndExpenses": 2596000000,
        "interestIncome": 3000000,
        "interestExpense": 32000000,
        "depreciationAndAmortization": 99000000,
        "ebitda": 70000000,
        "ebitdaratio": 0.0307963044,
        "operatingIncome": -323000000,
        "operatingIncomeRatio": -0.1421029476,
        "totalOtherIncomeExpensesNet": 368000000,
        "incomeBeforeTax": 45000000,
        "incomeBeforeTaxRatio": 0.0197976243,
        "incomeTaxExpense": 16000000,
        "netIncome": 25000000,
        "netIncomeRatio": 0.0109986802,
        "eps": 0.18,
        "epsdiluted": 0.18,
        "weightedAverageShsOut": 144300000,
        "weightedAverageShsOutDil": 145800000,
        "link": "https://www.sec.gov/Archives/edgar/data/26780/000143774922004203/0001437749-22-004203-index.htm",
        "finalLink": "https://www.sec.gov/Archives/edgar/data/26780/000143774922004203/dan20211123_10k.htm"
    },
    {
        "date": "2021-09-30",
        "symbol": "DAN",
        "reportedCurrency": "USD",
        "cik": "0000026780",
        "fillingDate": "2021-10-26",
        "acceptedDate": "2021-10-26 10:24:13",
        "calendarYear": "2021",
        "period": "Q3",
        "revenue": 2204000000,
        "costOfRevenue": 1998000000,
        "grossProfit": 206000000,
        "grossProfitRatio": 0.0934664247,
        "researchAndDevelopmentExpenses": 0,
        "generalAndAdministrativeExpenses": 0,
        "sellingAndMarketingExpenses": 0,
        "sellingGeneralAndAdministrativeExpenses": 105000000,
        "otherExpenses": 0,
        "operatingExpenses": 105000000,
        "costAndExpenses": 2103000000,
        "interestIncome": 2000000,
        "interestExpense": 31000000,
        "depreciationAndAmortization": 98000000,
        "ebitda": 195000000,
        "ebitdaratio": 0.0884754991,
        "operatingIncome": 101000000,
        "operatingIncomeRatio": 0.0458257713,
        "totalOtherIncomeExpensesNet": -31000000,
        "incomeBeforeTax": 70000000,
        "incomeBeforeTaxRatio": 0.0317604356,
        "incomeTaxExpense": 20000000,
        "netIncome": 48000000,
        "netIncomeRatio": 0.0217785844,
        "eps": 0.33,
        "epsdiluted": 0.33,
        "weightedAverageShsOut": 144800000,
        "weightedAverageShsOutDil": 146200000,
        "link": "https://www.sec.gov/Archives/edgar/data/26780/000143774921024264/0001437749-21-024264-index.htm",
        "finalLink": "https://www.sec.gov/Archives/edgar/data/26780/000143774921024264/dan20210930_10q.htm"
    },
    {
        "date": "2021-06-30",
        "symbol": "DAN",
        "reportedCurrency": "USD",
        "cik": "0000026780",
        "fillingDate": "2021-07-30",
        "acceptedDate": "2021-07-30 11:18:21",
        "calendarYear": "2021",
        "period": "Q2",
        "revenue": 2205000000,
        "costOfRevenue": 1953000000,
        "grossProfit": 252000000,
        "grossProfitRatio": 0.1142857143,
        "researchAndDevelopmentExpenses": 0,
        "generalAndAdministrativeExpenses": 0,
        "sellingAndMarketingExpenses": 0,
        "sellingGeneralAndAdministrativeExpenses": 129000000,
        "otherExpenses": 0,
        "operatingExpenses": 129000000,
        "costAndExpenses": 2082000000,
        "interestIncome": 2000000,
        "interestExpense": 34000000,
        "depreciationAndAmortization": 97000000,
        "ebitda": 217000000,
        "ebitdaratio": 0.0984126984,
        "operatingIncome": 123000000,
        "operatingIncomeRatio": 0.0557823129,
        "totalOtherIncomeExpensesNet": -56000000,
        "incomeBeforeTax": 67000000,
        "incomeBeforeTaxRatio": 0.0303854875,
        "incomeTaxExpense": 14000000,
        "netIncome": 53000000,
        "netIncomeRatio": 0.0240362812,
        "eps": 0.37,
        "epsdiluted": 0.36,
        "weightedAverageShsOut": 145200000,
        "weightedAverageShsOutDil": 146700000,
        "link": "https://www.sec.gov/Archives/edgar/data/26780/000143774921017980/0001437749-21-017980-index.htm",
        "finalLink": "https://www.sec.gov/Archives/edgar/data/26780/000143774921017980/dan20210630_10q.htm"
    },
    {
        "date": "2021-03-31",
        "symbol": "DAN",
        "reportedCurrency": "USD",
        "cik": "0000026780",
        "fillingDate": "2021-04-28",
        "acceptedDate": "2021-04-28 10:44:03",
        "calendarYear": "2021",
        "period": "Q1",
        "revenue": 2263000000,
        "costOfRevenue": 2012000000,
        "grossProfit": 251000000,
        "grossProfitRatio": 0.110914715,
        "researchAndDevelopmentExpenses": 0,
        "generalAndAdministrativeExpenses": 0,
        "sellingAndMarketingExpenses": 0,
        "sellingGeneralAndAdministrativeExpenses": 121000000,
        "otherExpenses": 0,
        "operatingExpenses": 121000000,
        "costAndExpenses": 2133000000,
        "interestIncome": 2000000,
        "interestExpense": 34000000,
        "depreciationAndAmortization": 95000000,
        "ebitda": 221000000,
        "ebitdaratio": 0.0976579761,
        "operatingIncome": 130000000,
        "operatingIncomeRatio": 0.0574458683,
        "totalOtherIncomeExpensesNet": -40000000,
        "incomeBeforeTax": 90000000,
        "incomeBeforeTaxRatio": 0.0397702165,
        "incomeTaxExpense": 22000000,
        "netIncome": 71000000,
        "netIncomeRatio": 0.0313742819,
        "eps": 0.49,
        "epsdiluted": 0.48,
        "weightedAverageShsOut": 144900000,
        "weightedAverageShsOutDil": 146400000,
        "link": "https://www.sec.gov/Archives/edgar/data/26780/000143774921009986/0001437749-21-009986-index.htm",
        "finalLink": "https://www.sec.gov/Archives/edgar/data/26780/000143774921009986/dan20210331_10q.htm"
    },
    {
        "date": "2020-12-31",
        "symbol": "DAN",
        "reportedCurrency": "USD",
        "cik": "0000026780",
        "fillingDate": "2021-02-18",
        "acceptedDate": "2021-02-18 13:36:04",
        "calendarYear": "2020",
        "period": "Q4",
        "revenue": 2108000000,
        "costOfRevenue": 1897000000,
        "grossProfit": 211000000,
        "grossProfitRatio": 0.1000948767,
        "researchAndDevelopmentExpenses": 246000000,
        "generalAndAdministrativeExpenses": 0,
        "sellingAndMarketingExpenses": 0,
        "sellingGeneralAndAdministrativeExpenses": 163000000,
        "otherExpenses": 0,
        "operatingExpenses": 409000000,
        "costAndExpenses": 2306000000,
        "interestIncome": 2000000,
        "interestExpense": 39000000,
        "depreciationAndAmortization": 93000000,
        "ebitda": 138000000,
        "ebitdaratio": 0.0654648956,
        "operatingIncome": -198000000,
        "operatingIncomeRatio": -0.0939278937,
        "totalOtherIncomeExpensesNet": 261000000,
        "incomeBeforeTax": 63000000,
        "incomeBeforeTaxRatio": 0.029886148,
        "incomeTaxExpense": 24000000,
        "netIncome": 40000000,
        "netIncomeRatio": 0.0189753321,
        "eps": 0.28,
        "epsdiluted": 0.27,
        "weightedAverageShsOut": 144600000,
        "weightedAverageShsOutDil": 145700000,
        "link": "https://www.sec.gov/Archives/edgar/data/26780/000143774921003221/0001437749-21-003221-index.htm",
        "finalLink": "https://www.sec.gov/Archives/edgar/data/26780/000143774921003221/dan20201231_10k.htm"
    },
    {
        "date": "2020-09-30",
        "symbol": "DAN",
        "reportedCurrency": "USD",
        "cik": "0000026780",
        "fillingDate": "2020-10-28",
        "acceptedDate": "2020-10-28 12:30:04",
        "calendarYear": "2020",
        "period": "Q3",
        "revenue": 1994000000,
        "costOfRevenue": 1780000000,
        "grossProfit": 214000000,
        "grossProfitRatio": 0.1073219659,
        "researchAndDevelopmentExpenses": 0,
        "generalAndAdministrativeExpenses": 0,
        "sellingAndMarketingExpenses": 0,
        "sellingGeneralAndAdministrativeExpenses": 114000000,
        "otherExpenses": 0,
        "operatingExpenses": 114000000,
        "costAndExpenses": 1894000000,
        "interestIncome": 3000000,
        "interestExpense": 38000000,
        "depreciationAndAmortization": 94000000,
        "ebitda": 190000000,
        "ebitdaratio": 0.0952858576,
        "operatingIncome": 100000000,
        "operatingIncomeRatio": 0.0501504514,
        "totalOtherIncomeExpensesNet": -39000000,
        "incomeBeforeTax": 61000000,
        "incomeBeforeTaxRatio": 0.0305917753,
        "incomeTaxExpense": 16000000,
        "netIncome": 45000000,
        "netIncomeRatio": 0.0225677031,
        "eps": 0.31,
        "epsdiluted": 0.31,
        "weightedAverageShsOut": 144500000,
        "weightedAverageShsOutDil": 145200000,
        "link": "https://www.sec.gov/Archives/edgar/data/26780/000143774920021780/0001437749-20-021780-index.htm",
        "finalLink": "https://www.sec.gov/Archives/edgar/data/26780/000143774920021780/dan20200930_10q.htm"
    },
    {
        "date": "2020-06-30",
        "symbol": "DAN",
        "reportedCurrency": "USD",
        "cik": "0000026780",
        "fillingDate": "2020-07-30",
        "acceptedDate": "2020-07-30 17:39:53",
        "calendarYear": "2020",
        "period": "Q2",
        "revenue": 1078000000,
        "costOfRevenue": 1088000000,
        "grossProfit": -10000000,
        "grossProfitRatio": -0.0092764378,
        "researchAndDevelopmentExpenses": 0,
        "generalAndAdministrativeExpenses": 0,
        "sellingAndMarketingExpenses": 0,
        "sellingGeneralAndAdministrativeExpenses": 85000000,
        "otherExpenses": 0,
        "operatingExpenses": 85000000,
        "costAndExpenses": 1173000000,
        "interestIncome": 2000000,
        "interestExpense": 32000000,
        "depreciationAndAmortization": 89000000,
        "ebitda": -9000000,
        "ebitdaratio": -0.0083487941,
        "operatingIncome": -95000000,
        "operatingIncomeRatio": -0.0881261596,
        "totalOtherIncomeExpensesNet": -44000000,
        "incomeBeforeTax": -139000000,
        "incomeBeforeTaxRatio": -0.1289424861,
        "incomeTaxExpense": 34000000,
        "netIncome": -174000000,
        "netIncomeRatio": -0.1614100186,
        "eps": -1.2,
        "epsdiluted": -1.2,
        "weightedAverageShsOut": 144500000,
        "weightedAverageShsOutDil": 144500000,
        "link": "https://www.sec.gov/Archives/edgar/data/26780/000143774920016040/0001437749-20-016040-index.htm",
        "finalLink": "https://www.sec.gov/Archives/edgar/data/26780/000143774920016040/dan20200630_10q.htm"
    },
    {
        "date": "2020-03-31",
        "symbol": "DAN",
        "reportedCurrency": "USD",
        "cik": "0000026780",
        "fillingDate": "2020-04-30",
        "acceptedDate": "2020-04-30 14:26:22",
        "calendarYear": "2020",
        "period": "Q1",
        "revenue": 1926000000,
        "costOfRevenue": 1720000000,
        "grossProfit": 206000000,
        "grossProfitRatio": 0.1069574247,
        "researchAndDevelopmentExpenses": 0,
        "generalAndAdministrativeExpenses": 0,
        "sellingAndMarketingExpenses": 0,
        "sellingGeneralAndAdministrativeExpenses": 108000000,
        "otherExpenses": 0,
        "operatingExpenses": 108000000,
        "costAndExpenses": 1828000000,
        "interestIncome": 2000000,
        "interestExpense": 29000000,
        "depreciationAndAmortization": 89000000,
        "ebitda": 184000000,
        "ebitdaratio": 0.0955347871,
        "operatingIncome": 98000000,
        "operatingIncomeRatio": 0.0508826584,
        "totalOtherIncomeExpensesNet": -76000000,
        "incomeBeforeTax": 22000000,
        "incomeBeforeTaxRatio": 0.0114226376,
        "incomeTaxExpense": -16000000,
        "netIncome": 58000000,
        "netIncomeRatio": 0.0301142264,
        "eps": 0.4,
        "epsdiluted": 0.4,
        "weightedAverageShsOut": 144200000,
        "weightedAverageShsOutDil": 144800000,
        "link": "https://www.sec.gov/Archives/edgar/data/26780/000143774920008986/0001437749-20-008986-index.htm",
        "finalLink": "https://www.sec.gov/Archives/edgar/data/26780/000143774920008986/dan20200331_10q.htm"
    },
    {
        "date": "2019-12-31",
        "symbol": "DAN",
        "reportedCurrency": "USD",
        "cik": "0000026780",
        "fillingDate": "2020-02-14",
        "acceptedDate": "2020-02-14 08:53:15",
        "calendarYear": "2019",
        "period": "Q4",
        "revenue": 1987000000,
        "costOfRevenue": 1764000000,
        "grossProfit": 223000000,
        "grossProfitRatio": 0.1122294917,
        "researchAndDevelopmentExpenses": 277000000,
        "generalAndAdministrativeExpenses": 0,
        "sellingAndMarketingExpenses": 0,
        "sellingGeneralAndAdministrativeExpenses": 108000000,
        "otherExpenses": 0,
        "operatingExpenses": 385000000,
        "costAndExpenses": 2165000000,
        "interestIncome": 2000000,
        "interestExpense": 30000000,
        "depreciationAndAmortization": 92000000,
        "ebitda": 204000000,
        "ebitdaratio": 0.1026673377,
        "operatingIncome": -178000000,
        "operatingIncomeRatio": -0.0895822849,
        "totalOtherIncomeExpensesNet": 259000000,
        "incomeBeforeTax": 81000000,
        "incomeBeforeTaxRatio": 0.0407649723,
        "incomeTaxExpense": -5000000,
        "netIncome": 85000000,
        "netIncomeRatio": 0.0427780574,
        "eps": 0.59,
        "epsdiluted": 0.58,
        "weightedAverageShsOut": 144000000,
        "weightedAverageShsOutDil": 145300000,
        "link": "https://www.sec.gov/Archives/edgar/data/26780/000002678020000006/0000026780-20-000006-index.htm",
        "finalLink": "https://www.sec.gov/Archives/edgar/data/26780/000002678020000006/dan-20191231x10k.htm"
    },
    {
        "date": "2019-09-30",
        "symbol": "DAN",
        "reportedCurrency": "USD",
        "cik": "0000026780",
        "fillingDate": "2019-10-30",
        "acceptedDate": "2019-10-30 13:18:27",
        "calendarYear": "2019",
        "period": "Q3",
        "revenue": 2164000000,
        "costOfRevenue": 1882000000,
        "grossProfit": 282000000,
        "grossProfitRatio": 0.1303142329,
        "researchAndDevelopmentExpenses": 0,
        "generalAndAdministrativeExpenses": 0,
        "sellingAndMarketingExpenses": 0,
        "sellingGeneralAndAdministrativeExpenses": 132000000,
        "otherExpenses": 0,
        "operatingExpenses": 132000000,
        "costAndExpenses": 2011000000,
        "interestIncome": 3000000,
        "interestExpense": 31000000,
        "depreciationAndAmortization": 86000000,
        "ebitda": 237000000,
        "ebitdaratio": 0.1095194085,
        "operatingIncome": 153000000,
        "operatingIncomeRatio": 0.070702403,
        "totalOtherIncomeExpensesNet": -36000000,
        "incomeBeforeTax": 117000000,
        "incomeBeforeTaxRatio": 0.0540665434,
        "incomeTaxExpense": 5000000,
        "netIncome": 111000000,
        "netIncomeRatio": 0.0512939002,
        "eps": 0.77,
        "epsdiluted": 0.77,
        "weightedAverageShsOut": 144000000,
        "weightedAverageShsOutDil": 144800000,
        "link": "https://www.sec.gov/Archives/edgar/data/26780/000002678019000018/0000026780-19-000018-index.htm",
        "finalLink": "https://www.sec.gov/Archives/edgar/data/26780/000002678019000018/dan-20190930x10q.htm"
    },
    {
        "date": "2019-06-30",
        "symbol": "DAN",
        "reportedCurrency": "USD",
        "cik": "0000026780",
        "fillingDate": "2019-07-31",
        "acceptedDate": "2019-07-31 12:38:54",
        "calendarYear": "2019",
        "period": "Q2",
        "revenue": 2306000000,
        "costOfRevenue": 1980000000,
        "grossProfit": 326000000,
        "grossProfitRatio": 0.1413703382,
        "researchAndDevelopmentExpenses": 0,
        "generalAndAdministrativeExpenses": 0,
        "sellingAndMarketingExpenses": 0,
        "sellingGeneralAndAdministrativeExpenses": 149000000,
        "otherExpenses": 0,
        "operatingExpenses": 149000000,
        "costAndExpenses": 2124000000,
        "interestIncome": 3000000,
        "interestExpense": 34000000,
        "depreciationAndAmortization": 84000000,
        "ebitda": 262000000,
        "ebitdaratio": 0.1136166522,
        "operatingIncome": 182000000,
        "operatingIncomeRatio": 0.0789245447,
        "totalOtherIncomeExpensesNet": -300000000,
        "incomeBeforeTax": -118000000,
        "incomeBeforeTaxRatio": -0.0511708586,
        "incomeTaxExpense": -52000000,
        "netIncome": -68000000,
        "netIncomeRatio": -0.0294882914,
        "eps": -0.47,
        "epsdiluted": -0.47,
        "weightedAverageShsOut": 144000000,
        "weightedAverageShsOutDil": 144000000,
        "link": "https://www.sec.gov/Archives/edgar/data/26780/000002678019000013/0000026780-19-000013-index.htm",
        "finalLink": "https://www.sec.gov/Archives/edgar/data/26780/000002678019000013/dan-20190630x10q.htm"
    },
    {
        "date": "2019-03-31",
        "symbol": "DAN",
        "reportedCurrency": "USD",
        "cik": "0000026780",
        "fillingDate": "2019-05-02",
        "acceptedDate": "2019-05-02 14:05:37",
        "calendarYear": "2019",
        "period": "Q1",
        "revenue": 2163000000,
        "costOfRevenue": 1863000000,
        "grossProfit": 300000000,
        "grossProfitRatio": 0.1386962552,
        "researchAndDevelopmentExpenses": 0,
        "generalAndAdministrativeExpenses": 0,
        "sellingAndMarketingExpenses": 0,
        "sellingGeneralAndAdministrativeExpenses": 142000000,
        "otherExpenses": 0,
        "operatingExpenses": 142000000,
        "costAndExpenses": 2005000000,
        "interestIncome": 2000000,
        "interestExpense": 27000000,
        "depreciationAndAmortization": 77000000,
        "ebitda": 233000000,
        "ebitdaratio": 0.1077207582,
        "operatingIncome": 158000000,
        "operatingIncomeRatio": 0.0730466944,
        "totalOtherIncomeExpensesNet": -37000000,
        "incomeBeforeTax": 121000000,
        "incomeBeforeTaxRatio": 0.0559408229,
        "incomeTaxExpense": 20000000,
        "netIncome": 98000000,
        "netIncomeRatio": 0.0453074434,
        "eps": 0.68,
        "epsdiluted": 0.68,
        "weightedAverageShsOut": 143900000,
        "weightedAverageShsOutDil": 144800000,
        "link": "https://www.sec.gov/Archives/edgar/data/26780/000002678019000008/0000026780-19-000008-index.htm",
        "finalLink": "https://www.sec.gov/Archives/edgar/data/26780/000002678019000008/dan-20190331x10q.htm"
    },
    {
        "date": "2018-12-31",
        "symbol": "DAN",
        "reportedCurrency": "USD",
        "cik": "0000026780",
        "fillingDate": "2019-02-15",
        "acceptedDate": "2019-02-15 15:06:28",
        "calendarYear": "2018",
        "period": "Q4",
        "revenue": 1973000000,
        "costOfRevenue": 1717000000,
        "grossProfit": 256000000,
        "grossProfitRatio": 0.1297516472,
        "researchAndDevelopmentExpenses": 232000000,
        "generalAndAdministrativeExpenses": 0,
        "sellingAndMarketingExpenses": 0,
        "sellingGeneralAndAdministrativeExpenses": 121000000,
        "otherExpenses": 0,
        "operatingExpenses": 353000000,
        "costAndExpenses": 2070000000,
        "interestIncome": 3000000,
        "interestExpense": 25000000,
        "depreciationAndAmortization": 75000000,
        "ebitda": 208000000,
        "ebitdaratio": 0.1054232134,
        "operatingIncome": -97000000,
        "operatingIncomeRatio": -0.0491637101,
        "totalOtherIncomeExpensesNet": 206000000,
        "incomeBeforeTax": 109000000,
        "incomeBeforeTaxRatio": 0.0552458186,
        "incomeTaxExpense": 3000000,
        "netIncome": 100000000,
        "netIncomeRatio": 0.0506842372,
        "eps": 0.69,
        "epsdiluted": 0.69,
        "weightedAverageShsOut": 144800000,
        "weightedAverageShsOutDil": 145800000,
        "link": "https://www.sec.gov/Archives/edgar/data/26780/000002678019000004/0000026780-19-000004-index.htm",
        "finalLink": "https://www.sec.gov/Archives/edgar/data/26780/000002678019000004/dan-20181231x10k.htm"
    },
    {
        "date": "2018-09-30",
        "symbol": "DAN",
        "reportedCurrency": "USD",
        "cik": "0000026780",
        "fillingDate": "2018-10-29",
        "acceptedDate": "2018-10-29 15:33:39",
        "calendarYear": "2018",
        "period": "Q3",
        "revenue": 1978000000,
        "costOfRevenue": 1692000000,
        "grossProfit": 286000000,
        "grossProfitRatio": 0.1445904954,
        "researchAndDevelopmentExpenses": 0,
        "generalAndAdministrativeExpenses": 0,
        "sellingAndMarketingExpenses": 0,
        "sellingGeneralAndAdministrativeExpenses": 122000000,
        "otherExpenses": 0,
        "operatingExpenses": 122000000,
        "costAndExpenses": 1814000000,
        "interestIncome": 3000000,
        "interestExpense": 24000000,
        "depreciationAndAmortization": 66000000,
        "ebitda": 228000000,
        "ebitdaratio": 0.1152679474,
        "operatingIncome": 164000000,
        "operatingIncomeRatio": 0.0829120324,
        "totalOtherIncomeExpensesNet": -37000000,
        "incomeBeforeTax": 127000000,
        "incomeBeforeTaxRatio": 0.064206269,
        "incomeTaxExpense": 31000000,
        "netIncome": 95000000,
        "netIncomeRatio": 0.0480283114,
        "eps": 0.66,
        "epsdiluted": 0.65,
        "weightedAverageShsOut": 144700000,
        "weightedAverageShsOutDil": 145900000,
        "link": "https://www.sec.gov/Archives/edgar/data/26780/000002678018000015/0000026780-18-000015-index.htm",
        "finalLink": "https://www.sec.gov/Archives/edgar/data/26780/000002678018000015/dan-20180930x10q.htm"
    },
    {
        "date": "2018-06-30",
        "symbol": "DAN",
        "reportedCurrency": "USD",
        "cik": "0000026780",
        "fillingDate": "2018-07-25",
        "acceptedDate": "2018-07-25 12:36:33",
        "calendarYear": "2018",
        "period": "Q2",
        "revenue": 2054000000,
        "costOfRevenue": 1746000000,
        "grossProfit": 308000000,
        "grossProfitRatio": 0.1499513145,
        "researchAndDevelopmentExpenses": 0,
        "generalAndAdministrativeExpenses": 0,
        "sellingAndMarketingExpenses": 0,
        "sellingGeneralAndAdministrativeExpenses": 138000000,
        "otherExpenses": 0,
        "operatingExpenses": 138000000,
        "costAndExpenses": 1884000000,
        "interestIncome": 2000000,
        "interestExpense": 23000000,
        "depreciationAndAmortization": 62000000,
        "ebitda": 230000000,
        "ebitdaratio": 0.111976631,
        "operatingIncome": 170000000,
        "operatingIncomeRatio": 0.0827653359,
        "totalOtherIncomeExpensesNet": -47000000,
        "incomeBeforeTax": 123000000,
        "incomeBeforeTaxRatio": 0.0598831548,
        "incomeTaxExpense": -4000000,
        "netIncome": 124000000,
        "netIncomeRatio": 0.0603700097,
        "eps": 0.85,
        "epsdiluted": 0.85,
        "weightedAverageShsOut": 145100000,
        "weightedAverageShsOutDil": 146500000,
        "link": "https://www.sec.gov/Archives/edgar/data/26780/000002678018000012/0000026780-18-000012-index.htm",
        "finalLink": "https://www.sec.gov/Archives/edgar/data/26780/000002678018000012/dan-20180630x10q.htm"
    },
    {
        "date": "2018-03-31",
        "symbol": "DAN",
        "reportedCurrency": "USD",
        "cik": "0000026780",
        "fillingDate": "2018-04-30",
        "acceptedDate": "2018-04-30 10:14:35",
        "calendarYear": "2018",
        "period": "Q1",
        "revenue": 2138000000,
        "costOfRevenue": 1831000000,
        "grossProfit": 307000000,
        "grossProfitRatio": 0.1435921422,
        "researchAndDevelopmentExpenses": 0,
        "generalAndAdministrativeExpenses": 0,
        "sellingAndMarketingExpenses": 0,
        "sellingGeneralAndAdministrativeExpenses": 133000000,
        "otherExpenses": 0,
        "operatingExpenses": 133000000,
        "costAndExpenses": 1964000000,
        "interestIncome": 3000000,
        "interestExpense": 24000000,
        "depreciationAndAmortization": 67000000,
        "ebitda": 239000000,
        "ebitdaratio": 0.1117867166,
        "operatingIncome": 174000000,
        "operatingIncomeRatio": 0.0813844715,
        "totalOtherIncomeExpensesNet": -15000000,
        "incomeBeforeTax": 159000000,
        "incomeBeforeTaxRatio": 0.0743685688,
        "incomeTaxExpense": 48000000,
        "netIncome": 108000000,
        "netIncomeRatio": 0.0505144995,
        "eps": 0.74,
        "epsdiluted": 0.73,
        "weightedAverageShsOut": 145600000,
        "weightedAverageShsOutDil": 147500000,
        "link": "https://www.sec.gov/Archives/edgar/data/26780/000002678018000008/0000026780-18-000008-index.htm",
        "finalLink": "https://www.sec.gov/Archives/edgar/data/26780/000002678018000008/dan-20180331x10q.htm"
    },
    {
        "date": "2017-12-31",
        "symbol": "DAN",
        "reportedCurrency": "USD",
        "cik": "0000026780",
        "fillingDate": "2018-02-14",
        "acceptedDate": "2018-02-14 11:25:16",
        "calendarYear": "2017",
        "period": "Q4",
        "revenue": 1837000000,
        "costOfRevenue": 1583000000,
        "grossProfit": 254000000,
        "grossProfitRatio": 0.1382689167,
        "researchAndDevelopmentExpenses": 220000000,
        "generalAndAdministrativeExpenses": 0,
        "sellingAndMarketingExpenses": 0,
        "sellingGeneralAndAdministrativeExpenses": 134000000,
        "otherExpenses": 0,
        "operatingExpenses": 354000000,
        "costAndExpenses": 1935000000,
        "interestIncome": 3000000,
        "interestExpense": 23000000,
        "depreciationAndAmortization": 61000000,
        "ebitda": 181000000,
        "ebitdaratio": 0.0985302123,
        "operatingIncome": -98000000,
        "operatingIncomeRatio": -0.0533478498,
        "totalOtherIncomeExpensesNet": 177000000,
        "incomeBeforeTax": 79000000,
        "incomeBeforeTaxRatio": 0.0430048993,
        "incomeTaxExpense": 189000000,
        "netIncome": -104000000,
        "netIncomeRatio": -0.0566140446,
        "eps": -0.72,
        "epsdiluted": -0.72,
        "weightedAverageShsOut": 143885859,
        "weightedAverageShsOutDil": 145400000,
        "link": "https://www.sec.gov/Archives/edgar/data/26780/000002678018000004/0000026780-18-000004-index.htm",
        "finalLink": "https://www.sec.gov/Archives/edgar/data/26780/000002678018000004/dan-20171231x10k.htm"
    },
    {
        "date": "2017-09-30",
        "symbol": "DAN",
        "reportedCurrency": "USD",
        "cik": "0000026780",
        "fillingDate": "2017-10-26",
        "acceptedDate": "2017-10-26 12:11:58",
        "calendarYear": "2017",
        "period": "Q3",
        "revenue": 1831000000,
        "costOfRevenue": 1562000000,
        "grossProfit": 269000000,
        "grossProfitRatio": 0.1469142545,
        "researchAndDevelopmentExpenses": 0,
        "generalAndAdministrativeExpenses": 0,
        "sellingAndMarketingExpenses": 0,
        "sellingGeneralAndAdministrativeExpenses": 125000000,
        "otherExpenses": 0,
        "operatingExpenses": 125000000,
        "costAndExpenses": 1687000000,
        "interestIncome": 3000000,
        "interestExpense": 25000000,
        "depreciationAndAmortization": 62000000,
        "ebitda": 202000000,
        "ebitdaratio": 0.1103222283,
        "operatingIncome": 144000000,
        "operatingIncomeRatio": 0.0786455489,
        "totalOtherIncomeExpensesNet": -38000000,
        "incomeBeforeTax": 106000000,
        "incomeBeforeTaxRatio": 0.0578918624,
        "incomeTaxExpense": 33000000,
        "netIncome": 69000000,
        "netIncomeRatio": 0.0376843255,
        "eps": 0.47,
        "epsdiluted": 0.46,
        "weightedAverageShsOut": 145000000,
        "weightedAverageShsOutDil": 146900000,
        "link": "https://www.sec.gov/Archives/edgar/data/26780/000002678017000016/0000026780-17-000016-index.htm",
        "finalLink": "https://www.sec.gov/Archives/edgar/data/26780/000002678017000016/dan-20170930x10q.htm"
    },
    {
        "date": "2017-06-30",
        "symbol": "DAN",
        "reportedCurrency": "USD",
        "cik": "0000026780",
        "fillingDate": "2017-07-31",
        "acceptedDate": "2017-07-31 11:46:27",
        "calendarYear": "2017",
        "period": "Q2",
        "revenue": 1840000000,
        "costOfRevenue": 1564000000,
        "grossProfit": 276000000,
        "grossProfitRatio": 0.15,
        "researchAndDevelopmentExpenses": 0,
        "generalAndAdministrativeExpenses": 0,
        "sellingAndMarketingExpenses": 0,
        "sellingGeneralAndAdministrativeExpenses": 133000000,
        "otherExpenses": 0,
        "operatingExpenses": 133000000,
        "costAndExpenses": 1688000000,
        "interestIncome": 2000000,
        "interestExpense": 27000000,
        "depreciationAndAmortization": 58000000,
        "ebitda": 207000000,
        "ebitdaratio": 0.1125,
        "operatingIncome": 152000000,
        "operatingIncomeRatio": 0.0826086957,
        "totalOtherIncomeExpensesNet": -48000000,
        "incomeBeforeTax": 104000000,
        "incomeBeforeTaxRatio": 0.0565217391,
        "incomeTaxExpense": 31000000,
        "netIncome": 71000000,
        "netIncomeRatio": 0.0385869565,
        "eps": 0.48,
        "epsdiluted": 0.47,
        "weightedAverageShsOut": 144800000,
        "weightedAverageShsOutDil": 146200000,
        "link": "https://www.sec.gov/Archives/edgar/data/26780/000002678017000012/0000026780-17-000012-index.htm",
        "finalLink": "https://www.sec.gov/Archives/edgar/data/26780/000002678017000012/dan-20170630x10q.htm"
    },
    {
        "date": "2017-03-31",
        "symbol": "DAN",
        "reportedCurrency": "USD",
        "cik": "0000026780",
        "fillingDate": "2017-05-02",
        "acceptedDate": "2017-05-02 10:41:47",
        "calendarYear": "2017",
        "period": "Q1",
        "revenue": 1701000000,
        "costOfRevenue": 1438000000,
        "grossProfit": 263000000,
        "grossProfitRatio": 0.1546149324,
        "researchAndDevelopmentExpenses": 0,
        "generalAndAdministrativeExpenses": 0,
        "sellingAndMarketingExpenses": 0,
        "sellingGeneralAndAdministrativeExpenses": 122000000,
        "otherExpenses": 0,
        "operatingExpenses": 122000000,
        "costAndExpenses": 1559000000,
        "interestIncome": 3000000,
        "interestExpense": 27000000,
        "depreciationAndAmortization": 52000000,
        "ebitda": 192000000,
        "ebitdaratio": 0.1128747795,
        "operatingIncome": 142000000,
        "operatingIncomeRatio": 0.0834803057,
        "totalOtherIncomeExpensesNet": -32000000,
        "incomeBeforeTax": 110000000,
        "incomeBeforeTaxRatio": 0.0646678424,
        "incomeTaxExpense": 30000000,
        "netIncome": 75000000,
        "netIncomeRatio": 0.0440917108,
        "eps": 0.52,
        "epsdiluted": 0.51,
        "weightedAverageShsOut": 144600000,
        "weightedAverageShsOutDil": 145900000,
        "link": "https://www.sec.gov/Archives/edgar/data/26780/000002678017000008/0000026780-17-000008-index.htm",
        "finalLink": "https://www.sec.gov/Archives/edgar/data/26780/000002678017000008/dan-20170331x10q.htm"
    },
    {
        "date": "2016-12-31",
        "symbol": "DAN",
        "reportedCurrency": "USD",
        "cik": "0000026780",
        "fillingDate": "2017-02-10",
        "acceptedDate": "2017-02-10 09:19:22",
        "calendarYear": "2016",
        "period": "Q4",
        "revenue": 1447000000,
        "costOfRevenue": 1243000000,
        "grossProfit": 204000000,
        "grossProfitRatio": 0.1409813407,
        "researchAndDevelopmentExpenses": 196000000,
        "generalAndAdministrativeExpenses": 0,
        "sellingAndMarketingExpenses": 0,
        "sellingGeneralAndAdministrativeExpenses": 103000000,
        "otherExpenses": 0,
        "operatingExpenses": 299000000,
        "costAndExpenses": 1542000000,
        "interestIncome": 5000000,
        "interestExpense": 29000000,
        "depreciationAndAmortization": 46000000,
        "ebitda": 145000000,
        "ebitdaratio": 0.1002073255,
        "operatingIncome": -95000000,
        "operatingIncomeRatio": -0.0656530753,
        "totalOtherIncomeExpensesNet": 94000000,
        "incomeBeforeTax": -1000000,
        "incomeBeforeTaxRatio": -0.000691085,
        "incomeTaxExpense": -490000000,
        "netIncome": 485000000,
        "netIncomeRatio": 0.3351762267,
        "eps": 3.37,
        "epsdiluted": 3.34,
        "weightedAverageShsOut": 144100000,
        "weightedAverageShsOutDil": 145300000,
        "link": "https://www.sec.gov/Archives/edgar/data/26780/000002678017000004/0000026780-17-000004-index.htm",
        "finalLink": "https://www.sec.gov/Archives/edgar/data/26780/000002678017000004/dan-20161231x10k.htm"
    },
    {
        "date": "2016-09-30",
        "symbol": "DAN",
        "reportedCurrency": "USD",
        "cik": "0000026780",
        "fillingDate": "2016-10-20",
        "acceptedDate": "2016-10-20 10:53:37",
        "calendarYear": "2016",
        "period": "Q3",
        "revenue": 1384000000,
        "costOfRevenue": 1176000000,
        "grossProfit": 208000000,
        "grossProfitRatio": 0.1502890173,
        "researchAndDevelopmentExpenses": 0,
        "generalAndAdministrativeExpenses": 0,
        "sellingAndMarketingExpenses": 0,
        "sellingGeneralAndAdministrativeExpenses": 99000000,
        "otherExpenses": 0,
        "operatingExpenses": 99000000,
        "costAndExpenses": 1275000000,
        "interestIncome": 3000000,
        "interestExpense": 27000000,
        "depreciationAndAmortization": 48000000,
        "ebitda": 155000000,
        "ebitdaratio": 0.1119942197,
        "operatingIncome": 109000000,
        "operatingIncomeRatio": 0.0787572254,
        "totalOtherIncomeExpensesNet": -35000000,
        "incomeBeforeTax": 74000000,
        "incomeBeforeTaxRatio": 0.0534682081,
        "incomeTaxExpense": 13000000,
        "netIncome": 57000000,
        "netIncomeRatio": 0.0411849711,
        "eps": 0.4,
        "epsdiluted": 0.39,
        "weightedAverageShsOut": 144000000,
        "weightedAverageShsOutDil": 144600000,
        "link": "https://www.sec.gov/Archives/edgar/data/26780/000002678016000031/0000026780-16-000031-index.htm",
        "finalLink": "https://www.sec.gov/Archives/edgar/data/26780/000002678016000031/dan-20160930x10q.htm"
    },
    {
        "date": "2016-06-30",
        "symbol": "DAN",
        "reportedCurrency": "USD",
        "cik": "0000026780",
        "fillingDate": "2016-07-21",
        "acceptedDate": "2016-07-21 10:15:47",
        "calendarYear": "2016",
        "period": "Q2",
        "revenue": 1546000000,
        "costOfRevenue": 1313000000,
        "grossProfit": 233000000,
        "grossProfitRatio": 0.1507115136,
        "researchAndDevelopmentExpenses": 0,
        "generalAndAdministrativeExpenses": 0,
        "sellingAndMarketingExpenses": 0,
        "sellingGeneralAndAdministrativeExpenses": 106000000,
        "otherExpenses": 0,
        "operatingExpenses": 106000000,
        "costAndExpenses": 1419000000,
        "interestIncome": 2000000,
        "interestExpense": 30000000,
        "depreciationAndAmortization": 45000000,
        "ebitda": 170000000,
        "ebitdaratio": 0.1099611902,
        "operatingIncome": 127000000,
        "operatingIncomeRatio": 0.0821474774,
        "totalOtherIncomeExpensesNet": -43000000,
        "incomeBeforeTax": 84000000,
        "incomeBeforeTaxRatio": 0.0543337646,
        "incomeTaxExpense": 29000000,
        "netIncome": 53000000,
        "netIncomeRatio": 0.0342820181,
        "eps": 0.36,
        "epsdiluted": 0.36,
        "weightedAverageShsOut": 146600000,
        "weightedAverageShsOutDil": 147000000,
        "link": "https://www.sec.gov/Archives/edgar/data/26780/000002678016000027/0000026780-16-000027-index.htm",
        "finalLink": "https://www.sec.gov/Archives/edgar/data/26780/000002678016000027/dan-20160630x10q.htm"
    },
    {
        "date": "2016-03-31",
        "symbol": "DAN",
        "reportedCurrency": "USD",
        "cik": "0000026780",
        "fillingDate": "2016-04-21",
        "acceptedDate": "2016-04-21 10:16:34",
        "calendarYear": "2016",
        "period": "Q1",
        "revenue": 1449000000,
        "costOfRevenue": 1250000000,
        "grossProfit": 199000000,
        "grossProfitRatio": 0.1373360939,
        "researchAndDevelopmentExpenses": 0,
        "generalAndAdministrativeExpenses": 0,
        "sellingAndMarketingExpenses": 0,
        "sellingGeneralAndAdministrativeExpenses": 98000000,
        "otherExpenses": 0,
        "operatingExpenses": 98000000,
        "costAndExpenses": 1348000000,
        "interestIncome": 3000000,
        "interestExpense": 27000000,
        "depreciationAndAmortization": 43000000,
        "ebitda": 142000000,
        "ebitdaratio": 0.0979986197,
        "operatingIncome": 101000000,
        "operatingIncomeRatio": 0.0697032436,
        "totalOtherIncomeExpensesNet": -29000000,
        "incomeBeforeTax": 72000000,
        "incomeBeforeTaxRatio": 0.049689441,
        "incomeTaxExpense": 24000000,
        "netIncome": 45000000,
        "netIncomeRatio": 0.0310559006,
        "eps": 0.3,
        "epsdiluted": 0.3,
        "weightedAverageShsOut": 149400000,
        "weightedAverageShsOutDil": 149900000,
        "link": "https://www.sec.gov/Archives/edgar/data/26780/000002678016000023/0000026780-16-000023-index.htm",
        "finalLink": "https://www.sec.gov/Archives/edgar/data/26780/000002678016000023/dan-20160331x10q.htm"
    },
    {
        "date": "2015-12-31",
        "symbol": "DAN",
        "reportedCurrency": "USD",
        "cik": "0000026780",
        "fillingDate": "2016-02-18",
        "acceptedDate": "2016-02-18 15:47:04",
        "calendarYear": "2015",
        "period": "Q4",
        "revenue": 1375000000,
        "costOfRevenue": 1203000000,
        "grossProfit": 172000000,
        "grossProfitRatio": 0.1250909091,
        "researchAndDevelopmentExpenses": 0,
        "generalAndAdministrativeExpenses": 0,
        "sellingAndMarketingExpenses": 0,
        "sellingGeneralAndAdministrativeExpenses": 92000000,
        "otherExpenses": 0,
        "operatingExpenses": 92000000,
        "costAndExpenses": 1295000000,
        "interestIncome": 2000000,
        "interestExpense": 27000000,
        "depreciationAndAmortization": 43000000,
        "ebitda": 122000000,
        "ebitdaratio": 0.0887272727,
        "operatingIncome": 80000000,
        "operatingIncomeRatio": 0.0581818182,
        "totalOtherIncomeExpensesNet": -71000000,
        "incomeBeforeTax": 9000000,
        "incomeBeforeTaxRatio": 0.0065454545,
        "incomeTaxExpense": 92000000,
        "netIncome": -82000000,
        "netIncomeRatio": -0.0596363636,
        "eps": -0.54,
        "epsdiluted": -0.54,
        "weightedAverageShsOut": 151200000,
        "weightedAverageShsOutDil": 151200000,
        "link": "https://www.sec.gov/Archives/edgar/data/26780/000002678016000019/0000026780-16-000019-index.htm",
        "finalLink": "https://www.sec.gov/Archives/edgar/data/26780/000002678016000019/dan-20151231x10k.htm"
    },
    {
        "date": "2015-09-30",
        "symbol": "DAN",
        "reportedCurrency": "USD",
        "cik": "0000026780",
        "fillingDate": "2015-10-22",
        "acceptedDate": "2015-10-22 11:20:09",
        "calendarYear": "2015",
        "period": "Q3",
        "revenue": 1468000000,
        "costOfRevenue": 1255000000,
        "grossProfit": 213000000,
        "grossProfitRatio": 0.1450953678,
        "researchAndDevelopmentExpenses": 0,
        "generalAndAdministrativeExpenses": 0,
        "sellingAndMarketingExpenses": 0,
        "sellingGeneralAndAdministrativeExpenses": 98000000,
        "otherExpenses": 0,
        "operatingExpenses": 98000000,
        "costAndExpenses": 1353000000,
        "interestIncome": 4000000,
        "interestExpense": 31000000,
        "depreciationAndAmortization": 43000000,
        "ebitda": 154000000,
        "ebitdaratio": 0.1049046322,
        "operatingIncome": 115000000,
        "operatingIncomeRatio": 0.0783378747,
        "totalOtherIncomeExpensesNet": -70000000,
        "incomeBeforeTax": 45000000,
        "incomeBeforeTaxRatio": 0.030653951,
        "incomeTaxExpense": -77000000,
        "netIncome": 119000000,
        "netIncomeRatio": 0.0810626703,
        "eps": 0.75,
        "epsdiluted": 0.75,
        "weightedAverageShsOut": 158000000,
        "weightedAverageShsOutDil": 158900000,
        "link": "https://www.sec.gov/Archives/edgar/data/26780/000002678015000016/0000026780-15-000016-index.htm",
        "finalLink": "https://www.sec.gov/Archives/edgar/data/26780/000002678015000016/dan-20150930x10q.htm"
    },
    {
        "date": "2015-06-30",
        "symbol": "DAN",
        "reportedCurrency": "USD",
        "cik": "0000026780",
        "fillingDate": "2015-07-23",
        "acceptedDate": "2015-07-23 10:30:24",
        "calendarYear": "2015",
        "period": "Q2",
        "revenue": 1609000000,
        "costOfRevenue": 1373000000,
        "grossProfit": 236000000,
        "grossProfitRatio": 0.1466749534,
        "researchAndDevelopmentExpenses": 0,
        "generalAndAdministrativeExpenses": 0,
        "sellingAndMarketingExpenses": 0,
        "sellingGeneralAndAdministrativeExpenses": 101000000,
        "otherExpenses": 0,
        "operatingExpenses": 101000000,
        "costAndExpenses": 1467000000,
        "interestIncome": 4000000,
        "interestExpense": 27000000,
        "depreciationAndAmortization": 43000000,
        "ebitda": 181000000,
        "ebitdaratio": 0.1124922312,
        "operatingIncome": 142000000,
        "operatingIncomeRatio": 0.0882535736,
        "totalOtherIncomeExpensesNet": -43000000,
        "incomeBeforeTax": 99000000,
        "incomeBeforeTaxRatio": 0.0615288999,
        "incomeTaxExpense": 36000000,
        "netIncome": 59000000,
        "netIncomeRatio": 0.0366687383,
        "eps": 0.36,
        "epsdiluted": 0.36,
        "weightedAverageShsOut": 162100000,
        "weightedAverageShsOutDil": 163200000,
        "link": "https://www.sec.gov/Archives/edgar/data/26780/000002678015000012/0000026780-15-000012-index.htm",
        "finalLink": "https://www.sec.gov/Archives/edgar/data/26780/000002678015000012/dan-20150630x10q.htm"
    },
    {
        "date": "2015-03-31",
        "symbol": "DAN",
        "reportedCurrency": "USD",
        "cik": "0000026780",
        "fillingDate": "2015-04-23",
        "acceptedDate": "2015-04-23 08:07:29",
        "calendarYear": "2015",
        "period": "Q1",
        "revenue": 1608000000,
        "costOfRevenue": 1380000000,
        "grossProfit": 228000000,
        "grossProfitRatio": 0.1417910448,
        "researchAndDevelopmentExpenses": 0,
        "generalAndAdministrativeExpenses": 0,
        "sellingAndMarketingExpenses": 0,
        "sellingGeneralAndAdministrativeExpenses": 100000000,
        "otherExpenses": 0,
        "operatingExpenses": 100000000,
        "costAndExpenses": 1480000000,
        "interestIncome": 3000000,
        "interestExpense": 28000000,
        "depreciationAndAmortization": 45000000,
        "ebitda": 168000000,
        "ebitdaratio": 0.1044776119,
        "operatingIncome": 128000000,
        "operatingIncomeRatio": 0.07960199,
        "totalOtherIncomeExpensesNet": -23000000,
        "incomeBeforeTax": 105000000,
        "incomeBeforeTaxRatio": 0.0652985075,
        "incomeTaxExpense": 31000000,
        "netIncome": 63000000,
        "netIncomeRatio": 0.0391791045,
        "eps": 0.38,
        "epsdiluted": 0.38,
        "weightedAverageShsOut": 164700000,
        "weightedAverageShsOutDil": 166000000,
        "link": "https://www.sec.gov/Archives/edgar/data/26780/000002678015000008/0000026780-15-000008-index.htm",
        "finalLink": "https://www.sec.gov/Archives/edgar/data/26780/000002678015000008/dan-20150331x10q.htm"
    },
    {
        "date": "2014-12-31",
        "symbol": "DAN",
        "reportedCurrency": "USD",
        "cik": "0000026780",
        "fillingDate": "2015-02-20",
        "acceptedDate": "2015-02-19 17:49:14",
        "calendarYear": "2014",
        "period": "Q4",
        "revenue": 1582000000,
        "costOfRevenue": 1359000000,
        "grossProfit": 223000000,
        "grossProfitRatio": 0.1409608091,
        "researchAndDevelopmentExpenses": 176000000,
        "generalAndAdministrativeExpenses": 0,
        "sellingAndMarketingExpenses": 0,
        "sellingGeneralAndAdministrativeExpenses": 101000000,
        "otherExpenses": 0,
        "operatingExpenses": 277000000,
        "costAndExpenses": 1636000000,
        "interestIncome": 4000000,
        "interestExpense": 29000000,
        "depreciationAndAmortization": 53000000,
        "ebitda": 166000000,
        "ebitdaratio": 0.1049304678,
        "operatingIncome": -54000000,
        "operatingIncomeRatio": -0.0341340076,
        "totalOtherIncomeExpensesNet": 7000000,
        "incomeBeforeTax": -47000000,
        "incomeBeforeTaxRatio": -0.0297092288,
        "incomeTaxExpense": -166000000,
        "netIncome": 109000000,
        "netIncomeRatio": 0.0689001264,
        "eps": 0.65,
        "epsdiluted": 0.64,
        "weightedAverageShsOut": 168100000,
        "weightedAverageShsOutDil": 169300000,
        "link": "https://www.sec.gov/Archives/edgar/data/26780/000002678015000004/0000026780-15-000004-index.htm",
        "finalLink": "https://www.sec.gov/Archives/edgar/data/26780/000002678015000004/dan-20141231x10k.htm"
    },
    {
        "date": "2014-09-30",
        "symbol": "DAN",
        "reportedCurrency": "USD",
        "cik": "0000026780",
        "fillingDate": "2014-10-23",
        "acceptedDate": "2014-10-23 16:30:40",
        "calendarYear": "2014",
        "period": "Q3",
        "revenue": 1637000000,
        "costOfRevenue": 1397000000,
        "grossProfit": 240000000,
        "grossProfitRatio": 0.1466096518,
        "researchAndDevelopmentExpenses": 0,
        "generalAndAdministrativeExpenses": 0,
        "sellingAndMarketingExpenses": 0,
        "sellingGeneralAndAdministrativeExpenses": 97000000,
        "otherExpenses": 0,
        "operatingExpenses": 97000000,
        "costAndExpenses": 1494000000,
        "interestIncome": 5000000,
        "interestExpense": 30000000,
        "depreciationAndAmortization": 52000000,
        "ebitda": 185000000,
        "ebitdaratio": 0.1130116066,
        "operatingIncome": 143000000,
        "operatingIncomeRatio": 0.0873549175,
        "totalOtherIncomeExpensesNet": -20000000,
        "incomeBeforeTax": 123000000,
        "incomeBeforeTaxRatio": 0.0751374465,
        "incomeTaxExpense": 29000000,
        "netIncome": 90000000,
        "netIncomeRatio": 0.0549786194,
        "eps": 0.56,
        "epsdiluted": 0.52,
        "weightedAverageShsOut": 156500000,
        "weightedAverageShsOutDil": 172900000,
        "link": "https://www.sec.gov/Archives/edgar/data/26780/000002678014000019/0000026780-14-000019-index.htm",
        "finalLink": "https://www.sec.gov/Archives/edgar/data/26780/000002678014000019/dan-20140930x10q.htm"
    },
    {
        "date": "2014-06-30",
        "symbol": "DAN",
        "reportedCurrency": "USD",
        "cik": "0000026780",
        "fillingDate": "2014-07-24",
        "acceptedDate": "2014-07-24 13:30:57",
        "calendarYear": "2014",
        "period": "Q2",
        "revenue": 1710000000,
        "costOfRevenue": 1462000000,
        "grossProfit": 248000000,
        "grossProfitRatio": 0.1450292398,
        "researchAndDevelopmentExpenses": 0,
        "generalAndAdministrativeExpenses": 0,
        "sellingAndMarketingExpenses": 0,
        "sellingGeneralAndAdministrativeExpenses": 108000000,
        "otherExpenses": 0,
        "operatingExpenses": 108000000,
        "costAndExpenses": 1570000000,
        "interestIncome": 3000000,
        "interestExpense": 29000000,
        "depreciationAndAmortization": 53000000,
        "ebitda": 183000000,
        "ebitdaratio": 0.1070175439,
        "operatingIncome": 140000000,
        "operatingIncomeRatio": 0.081871345,
        "totalOtherIncomeExpensesNet": -15000000,
        "incomeBeforeTax": 125000000,
        "incomeBeforeTaxRatio": 0.0730994152,
        "incomeTaxExpense": 33000000,
        "netIncome": 86000000,
        "netIncomeRatio": 0.0502923977,
        "eps": 0.54,
        "epsdiluted": 0.49,
        "weightedAverageShsOut": 156700000,
        "weightedAverageShsOutDil": 175100000,
        "link": "https://www.sec.gov/Archives/edgar/data/26780/000002678014000014/0000026780-14-000014-index.htm",
        "finalLink": "https://www.sec.gov/Archives/edgar/data/26780/000002678014000014/dan-20140630x10q.htm"
    },
    {
        "date": "2014-03-31",
        "symbol": "DAN",
        "reportedCurrency": "USD",
        "cik": "0000026780",
        "fillingDate": "2014-04-25",
        "acceptedDate": "2014-04-25 13:41:30",
        "calendarYear": "2014",
        "period": "Q1",
        "revenue": 1688000000,
        "costOfRevenue": 1454000000,
        "grossProfit": 234000000,
        "grossProfitRatio": 0.1386255924,
        "researchAndDevelopmentExpenses": 0,
        "generalAndAdministrativeExpenses": 0,
        "sellingAndMarketingExpenses": 0,
        "sellingGeneralAndAdministrativeExpenses": 105000000,
        "otherExpenses": 0,
        "operatingExpenses": 105000000,
        "costAndExpenses": 1559000000,
        "interestIncome": 3000000,
        "interestExpense": 30000000,
        "depreciationAndAmortization": 55000000,
        "ebitda": 171000000,
        "ebitdaratio": 0.1013033175,
        "operatingIncome": 129000000,
        "operatingIncomeRatio": 0.0764218009,
        "totalOtherIncomeExpensesNet": -57000000,
        "incomeBeforeTax": 72000000,
        "incomeBeforeTaxRatio": 0.0426540284,
        "incomeTaxExpense": 34000000,
        "netIncome": 34000000,
        "netIncomeRatio": 0.0201421801,
        "eps": 0.21,
        "epsdiluted": 0.19,
        "weightedAverageShsOut": 150700000,
        "weightedAverageShsOutDil": 177000000,
        "link": "https://www.sec.gov/Archives/edgar/data/26780/000002678014000010/0000026780-14-000010-index.htm",
        "finalLink": "https://www.sec.gov/Archives/edgar/data/26780/000002678014000010/dan-20140331x10q.htm"
    },
    {
        "date": "2013-12-31",
        "symbol": "DAN",
        "reportedCurrency": "USD",
        "cik": "0000026780",
        "fillingDate": "2014-02-21",
        "acceptedDate": "2014-02-21 11:45:35",
        "calendarYear": "2013",
        "period": "Q4",
        "revenue": 1624000000,
        "costOfRevenue": 1412000000,
        "grossProfit": 212000000,
        "grossProfitRatio": 0.1305418719,
        "researchAndDevelopmentExpenses": 0,
        "generalAndAdministrativeExpenses": 0,
        "sellingAndMarketingExpenses": 0,
        "sellingGeneralAndAdministrativeExpenses": 105000000,
        "otherExpenses": 0,
        "operatingExpenses": 105000000,
        "costAndExpenses": 1517000000,
        "interestIncome": 5000000,
        "interestExpense": 30000000,
        "depreciationAndAmortization": 74000000,
        "ebitda": 162000000,
        "ebitdaratio": 0.0997536946,
        "operatingIncome": 107000000,
        "operatingIncomeRatio": 0.0658866995,
        "totalOtherIncomeExpensesNet": -40000000,
        "incomeBeforeTax": 67000000,
        "incomeBeforeTaxRatio": 0.0412561576,
        "incomeTaxExpense": 23000000,
        "netIncome": 42000000,
        "netIncomeRatio": 0.025862069,
        "eps": 0.26,
        "epsdiluted": 0.23,
        "weightedAverageShsOut": 146000000,
        "weightedAverageShsOutDil": 181200000,
        "link": "https://www.sec.gov/Archives/edgar/data/26780/000002678014000005/0000026780-14-000005-index.htm",
        "finalLink": "https://www.sec.gov/Archives/edgar/data/26780/000002678014000005/dan-20131231x10k.htm"
    },
    {
        "date": "2013-09-30",
        "symbol": "DAN",
        "reportedCurrency": "USD",
        "cik": "0000026780",
        "fillingDate": "2013-10-29",
        "acceptedDate": "2013-10-29 11:49:26",
        "calendarYear": "2013",
        "period": "Q3",
        "revenue": 1669000000,
        "costOfRevenue": 1434000000,
        "grossProfit": 235000000,
        "grossProfitRatio": 0.140802876,
        "researchAndDevelopmentExpenses": 0,
        "generalAndAdministrativeExpenses": 0,
        "sellingAndMarketingExpenses": 0,
        "sellingGeneralAndAdministrativeExpenses": 97000000,
        "otherExpenses": 0,
        "operatingExpenses": 97000000,
        "costAndExpenses": 1531000000,
        "interestIncome": 8000000,
        "interestExpense": 27000000,
        "depreciationAndAmortization": 63000000,
        "ebitda": 183000000,
        "ebitdaratio": 0.1096464949,
        "operatingIncome": 138000000,
        "operatingIncomeRatio": 0.0826842421,
        "totalOtherIncomeExpensesNet": -32000000,
        "incomeBeforeTax": 106000000,
        "incomeBeforeTaxRatio": 0.0635110845,
        "incomeTaxExpense": 34000000,
        "netIncome": 68000000,
        "netIncomeRatio": 0.0407429599,
        "eps": -1.16,
        "epsdiluted": -1.16,
        "weightedAverageShsOut": 145800000,
        "weightedAverageShsOutDil": 145800000,
        "link": "https://www.sec.gov/Archives/edgar/data/26780/000002678013000018/0000026780-13-000018-index.htm",
        "finalLink": "https://www.sec.gov/Archives/edgar/data/26780/000002678013000018/dan-20130930x10q.htm"
    },
    {
        "date": "2013-06-30",
        "symbol": "DAN",
        "reportedCurrency": "USD",
        "cik": "0000026780",
        "fillingDate": "2013-07-25",
        "acceptedDate": "2013-07-25 13:08:22",
        "calendarYear": "2013",
        "period": "Q2",
        "revenue": 1800000000,
        "costOfRevenue": 1541000000,
        "grossProfit": 259000000,
        "grossProfitRatio": 0.1438888889,
        "researchAndDevelopmentExpenses": 0,
        "generalAndAdministrativeExpenses": 0,
        "sellingAndMarketingExpenses": 0,
        "sellingGeneralAndAdministrativeExpenses": 105000000,
        "otherExpenses": 0,
        "operatingExpenses": 111000000,
        "costAndExpenses": 1652000000,
        "interestIncome": 5000000,
        "interestExpense": 21000000,
        "depreciationAndAmortization": 61000000,
        "ebitda": 197000000,
        "ebitdaratio": 0.1094444444,
        "operatingIncome": 136000000,
        "operatingIncomeRatio": 0.0755555556,
        "totalOtherIncomeExpensesNet": -4000000,
        "incomeBeforeTax": 132000000,
        "incomeBeforeTaxRatio": 0.0733333333,
        "incomeTaxExpense": 35000000,
        "netIncome": 86000000,
        "netIncomeRatio": 0.0477777778,
        "eps": 0.58,
        "epsdiluted": 0.44,
        "weightedAverageShsOut": 145900000,
        "weightedAverageShsOutDil": 211900000,
        "link": "https://www.sec.gov/Archives/edgar/data/26780/000002678013000009/0000026780-13-000009-index.htm",
        "finalLink": "https://www.sec.gov/Archives/edgar/data/26780/000002678013000009/dan-20130630x10q.htm"
    },
    {
        "date": "2013-03-31",
        "symbol": "DAN",
        "reportedCurrency": "USD",
        "cik": "0000026780",
        "fillingDate": "2013-04-25",
        "acceptedDate": "2013-04-25 12:33:41",
        "calendarYear": "2013",
        "period": "Q1",
        "revenue": 1676000000,
        "costOfRevenue": 1462000000,
        "grossProfit": 214000000,
        "grossProfitRatio": 0.1276849642,
        "researchAndDevelopmentExpenses": 0,
        "generalAndAdministrativeExpenses": 0,
        "sellingAndMarketingExpenses": 0,
        "sellingGeneralAndAdministrativeExpenses": 103000000,
        "otherExpenses": 0,
        "operatingExpenses": 125000000,
        "costAndExpenses": 1587000000,
        "interestIncome": 7000000,
        "interestExpense": 21000000,
        "depreciationAndAmortization": 64000000,
        "ebitda": 156000000,
        "ebitdaratio": 0.0930787589,
        "operatingIncome": 92000000,
        "operatingIncomeRatio": 0.0548926014,
        "totalOtherIncomeExpensesNet": -17000000,
        "incomeBeforeTax": 75000000,
        "incomeBeforeTaxRatio": 0.0447494033,
        "incomeTaxExpense": 27000000,
        "netIncome": 32000000,
        "netIncomeRatio": 0.0190930788,
        "eps": 0.23,
        "epsdiluted": 0.19,
        "weightedAverageShsOut": 148000000,
        "weightedAverageShsOutDil": 214400000,
        "link": "https://www.sec.gov/Archives/edgar/data/26780/000002678013000004/0000026780-13-000004-index.htm",
        "finalLink": "https://www.sec.gov/Archives/edgar/data/26780/000002678013000004/dan-20130331x10q.htm"
    },
    {
        "date": "2012-12-31",
        "symbol": "DAN",
        "reportedCurrency": "USD",
        "cik": "0000026780",
        "fillingDate": "2013-02-21",
        "acceptedDate": "2013-02-21 16:16:35",
        "calendarYear": "2012",
        "period": "Q4",
        "revenue": 1609000000,
        "costOfRevenue": 1412000000,
        "grossProfit": 197000000,
        "grossProfitRatio": 0.1224362958,
        "researchAndDevelopmentExpenses": 161000000,
        "generalAndAdministrativeExpenses": 0,
        "sellingAndMarketingExpenses": 0,
        "sellingGeneralAndAdministrativeExpenses": 102000000,
        "otherExpenses": 0,
        "operatingExpenses": 136000000,
        "costAndExpenses": 1548000000,
        "interestIncome": 7000000,
        "interestExpense": 21000000,
        "depreciationAndAmortization": 69000000,
        "ebitda": 146000000,
        "ebitdaratio": 0.0907395898,
        "operatingIncome": 77000000,
        "operatingIncomeRatio": 0.0478558111,
        "totalOtherIncomeExpensesNet": -30000000,
        "incomeBeforeTax": 47000000,
        "incomeBeforeTaxRatio": 0.0292106899,
        "incomeTaxExpense": -46000000,
        "netIncome": 80000000,
        "netIncomeRatio": 0.0497203232,
        "eps": 0.54,
        "epsdiluted": 0.41,
        "weightedAverageShsOut": 148500000,
        "weightedAverageShsOutDil": 214800000,
        "link": "https://www.sec.gov/Archives/edgar/data/26780/000114420413010507/0001144204-13-010507-index.htm",
        "finalLink": "https://www.sec.gov/Archives/edgar/data/26780/000114420413010507/v330347_10k.htm"
    },
    {
        "date": "2012-09-30",
        "symbol": "DAN",
        "reportedCurrency": "USD",
        "cik": "0000026780",
        "fillingDate": "2012-10-26",
        "acceptedDate": "2012-10-26 12:32:46",
        "calendarYear": "2012",
        "period": "Q3",
        "revenue": 1715000000,
        "costOfRevenue": 1477000000,
        "grossProfit": 238000000,
        "grossProfitRatio": 0.1387755102,
        "researchAndDevelopmentExpenses": 0,
        "generalAndAdministrativeExpenses": 0,
        "sellingAndMarketingExpenses": 0,
        "sellingGeneralAndAdministrativeExpenses": 103000000,
        "otherExpenses": 16000000,
        "operatingExpenses": 119000000,
        "costAndExpenses": 1596000000,
        "interestIncome": 6000000,
        "interestExpense": 22000000,
        "depreciationAndAmortization": 68000000,
        "ebitda": 193000000,
        "ebitdaratio": 0.1125364431,
        "operatingIncome": 119000000,
        "operatingIncomeRatio": 0.0693877551,
        "totalOtherIncomeExpensesNet": -26000000,
        "incomeBeforeTax": 95000000,
        "incomeBeforeTaxRatio": 0.055393586,
        "incomeTaxExpense": 33000000,
        "netIncome": 56000000,
        "netIncomeRatio": 0.0326530612,
        "eps": 0.32,
        "epsdiluted": 0.26,
        "weightedAverageShsOut": 148100000,
        "weightedAverageShsOutDil": 214500000,
        "link": "https://www.sec.gov/Archives/edgar/data/26780/000114420412057930/0001144204-12-057930-index.htm",
        "finalLink": "https://www.sec.gov/Archives/edgar/data/26780/000114420412057930/v323883_10q.htm"
    },
    {
        "date": "2012-06-30",
        "symbol": "DAN",
        "reportedCurrency": "USD",
        "cik": "0000026780",
        "fillingDate": "2012-07-26",
        "acceptedDate": "2012-07-26 15:38:42",
        "calendarYear": "2012",
        "period": "Q2",
        "revenue": 1949000000,
        "costOfRevenue": 1674000000,
        "grossProfit": 275000000,
        "grossProfitRatio": 0.141097999,
        "researchAndDevelopmentExpenses": 0,
        "generalAndAdministrativeExpenses": 0,
        "sellingAndMarketingExpenses": 0,
        "sellingGeneralAndAdministrativeExpenses": 111000000,
        "otherExpenses": 14000000,
        "operatingExpenses": 125000000,
        "costAndExpenses": 1799000000,
        "interestIncome": 5000000,
        "interestExpense": 20000000,
        "depreciationAndAmortization": 69000000,
        "ebitda": 224000000,
        "ebitdaratio": 0.1149307337,
        "operatingIncome": 150000000,
        "operatingIncomeRatio": 0.0769625449,
        "totalOtherIncomeExpensesNet": -30000000,
        "incomeBeforeTax": 114000000,
        "incomeBeforeTaxRatio": 0.0584915341,
        "incomeTaxExpense": 27000000,
        "netIncome": 86000000,
        "netIncomeRatio": 0.0441251924,
        "eps": 0.53,
        "epsdiluted": 0.4,
        "weightedAverageShsOut": 147900000,
        "weightedAverageShsOutDil": 214600000,
        "link": "https://www.sec.gov/Archives/edgar/data/26780/000114420412041130/0001144204-12-041130-index.htm",
        "finalLink": "https://www.sec.gov/Archives/edgar/data/26780/000114420412041130/v316190_10q.htm"
    },
    {
        "date": "2012-03-31",
        "symbol": "DAN",
        "reportedCurrency": "USD",
        "cik": "0000026780",
        "fillingDate": "2012-04-25",
        "acceptedDate": "2012-04-25 12:16:45",
        "calendarYear": "2012",
        "period": "Q1",
        "revenue": 1977000000,
        "costOfRevenue": 1709000000,
        "grossProfit": 268000000,
        "grossProfitRatio": 0.1355589277,
        "researchAndDevelopmentExpenses": 0,
        "generalAndAdministrativeExpenses": 0,
        "sellingAndMarketingExpenses": 0,
        "sellingGeneralAndAdministrativeExpenses": 113000000,
        "otherExpenses": 26000000,
        "operatingExpenses": 135000000,
        "costAndExpenses": 1844000000,
        "interestIncome": 6000000,
        "interestExpense": 21000000,
        "depreciationAndAmortization": 71000000,
        "ebitda": 199000000,
        "ebitdaratio": 0.100657562,
        "operatingIncome": 129000000,
        "operatingIncomeRatio": 0.0652503794,
        "totalOtherIncomeExpensesNet": -27000000,
        "incomeBeforeTax": 106000000,
        "incomeBeforeTaxRatio": 0.0536165908,
        "incomeTaxExpense": -37000000,
        "netIncome": 70000000,
        "netIncomeRatio": 0.0354071826,
        "eps": 0.42,
        "epsdiluted": 0.33,
        "weightedAverageShsOut": 147500000,
        "weightedAverageShsOutDil": 214700000,
        "link": "https://www.sec.gov/Archives/edgar/data/26780/000114420412023657/0001144204-12-023657-index.htm",
        "finalLink": "https://www.sec.gov/Archives/edgar/data/26780/000114420412023657/v307233_10q.htm"
    },
    {
        "date": "2011-12-31",
        "symbol": "DAN",
        "reportedCurrency": "USD",
        "cik": "0000026780",
        "fillingDate": "2012-02-23",
        "acceptedDate": "2012-02-23 14:55:07",
        "calendarYear": "2011",
        "period": "Q4",
        "revenue": 1907000000,
        "costOfRevenue": 1693000000,
        "grossProfit": 214000000,
        "grossProfitRatio": 0.1122181437,
        "researchAndDevelopmentExpenses": 0,
        "generalAndAdministrativeExpenses": 0,
        "sellingAndMarketingExpenses": 0,
        "sellingGeneralAndAdministrativeExpenses": 92000000,
        "otherExpenses": 28000000,
        "operatingExpenses": 120000000,
        "costAndExpenses": 1813000000,
        "interestIncome": 0,
        "interestExpense": 20000000,
        "depreciationAndAmortization": 76000000,
        "ebitda": 161000000,
        "ebitdaratio": 0.0844257997,
        "operatingIncome": 94000000,
        "operatingIncomeRatio": 0.0492920818,
        "totalOtherIncomeExpensesNet": -29000000,
        "incomeBeforeTax": 65000000,
        "incomeBeforeTaxRatio": 0.0340849502,
        "incomeTaxExpense": -6000000,
        "netIncome": 71000000,
        "netIncomeRatio": 0.0372312533,
        "eps": 0.48,
        "epsdiluted": 0.48,
        "weightedAverageShsOut": 147500000,
        "weightedAverageShsOutDil": 214950000,
        "link": "https://www.sec.gov/Archives/edgar/data/26780/000114420412010573/0001144204-12-010573-index.htm",
        "finalLink": "https://www.sec.gov/Archives/edgar/data/26780/000114420412010573/v241415_10k.htm"
    },
    {
        "date": "2011-09-30",
        "symbol": "DAN",
        "reportedCurrency": "USD",
        "cik": "0000026780",
        "fillingDate": "2011-10-27",
        "acceptedDate": "2011-10-27 13:57:36",
        "calendarYear": "2011",
        "period": "Q3",
        "revenue": 1952000000,
        "costOfRevenue": 1719000000,
        "grossProfit": 233000000,
        "grossProfitRatio": 0.1193647541,
        "researchAndDevelopmentExpenses": 0,
        "generalAndAdministrativeExpenses": 0,
        "sellingAndMarketingExpenses": 0,
        "sellingGeneralAndAdministrativeExpenses": 111000000,
        "otherExpenses": 97000000,
        "operatingExpenses": 208000000,
        "costAndExpenses": 1927000000,
        "interestIncome": 7000000,
        "interestExpense": 20000000,
        "depreciationAndAmortization": 20000000,
        "ebitda": 199000000,
        "ebitdaratio": 0.1019467213,
        "operatingIncome": 25000000,
        "operatingIncomeRatio": 0.012807377,
        "totalOtherIncomeExpensesNet": -28000000,
        "incomeBeforeTax": 135000000,
        "incomeBeforeTaxRatio": 0.0691598361,
        "incomeTaxExpense": 29000000,
        "netIncome": 110000000,
        "netIncomeRatio": 0.056352459,
        "eps": 0.69,
        "epsdiluted": 0.51,
        "weightedAverageShsOut": 147100000,
        "weightedAverageShsOutDil": 214600000,
        "link": "https://www.sec.gov/Archives/edgar/data/26780/000114420411059718/0001144204-11-059718-index.htm",
        "finalLink": "https://www.sec.gov/Archives/edgar/data/26780/000114420411059718/v237448_10q.htm"
    },
    {
        "date": "2011-06-30",
        "symbol": "DAN",
        "reportedCurrency": "USD",
        "cik": "0000026780",
        "fillingDate": "2011-07-28",
        "acceptedDate": "2011-07-28 13:55:05",
        "calendarYear": "2011",
        "period": "Q2",
        "revenue": 1933000000,
        "costOfRevenue": 1700000000,
        "grossProfit": 233000000,
        "grossProfitRatio": 0.1205380238,
        "researchAndDevelopmentExpenses": 0,
        "generalAndAdministrativeExpenses": 0,
        "sellingAndMarketingExpenses": 0,
        "sellingGeneralAndAdministrativeExpenses": 107000000,
        "otherExpenses": 21000000,
        "operatingExpenses": 128000000,
        "costAndExpenses": 1828000000,
        "interestIncome": 6000000,
        "interestExpense": 20000000,
        "depreciationAndAmortization": 79000000,
        "ebitda": 193000000,
        "ebitdaratio": 0.0998448008,
        "operatingIncome": 105000000,
        "operatingIncomeRatio": 0.0543197103,
        "totalOtherIncomeExpensesNet": -24000000,
        "incomeBeforeTax": 94000000,
        "incomeBeforeTaxRatio": 0.048629074,
        "incomeTaxExpense": 31000000,
        "netIncome": 68000000,
        "netIncomeRatio": 0.035178479,
        "eps": 0.41,
        "epsdiluted": 0.32,
        "weightedAverageShsOut": 146700000,
        "weightedAverageShsOutDil": 214800000,
        "link": "https://www.sec.gov/Archives/edgar/data/26780/000114420411042577/0001144204-11-042577-index.htm",
        "finalLink": "https://www.sec.gov/Archives/edgar/data/26780/000114420411042577/v229573_10q.htm"
    },
    {
        "date": "2011-03-31",
        "symbol": "DAN",
        "reportedCurrency": "USD",
        "cik": "0000026780",
        "fillingDate": "2011-04-27",
        "acceptedDate": "2011-04-27 17:09:53",
        "calendarYear": "2011",
        "period": "Q1",
        "revenue": 1800000000,
        "costOfRevenue": 1585000000,
        "grossProfit": 215000000,
        "grossProfitRatio": 0.1194444444,
        "researchAndDevelopmentExpenses": 0,
        "generalAndAdministrativeExpenses": 0,
        "sellingAndMarketingExpenses": 0,
        "sellingGeneralAndAdministrativeExpenses": 99000000,
        "otherExpenses": 17000000,
        "operatingExpenses": 116000000,
        "costAndExpenses": 1701000000,
        "interestIncome": 7000000,
        "interestExpense": 19000000,
        "depreciationAndAmortization": 76000000,
        "ebitda": 182000000,
        "ebitdaratio": 0.1011111111,
        "operatingIncome": 99000000,
        "operatingIncomeRatio": 0.055,
        "totalOtherIncomeExpensesNet": -42000000,
        "incomeBeforeTax": 2000000,
        "incomeBeforeTaxRatio": 0.0011111111,
        "incomeTaxExpense": 31000000,
        "netIncome": -30000000,
        "netIncomeRatio": -0.0166666667,
        "eps": -0.21,
        "epsdiluted": -0.21,
        "weightedAverageShsOut": 145200000,
        "weightedAverageShsOutDil": 145200000,
        "link": "https://www.sec.gov/Archives/edgar/data/26780/000114420411024342/0001144204-11-024342-index.htm",
        "finalLink": "https://www.sec.gov/Archives/edgar/data/26780/000114420411024342/v219325_10q.htm"
    },
    {
        "date": "2010-12-31",
        "symbol": "DAN",
        "reportedCurrency": "USD",
        "cik": "0000026780",
        "fillingDate": "2011-02-24",
        "acceptedDate": "2011-02-24 17:29:45",
        "calendarYear": "2010",
        "period": "Q4",
        "revenue": 1559000000,
        "costOfRevenue": 1387000000,
        "grossProfit": 172000000,
        "grossProfitRatio": 0.1103271328,
        "researchAndDevelopmentExpenses": 0,
        "generalAndAdministrativeExpenses": 0,
        "sellingAndMarketingExpenses": 0,
        "sellingGeneralAndAdministrativeExpenses": 110000000,
        "otherExpenses": 16000000,
        "operatingExpenses": 126000000,
        "costAndExpenses": 1513000000,
        "interestIncome": -21000000,
        "interestExpense": 21000000,
        "depreciationAndAmortization": 77000000,
        "ebitda": 103000000,
        "ebitdaratio": 0.0660679923,
        "operatingIncome": 46000000,
        "operatingIncomeRatio": 0.0295060936,
        "totalOtherIncomeExpensesNet": -41000000,
        "incomeBeforeTax": 5000000,
        "incomeBeforeTaxRatio": 0.0032071841,
        "incomeTaxExpense": 21000000,
        "netIncome": -14000000,
        "netIncomeRatio": -0.0089801155,
        "eps": -0.0978,
        "epsdiluted": -0.0966,
        "weightedAverageShsOut": 143200000,
        "weightedAverageShsOutDil": 145000000,
        "link": "https://www.sec.gov/Archives/edgar/data/26780/000114420411010809/0001144204-11-010809-index.htm",
        "finalLink": "https://www.sec.gov/Archives/edgar/data/26780/000114420411010809/v209951_10k.htm"
    },
    {
        "date": "2010-09-30",
        "symbol": "DAN",
        "reportedCurrency": "USD",
        "cik": "0000026780",
        "fillingDate": "2010-10-28",
        "acceptedDate": "2010-10-28 12:38:35",
        "calendarYear": "2010",
        "period": "Q3",
        "revenue": 1516000000,
        "costOfRevenue": 1338000000,
        "grossProfit": 178000000,
        "grossProfitRatio": 0.117414248,
        "researchAndDevelopmentExpenses": 0,
        "generalAndAdministrativeExpenses": 0,
        "sellingAndMarketingExpenses": 0,
        "sellingGeneralAndAdministrativeExpenses": 99000000,
        "otherExpenses": 15000000,
        "operatingExpenses": 114000000,
        "costAndExpenses": 1452000000,
        "interestIncome": 8000000,
        "interestExpense": 22000000,
        "depreciationAndAmortization": 76000000,
        "ebitda": 140000000,
        "ebitdaratio": 0.092348285,
        "operatingIncome": 64000000,
        "operatingIncomeRatio": 0.0422163588,
        "totalOtherIncomeExpensesNet": -22000000,
        "incomeBeforeTax": 42000000,
        "incomeBeforeTaxRatio": 0.0277044855,
        "incomeTaxExpense": -4000000,
        "netIncome": 46000000,
        "netIncomeRatio": 0.0303430079,
        "eps": 0.27,
        "epsdiluted": 0.22,
        "weightedAverageShsOut": 141000000,
        "weightedAverageShsOutDil": 143400000,
        "link": "https://www.sec.gov/Archives/edgar/data/26780/000114420410056014/0001144204-10-056014-index.htm",
        "finalLink": "https://www.sec.gov/Archives/edgar/data/26780/000114420410056014/v199680_10q.htm"
    },
    {
        "date": "2010-06-30",
        "symbol": "DAN",
        "reportedCurrency": "USD",
        "cik": "0000026780",
        "fillingDate": "2010-07-29",
        "acceptedDate": "2010-07-29 12:19:24",
        "calendarYear": "2010",
        "period": "Q2",
        "revenue": 1526000000,
        "costOfRevenue": 1357000000,
        "grossProfit": 169000000,
        "grossProfitRatio": 0.1107470511,
        "researchAndDevelopmentExpenses": 0,
        "generalAndAdministrativeExpenses": 0,
        "sellingAndMarketingExpenses": 0,
        "sellingGeneralAndAdministrativeExpenses": 91000000,
        "otherExpenses": 16000000,
        "operatingExpenses": 107000000,
        "costAndExpenses": 1464000000,
        "interestIncome": 7000000,
        "interestExpense": 20000000,
        "depreciationAndAmortization": 80000000,
        "ebitda": 123000000,
        "ebitdaratio": 0.0806028834,
        "operatingIncome": 62000000,
        "operatingIncomeRatio": 0.0406290957,
        "totalOtherIncomeExpensesNet": -39000000,
        "incomeBeforeTax": 23000000,
        "incomeBeforeTaxRatio": 0.0150720839,
        "incomeTaxExpense": 17000000,
        "netIncome": 9000000,
        "netIncomeRatio": 0.005897772,
        "eps": 0.0643,
        "epsdiluted": 0.0616,
        "weightedAverageShsOut": 140000000,
        "weightedAverageShsOutDil": 146000000,
        "link": "https://www.sec.gov/Archives/edgar/data/26780/000095012310069600/0000950123-10-069600-index.htm",
        "finalLink": "https://www.sec.gov/Archives/edgar/data/26780/000095012310069600/l40299e10vq.htm"
    },
    {
        "date": "2010-03-31",
        "symbol": "DAN",
        "reportedCurrency": "USD",
        "cik": "0000026780",
        "fillingDate": "2010-04-29",
        "acceptedDate": "2010-04-29 12:11:07",
        "calendarYear": "2010",
        "period": "Q1",
        "revenue": 1508000000,
        "costOfRevenue": 1368000000,
        "grossProfit": 140000000,
        "grossProfitRatio": 0.0928381963,
        "researchAndDevelopmentExpenses": 0,
        "generalAndAdministrativeExpenses": 0,
        "sellingAndMarketingExpenses": 0,
        "sellingGeneralAndAdministrativeExpenses": 102000000,
        "otherExpenses": 2000000,
        "operatingExpenses": 104000000,
        "costAndExpenses": 1472000000,
        "interestIncome": 6000000,
        "interestExpense": 26000000,
        "depreciationAndAmortization": 81000000,
        "ebitda": 38000000,
        "ebitdaratio": 0.025198939,
        "operatingIncome": 36000000,
        "operatingIncomeRatio": 0.023872679,
        "totalOtherIncomeExpensesNet": -58000000,
        "incomeBeforeTax": -35000000,
        "incomeBeforeTaxRatio": -0.0232095491,
        "incomeTaxExpense": -3000000,
        "netIncome": -31000000,
        "netIncomeRatio": -0.0205570292,
        "eps": -0.22,
        "epsdiluted": -0.22,
        "weightedAverageShsOut": 140000000,
        "weightedAverageShsOutDil": 140000000,
        "link": "https://www.sec.gov/Archives/edgar/data/26780/000095012310040287/0000950123-10-040287-index.htm",
        "finalLink": "https://www.sec.gov/Archives/edgar/data/26780/000095012310040287/l39479e10vq.htm"
    },
    {
        "date": "2009-12-31",
        "symbol": "DAN",
        "reportedCurrency": "USD",
        "cik": "0000026780",
        "fillingDate": "2010-02-24",
        "acceptedDate": "2010-02-24 16:09:44",
        "calendarYear": "2009",
        "period": "Q4",
        "revenue": 1493000000,
        "costOfRevenue": 1387000000,
        "grossProfit": 106000000,
        "grossProfitRatio": 0.0709979906,
        "researchAndDevelopmentExpenses": 0,
        "generalAndAdministrativeExpenses": 0,
        "sellingAndMarketingExpenses": 0,
        "sellingGeneralAndAdministrativeExpenses": 96000000,
        "otherExpenses": -82000000,
        "operatingExpenses": 14000000,
        "costAndExpenses": 1401000000,
        "interestIncome": 0,
        "interestExpense": 31000000,
        "depreciationAndAmortization": 102000000,
        "ebitda": -83000000,
        "ebitdaratio": -0.0555927662,
        "operatingIncome": 92000000,
        "operatingIncomeRatio": 0.0616208975,
        "totalOtherIncomeExpensesNet": -308000000,
        "incomeBeforeTax": -216000000,
        "incomeBeforeTaxRatio": -0.1446751507,
        "incomeTaxExpense": 12000000,
        "netIncome": -236000000,
        "netIncomeRatio": -0.158070998,
        "eps": -1.69,
        "epsdiluted": -1.69,
        "weightedAverageShsOut": 140000000,
        "weightedAverageShsOutDil": 140000000,
        "link": "https://www.sec.gov/Archives/edgar/data/26780/000095012310016351/0000950123-10-016351-index.htm",
        "finalLink": "https://www.sec.gov/Archives/edgar/data/26780/000095012310016351/l38601e10vk.htm"
    },
    {
        "date": "2009-09-30",
        "symbol": "DAN",
        "reportedCurrency": "USD",
        "cik": "0000026780",
        "fillingDate": "2009-11-03",
        "acceptedDate": "2009-11-03 12:28:49",
        "calendarYear": "2009",
        "period": "Q3",
        "revenue": 1329000000,
        "costOfRevenue": 1247000000,
        "grossProfit": 82000000,
        "grossProfitRatio": 0.0617005267,
        "researchAndDevelopmentExpenses": 0,
        "generalAndAdministrativeExpenses": 0,
        "sellingAndMarketingExpenses": 0,
        "sellingGeneralAndAdministrativeExpenses": 73000000,
        "otherExpenses": 28000000,
        "operatingExpenses": 81000000,
        "costAndExpenses": 1328000000,
        "interestIncome": 6000000,
        "interestExpense": 36000000,
        "depreciationAndAmortization": 18000000,
        "ebitda": 21000000,
        "ebitdaratio": 0.0158013544,
        "operatingIncome": -19000000,
        "operatingIncomeRatio": -0.0142964635,
        "totalOtherIncomeExpensesNet": -28000000,
        "incomeBeforeTax": -47000000,
        "incomeBeforeTaxRatio": -0.035364936,
        "incomeTaxExpense": -9000000,
        "netIncome": -38000000,
        "netIncomeRatio": -0.028592927,
        "eps": -0.38,
        "epsdiluted": -0.38,
        "weightedAverageShsOut": 101000000,
        "weightedAverageShsOutDil": 101000000,
        "link": "https://www.sec.gov/Archives/edgar/data/26780/000095012309056725/0000950123-09-056725-index.htm",
        "finalLink": "https://www.sec.gov/Archives/edgar/data/26780/000095012309056725/l37785e10vq.htm"
    },
    {
        "date": "2009-06-30",
        "symbol": "DAN",
        "reportedCurrency": "USD",
        "cik": "0000026780",
        "fillingDate": "2009-08-06",
        "acceptedDate": "2009-08-06 12:00:25",
        "calendarYear": "2009",
        "period": "Q2",
        "revenue": 1190000000,
        "costOfRevenue": 1128000000,
        "grossProfit": 62000000,
        "grossProfitRatio": 0.0521008403,
        "researchAndDevelopmentExpenses": 0,
        "generalAndAdministrativeExpenses": 0,
        "sellingAndMarketingExpenses": 0,
        "sellingGeneralAndAdministrativeExpenses": 59000000,
        "otherExpenses": 18000000,
        "operatingExpenses": 77000000,
        "costAndExpenses": 1205000000,
        "interestIncome": 6000000,
        "interestExpense": 37000000,
        "depreciationAndAmortization": 100000000,
        "ebitda": 114000000,
        "ebitdaratio": 0.0957983193,
        "operatingIncome": -15000000,
        "operatingIncomeRatio": -0.012605042,
        "totalOtherIncomeExpensesNet": -8000000,
        "incomeBeforeTax": -23000000,
        "incomeBeforeTaxRatio": -0.0193277311,
        "incomeTaxExpense": -21000000,
        "netIncome": -44000000,
        "netIncomeRatio": -0.0369747899,
        "eps": -0.44,
        "epsdiluted": -0.44,
        "weightedAverageShsOut": 100000000,
        "weightedAverageShsOutDil": 100000000,
        "link": "https://www.sec.gov/Archives/edgar/data/26780/000095012309030889/0000950123-09-030889-index.htm",
        "finalLink": "https://www.sec.gov/Archives/edgar/data/26780/000095012309030889/l37229e10vq.htm"
    },
    {
        "date": "2009-03-31",
        "symbol": "DAN",
        "reportedCurrency": "USD",
        "cik": "0000026780",
        "fillingDate": "2009-05-07",
        "acceptedDate": "2009-05-07 15:23:10",
        "calendarYear": "2009",
        "period": "Q1",
        "revenue": 1216000000,
        "costOfRevenue": 1233000000,
        "grossProfit": -17000000,
        "grossProfitRatio": -0.0139802632,
        "researchAndDevelopmentExpenses": 0,
        "generalAndAdministrativeExpenses": 0,
        "sellingAndMarketingExpenses": 0,
        "sellingGeneralAndAdministrativeExpenses": 75000000,
        "otherExpenses": 46000000,
        "operatingExpenses": 121000000,
        "costAndExpenses": 1354000000,
        "interestIncome": 0,
        "interestExpense": 35000000,
        "depreciationAndAmortization": 94000000,
        "ebitda": -37000000,
        "ebitdaratio": -0.0304276316,
        "operatingIncome": -138000000,
        "operatingIncomeRatio": -0.1134868421,
        "totalOtherIncomeExpensesNet": -28000000,
        "incomeBeforeTax": -166000000,
        "incomeBeforeTaxRatio": -0.1365131579,
        "incomeTaxExpense": -9000000,
        "netIncome": -157000000,
        "netIncomeRatio": -0.1291118421,
        "eps": -1.57,
        "epsdiluted": -1.57,
        "weightedAverageShsOut": 100000000,
        "weightedAverageShsOutDil": 100000000,
        "link": "https://www.sec.gov/Archives/edgar/data/26780/000095015209004896/0000950152-09-004896-index.htm",
        "finalLink": "https://www.sec.gov/Archives/edgar/data/26780/000095015209004896/l36370ae10vq.htm"
    },
    {
        "date": "2008-12-31",
        "symbol": "DAN",
        "reportedCurrency": "USD",
        "cik": "0000026780",
        "fillingDate": "2009-03-17",
        "acceptedDate": "2009-03-16 18:47:51",
        "calendarYear": "2008",
        "period": "Q4",
        "revenue": 2272000000,
        "costOfRevenue": 2250000000,
        "grossProfit": 22000000,
        "grossProfitRatio": 0.0096830986,
        "researchAndDevelopmentExpenses": 0,
        "generalAndAdministrativeExpenses": 0,
        "sellingAndMarketingExpenses": 0,
        "sellingGeneralAndAdministrativeExpenses": 101000000,
        "otherExpenses": 17000000,
        "operatingExpenses": 118000000,
        "costAndExpenses": 2368000000,
        "interestIncome": 0,
        "interestExpense": 105000000,
        "depreciationAndAmortization": 133000000,
        "ebitda": -376000000,
        "ebitdaratio": -0.1654929577,
        "operatingIncome": -96000000,
        "operatingIncomeRatio": -0.0422535211,
        "totalOtherIncomeExpensesNet": 806000000,
        "incomeBeforeTax": 710000000,
        "incomeBeforeTaxRatio": 0.3125,
        "incomeTaxExpense": 250000000,
        "netIncome": 453000000,
        "netIncomeRatio": 0.1993838028,
        "eps": 4.53,
        "epsdiluted": 4.53,
        "weightedAverageShsOut": 100000000,
        "weightedAverageShsOutDil": 100000000,
        "link": "https://www.sec.gov/Archives/edgar/data/26780/000095015209002694/0000950152-09-002694-index.htm",
        "finalLink": "https://www.sec.gov/Archives/edgar/data/26780/000095015209002694/l35119be10vkza.htm"
    },
    {
        "date": "2008-09-30",
        "symbol": "DAN",
        "reportedCurrency": "USD",
        "cik": "0000026780",
        "fillingDate": "2008-11-07",
        "acceptedDate": "2008-11-07 16:14:26",
        "calendarYear": "2008",
        "period": "Q3",
        "revenue": 1929000000,
        "costOfRevenue": 1896000000,
        "grossProfit": 33000000,
        "grossProfitRatio": 0.0171073095,
        "researchAndDevelopmentExpenses": 0,
        "generalAndAdministrativeExpenses": 0,
        "sellingAndMarketingExpenses": 0,
        "sellingGeneralAndAdministrativeExpenses": 87000000,
        "otherExpenses": 18000000,
        "operatingExpenses": 105000000,
        "costAndExpenses": 2001000000,
        "interestIncome": 0,
        "interestExpense": 37000000,
        "depreciationAndAmortization": 71000000,
        "ebitda": 2000000,
        "ebitdaratio": 0.0010368066,
        "operatingIncome": -72000000,
        "operatingIncomeRatio": -0.0373250389,
        "totalOtherIncomeExpensesNet": -160000000,
        "incomeBeforeTax": -232000000,
        "incomeBeforeTaxRatio": -0.1202695697,
        "incomeTaxExpense": 24000000,
        "netIncome": -271000000,
        "netIncomeRatio": -0.1404872991,
        "eps": -2.71,
        "epsdiluted": -2.71,
        "weightedAverageShsOut": 100000000,
        "weightedAverageShsOutDil": 100000000,
        "link": "https://www.sec.gov/Archives/edgar/data/26780/000095015208008956/0000950152-08-008956-index.htm",
        "finalLink": "https://www.sec.gov/Archives/edgar/data/26780/000095015208008956/l34406ae10vq.htm"
    },
    {
        "date": "2008-06-30",
        "symbol": "DAN",
        "reportedCurrency": "USD",
        "cik": "0000026780",
        "fillingDate": "2008-08-08",
        "acceptedDate": "2008-08-08 16:41:31",
        "calendarYear": "2008",
        "period": "Q2",
        "revenue": 2333000000,
        "costOfRevenue": 2206000000,
        "grossProfit": 127000000,
        "grossProfitRatio": 0.054436348,
        "researchAndDevelopmentExpenses": 0,
        "generalAndAdministrativeExpenses": 0,
        "sellingAndMarketingExpenses": 0,
        "sellingGeneralAndAdministrativeExpenses": 84000000,
        "otherExpenses": 19000000,
        "operatingExpenses": 103000000,
        "costAndExpenses": 2309000000,
        "interestIncome": 14000000,
        "interestExpense": 35000000,
        "depreciationAndAmortization": 79000000,
        "ebitda": 24000000,
        "ebitdaratio": 0.0102871839,
        "operatingIncome": 24000000,
        "operatingIncomeRatio": 0.0102871839,
        "totalOtherIncomeExpensesNet": -131000000,
        "incomeBeforeTax": -125000000,
        "incomeBeforeTaxRatio": -0.0535790827,
        "incomeTaxExpense": 12000000,
        "netIncome": -140000000,
        "netIncomeRatio": -0.0600085727,
        "eps": -1.4,
        "epsdiluted": -1.4,
        "weightedAverageShsOut": 100000000,
        "weightedAverageShsOutDil": 100000000,
        "link": "https://www.sec.gov/Archives/edgar/data/26780/000095015208006258/0000950152-08-006258-index.htm",
        "finalLink": "https://www.sec.gov/Archives/edgar/data/26780/000095015208006258/l32773ae10vq.htm"
    },
    {
        "date": "2008-03-31",
        "symbol": "DAN",
        "reportedCurrency": "USD",
        "cik": "0000026780",
        "fillingDate": "2008-05-12",
        "acceptedDate": "2008-05-12 17:27:44",
        "calendarYear": "2008",
        "period": "Q1",
        "revenue": 2312000000,
        "costOfRevenue": 2179000000,
        "grossProfit": 133000000,
        "grossProfitRatio": 0.0575259516,
        "researchAndDevelopmentExpenses": 0,
        "generalAndAdministrativeExpenses": 0,
        "sellingAndMarketingExpenses": 0,
        "sellingGeneralAndAdministrativeExpenses": 116000000,
        "otherExpenses": 12000000,
        "operatingExpenses": 128000000,
        "costAndExpenses": 2307000000,
        "interestIncome": 11000000,
        "interestExpense": 35000000,
        "depreciationAndAmortization": 105000000,
        "ebitda": -832000000,
        "ebitdaratio": -0.3598615917,
        "operatingIncome": 5000000,
        "operatingIncomeRatio": 0.0021626298,
        "totalOtherIncomeExpensesNet": 930000000,
        "incomeBeforeTax": 912000000,
        "incomeBeforeTaxRatio": 0.3944636678,
        "incomeTaxExpense": 219000000,
        "netIncome": 685000000,
        "netIncomeRatio": 0.2962802768,
        "eps": 5.59,
        "epsdiluted": 5.59,
        "weightedAverageShsOut": 117000000,
        "weightedAverageShsOutDil": 117000000,
        "link": "https://www.sec.gov/Archives/edgar/data/26780/000095015208003869/0000950152-08-003869-index.htm",
        "finalLink": "https://www.sec.gov/Archives/edgar/data/26780/000095015208003869/l31422ae10vq.htm"
    },
    {
        "date": "2007-12-31",
        "symbol": "DAN",
        "reportedCurrency": "USD",
        "cik": "0000026780",
        "fillingDate": "2008-03-14",
        "acceptedDate": "2008-03-14 17:22:10",
        "calendarYear": "2007",
        "period": "Q4",
        "revenue": 2157000000,
        "costOfRevenue": 2030000000,
        "grossProfit": 127000000,
        "grossProfitRatio": 0.0588780714,
        "researchAndDevelopmentExpenses": 0,
        "generalAndAdministrativeExpenses": 0,
        "sellingAndMarketingExpenses": 0,
        "sellingGeneralAndAdministrativeExpenses": 102000000,
        "otherExpenses": 0,
        "operatingExpenses": 102000000,
        "costAndExpenses": 2132000000,
        "interestIncome": 0,
        "interestExpense": 72000000,
        "depreciationAndAmortization": 70000000,
        "ebitda": 95000000,
        "ebitdaratio": 0.0440426518,
        "operatingIncome": 25000000,
        "operatingIncomeRatio": 0.0115901715,
        "totalOtherIncomeExpensesNet": -210000000,
        "incomeBeforeTax": -185000000,
        "incomeBeforeTaxRatio": -0.0857672694,
        "incomeTaxExpense": 47000000,
        "netIncome": -257000000,
        "netIncomeRatio": -0.1191469634,
        "eps": -2.57,
        "epsdiluted": -2.57,
        "weightedAverageShsOut": 100000000,
        "weightedAverageShsOutDil": 100000000,
        "link": "https://www.sec.gov/Archives/edgar/data/26780/000095015208001968/0000950152-08-001968-index.htm",
        "finalLink": "https://www.sec.gov/Archives/edgar/data/26780/000095015208001968/l30266ae10vk.htm"
    },
    {
        "date": "2007-09-30",
        "symbol": "DAN",
        "reportedCurrency": "USD",
        "cik": "0000026780",
        "fillingDate": "2007-11-07",
        "acceptedDate": "2007-11-07 17:30:03",
        "calendarYear": "2007",
        "period": "Q3",
        "revenue": 2130000000,
        "costOfRevenue": 2017000000,
        "grossProfit": 113000000,
        "grossProfitRatio": 0.0530516432,
        "researchAndDevelopmentExpenses": 0,
        "generalAndAdministrativeExpenses": 0,
        "sellingAndMarketingExpenses": 0,
        "sellingGeneralAndAdministrativeExpenses": 79000000,
        "otherExpenses": 0,
        "operatingExpenses": 79000000,
        "costAndExpenses": 2096000000,
        "interestIncome": 0,
        "interestExpense": 27000000,
        "depreciationAndAmortization": 70000000,
        "ebitda": 104000000,
        "ebitdaratio": 0.0488262911,
        "operatingIncome": 34000000,
        "operatingIncomeRatio": 0.0159624413,
        "totalOtherIncomeExpensesNet": -101000000,
        "incomeBeforeTax": -67000000,
        "incomeBeforeTaxRatio": -0.0314553991,
        "incomeTaxExpense": -3000000,
        "netIncome": -69000000,
        "netIncomeRatio": -0.0323943662,
        "eps": -0.46,
        "epsdiluted": -0.46,
        "weightedAverageShsOut": 150000000,
        "weightedAverageShsOutDil": 150000000,
        "link": "https://www.sec.gov/Archives/edgar/data/26780/000095015207008705/0000950152-07-008705-index.htm",
        "finalLink": "https://www.sec.gov/Archives/edgar/data/26780/000095015207008705/l27756ae10vq.htm"
    },
    {
        "date": "2007-06-30",
        "symbol": "DAN",
        "reportedCurrency": "USD",
        "cik": "0000026780",
        "fillingDate": "2007-08-10",
        "acceptedDate": "2007-08-09 21:44:16",
        "calendarYear": "2007",
        "period": "Q2",
        "revenue": 2289000000,
        "costOfRevenue": 2141000000,
        "grossProfit": 148000000,
        "grossProfitRatio": 0.0646570555,
        "researchAndDevelopmentExpenses": 0,
        "generalAndAdministrativeExpenses": 0,
        "sellingAndMarketingExpenses": 0,
        "sellingGeneralAndAdministrativeExpenses": 88000000,
        "otherExpenses": 0,
        "operatingExpenses": 88000000,
        "costAndExpenses": 2229000000,
        "interestIncome": 0,
        "interestExpense": 28000000,
        "depreciationAndAmortization": 69000000,
        "ebitda": 129000000,
        "ebitdaratio": 0.0563564875,
        "operatingIncome": 60000000,
        "operatingIncomeRatio": 0.0262123198,
        "totalOtherIncomeExpensesNet": -168000000,
        "incomeBeforeTax": -108000000,
        "incomeBeforeTaxRatio": -0.0471821756,
        "incomeTaxExpense": 3000000,
        "netIncome": -133000000,
        "netIncomeRatio": -0.0581039755,
        "eps": -0.89,
        "epsdiluted": -0.89,
        "weightedAverageShsOut": 150000000,
        "weightedAverageShsOutDil": 150000000,
        "link": "https://www.sec.gov/Archives/edgar/data/26780/000095015207006674/0000950152-07-006674-index.htm",
        "finalLink": "https://www.sec.gov/Archives/edgar/data/26780/000095015207006674/l27056ae10vq.htm"
    },
    {
        "date": "2007-03-31",
        "symbol": "DAN",
        "reportedCurrency": "USD",
        "cik": "0000026780",
        "fillingDate": "2007-05-10",
        "acceptedDate": "2007-05-10 16:08:02",
        "calendarYear": "2007",
        "period": "Q1",
        "revenue": 2145000000,
        "costOfRevenue": 2043000000,
        "grossProfit": 102000000,
        "grossProfitRatio": 0.0475524476,
        "researchAndDevelopmentExpenses": 0,
        "generalAndAdministrativeExpenses": 0,
        "sellingAndMarketingExpenses": 0,
        "sellingGeneralAndAdministrativeExpenses": 96000000,
        "otherExpenses": -27000000,
        "operatingExpenses": 69000000,
        "costAndExpenses": 2112000000,
        "interestIncome": 0,
        "interestExpense": 23000000,
        "depreciationAndAmortization": 70000000,
        "ebitda": 103000000,
        "ebitdaratio": 0.048018648,
        "operatingIncome": 33000000,
        "operatingIncomeRatio": 0.0153846154,
        "totalOtherIncomeExpensesNet": 9000000,
        "incomeBeforeTax": -27000000,
        "incomeBeforeTaxRatio": -0.0125874126,
        "incomeTaxExpense": 15000000,
        "netIncome": -92000000,
        "netIncomeRatio": -0.0428904429,
        "eps": -0.61,
        "epsdiluted": -0.61,
        "weightedAverageShsOut": 150000000,
        "weightedAverageShsOutDil": 150000000,
        "link": "https://www.sec.gov/Archives/edgar/data/26780/000095015207004275/0000950152-07-004275-index.htm",
        "finalLink": "https://www.sec.gov/Archives/edgar/data/26780/000095015207004275/l25744ae10vq.htm"
    },
    {
        "date": "2006-12-31",
        "symbol": "DAN",
        "reportedCurrency": "USD",
        "cik": "0000026780",
        "fillingDate": "2007-03-20",
        "acceptedDate": "2007-03-19 21:56:48",
        "calendarYear": "2006",
        "period": "Q4",
        "revenue": 1998000000,
        "costOfRevenue": 1967000000,
        "grossProfit": 31000000,
        "grossProfitRatio": 0.0155155155,
        "researchAndDevelopmentExpenses": 0,
        "generalAndAdministrativeExpenses": 0,
        "sellingAndMarketingExpenses": 0,
        "sellingGeneralAndAdministrativeExpenses": 90000000,
        "otherExpenses": 0,
        "operatingExpenses": 90000000,
        "costAndExpenses": 2057000000,
        "interestIncome": 0,
        "interestExpense": 0,
        "depreciationAndAmortization": -206000000,
        "ebitda": -59000000,
        "ebitdaratio": -0.0295295295,
        "operatingIncome": -59000000,
        "operatingIncomeRatio": -0.0295295295,
        "totalOtherIncomeExpensesNet": -175000000,
        "incomeBeforeTax": -234000000,
        "incomeBeforeTaxRatio": -0.1171171171,
        "incomeTaxExpense": -12000000,
        "netIncome": -229000000,
        "netIncomeRatio": -0.1146146146,
        "eps": -1.53,
        "epsdiluted": -1.53,
        "weightedAverageShsOut": 150000000,
        "weightedAverageShsOutDil": 150000000,
        "link": "https://www.sec.gov/Archives/edgar/data/26780/000095015207002289/0000950152-07-002289-index.htm",
        "finalLink": "https://www.sec.gov/Archives/edgar/data/26780/000095015207002289/l24221ae10vk.htm"
    },
    {
        "date": "2006-09-30",
        "symbol": "DAN",
        "reportedCurrency": "USD",
        "cik": "0000026780",
        "fillingDate": "2006-11-09",
        "acceptedDate": "2006-11-08 21:43:52",
        "calendarYear": "2006",
        "period": "Q3",
        "revenue": 2009000000,
        "costOfRevenue": 1949000000,
        "grossProfit": 60000000,
        "grossProfitRatio": 0.0298656048,
        "researchAndDevelopmentExpenses": 0,
        "generalAndAdministrativeExpenses": 0,
        "sellingAndMarketingExpenses": 0,
        "sellingGeneralAndAdministrativeExpenses": 90000000,
        "otherExpenses": 0,
        "operatingExpenses": 90000000,
        "costAndExpenses": 2039000000,
        "interestIncome": 0,
        "interestExpense": 24000000,
        "depreciationAndAmortization": 71000000,
        "ebitda": 41000000,
        "ebitdaratio": 0.0204081633,
        "operatingIncome": -30000000,
        "operatingIncomeRatio": -0.0149328024,
        "totalOtherIncomeExpensesNet": -216000000,
        "incomeBeforeTax": -246000000,
        "incomeBeforeTaxRatio": -0.1224489796,
        "incomeTaxExpense": 20000000,
        "netIncome": -356000000,
        "netIncomeRatio": -0.1772025884,
        "eps": -2.37,
        "epsdiluted": -2.37,
        "weightedAverageShsOut": 150000000,
        "weightedAverageShsOutDil": 150000000,
        "link": "https://www.sec.gov/Archives/edgar/data/26780/000095015206009056/0000950152-06-009056-index.htm",
        "finalLink": "https://www.sec.gov/Archives/edgar/data/26780/000095015206009056/l22657ae10vq.htm"
    },
    {
        "date": "2006-06-30",
        "symbol": "DAN",
        "reportedCurrency": "USD",
        "cik": "0000026780",
        "fillingDate": "2006-08-01",
        "acceptedDate": "2006-08-01 17:31:09",
        "calendarYear": "2006",
        "period": "Q2",
        "revenue": 2300000000,
        "costOfRevenue": 2157000000,
        "grossProfit": 143000000,
        "grossProfitRatio": 0.062173913,
        "researchAndDevelopmentExpenses": 0,
        "generalAndAdministrativeExpenses": 0,
        "sellingAndMarketingExpenses": 0,
        "sellingGeneralAndAdministrativeExpenses": 120000000,
        "otherExpenses": 0,
        "operatingExpenses": 120000000,
        "costAndExpenses": 2277000000,
        "interestIncome": 0,
        "interestExpense": 26000000,
        "depreciationAndAmortization": 68000000,
        "ebitda": 91000000,
        "ebitdaratio": 0.0395652174,
        "operatingIncome": 23000000,
        "operatingIncomeRatio": 0.01,
        "totalOtherIncomeExpensesNet": -22000000,
        "incomeBeforeTax": 1000000,
        "incomeBeforeTaxRatio": 0.0004347826,
        "incomeTaxExpense": 36000000,
        "netIncome": -28000000,
        "netIncomeRatio": -0.012173913,
        "eps": -0.19,
        "epsdiluted": -0.19,
        "weightedAverageShsOut": 150000000,
        "weightedAverageShsOutDil": 150000000,
        "link": "https://www.sec.gov/Archives/edgar/data/26780/000095015206006348/0000950152-06-006348-index.htm",
        "finalLink": "https://www.sec.gov/Archives/edgar/data/26780/000095015206006348/l21200ae10vq.htm"
    },
    {
        "date": "2006-03-31",
        "symbol": "DAN",
        "reportedCurrency": "USD",
        "cik": "0000026780",
        "fillingDate": "2006-05-31",
        "acceptedDate": "2006-05-31 16:20:53",
        "calendarYear": "2006",
        "period": "Q1",
        "revenue": 2197000000,
        "costOfRevenue": 2093000000,
        "grossProfit": 104000000,
        "grossProfitRatio": 0.0473372781,
        "researchAndDevelopmentExpenses": 0,
        "generalAndAdministrativeExpenses": 0,
        "sellingAndMarketingExpenses": 0,
        "sellingGeneralAndAdministrativeExpenses": 119000000,
        "otherExpenses": -17000000,
        "operatingExpenses": 102000000,
        "costAndExpenses": 2195000000,
        "interestIncome": 0,
        "interestExpense": 0,
        "depreciationAndAmortization": 67000000,
        "ebitda": 69000000,
        "ebitdaratio": 0.0314064634,
        "operatingIncome": 2000000,
        "operatingIncomeRatio": 0.0009103323,
        "totalOtherIncomeExpensesNet": -94000000,
        "incomeBeforeTax": -92000000,
        "incomeBeforeTaxRatio": -0.0418752845,
        "incomeTaxExpense": 22000000,
        "netIncome": -126000000,
        "netIncomeRatio": -0.0573509331,
        "eps": -0.84,
        "epsdiluted": -0.84,
        "weightedAverageShsOut": 150000000,
        "weightedAverageShsOutDil": 150000000,
        "link": "https://www.sec.gov/Archives/edgar/data/26780/000095015206004828/0000950152-06-004828-index.htm",
        "finalLink": "https://www.sec.gov/Archives/edgar/data/26780/000095015206004828/l19852be10vq.htm"
    },
    {
        "date": "2005-12-31",
        "symbol": "DAN",
        "reportedCurrency": "USD",
        "cik": "0000026780",
        "fillingDate": "2006-04-27",
        "acceptedDate": "2006-04-27 16:30:54",
        "calendarYear": "2005",
        "period": "Q4",
        "revenue": 1039000000,
        "costOfRevenue": 1133000000,
        "grossProfit": -94000000,
        "grossProfitRatio": -0.0904716073,
        "researchAndDevelopmentExpenses": 0,
        "generalAndAdministrativeExpenses": 0,
        "sellingAndMarketingExpenses": 0,
        "sellingGeneralAndAdministrativeExpenses": 87000000,
        "otherExpenses": -237000000,
        "operatingExpenses": -150000000,
        "costAndExpenses": 983000000,
        "interestIncome": 0,
        "interestExpense": 0,
        "depreciationAndAmortization": 70000000,
        "ebitda": 126000000,
        "ebitdaratio": 0.1212704524,
        "operatingIncome": 56000000,
        "operatingIncomeRatio": 0.0538979788,
        "totalOtherIncomeExpensesNet": -13000000,
        "incomeBeforeTax": 43000000,
        "incomeBeforeTaxRatio": 0.041385948,
        "incomeTaxExpense": -1000000,
        "netIncome": -379000000,
        "netIncomeRatio": -0.364773821,
        "eps": -2.53,
        "epsdiluted": -2.53,
        "weightedAverageShsOut": 150000000,
        "weightedAverageShsOutDil": 150000000,
        "link": "https://www.sec.gov/Archives/edgar/data/26780/000095015206003614/0000950152-06-003614-index.htm",
        "finalLink": "https://www.sec.gov/Archives/edgar/data/26780/000095015206003614/l17856be10vk.htm"
    },
    {
        "date": "2005-09-30",
        "symbol": "DAN",
        "reportedCurrency": "USD",
        "cik": "0000026780",
        "fillingDate": "2006-01-18",
        "acceptedDate": "2006-01-17 17:46:30",
        "calendarYear": "2005",
        "period": "Q3",
        "revenue": 2407000000,
        "costOfRevenue": 2290000000,
        "grossProfit": 117000000,
        "grossProfitRatio": 0.048608226,
        "researchAndDevelopmentExpenses": 0,
        "generalAndAdministrativeExpenses": 0,
        "sellingAndMarketingExpenses": 0,
        "sellingGeneralAndAdministrativeExpenses": 136000000,
        "otherExpenses": 290000000,
        "operatingExpenses": 426000000,
        "costAndExpenses": 2716000000,
        "interestIncome": 0,
        "interestExpense": 42000000,
        "depreciationAndAmortization": 77000000,
        "ebitda": 49000000,
        "ebitdaratio": 0.0203572912,
        "operatingIncome": -309000000,
        "operatingIncomeRatio": -0.1283755713,
        "totalOtherIncomeExpensesNet": -323000000,
        "incomeBeforeTax": -351000000,
        "incomeBeforeTaxRatio": -0.145824678,
        "incomeTaxExpense": 929000000,
        "netIncome": -1272000000,
        "netIncomeRatio": -0.5284586622,
        "eps": -8.48,
        "epsdiluted": -8.42,
        "weightedAverageShsOut": 150000000,
        "weightedAverageShsOutDil": 151000000,
        "link": "https://www.sec.gov/Archives/edgar/data/26780/000095015206000237/0000950152-06-000237-index.htm",
        "finalLink": "https://www.sec.gov/Archives/edgar/data/26780/000095015206000237/l16623ae10vq.htm"
    },
    {
        "date": "2005-06-30",
        "symbol": "DAN",
        "reportedCurrency": "USD",
        "cik": "0000026780",
        "fillingDate": "2005-07-29",
        "acceptedDate": "2005-07-29 16:22:21",
        "calendarYear": "2005",
        "period": "Q2",
        "revenue": 2657000000,
        "costOfRevenue": 2428000000,
        "grossProfit": 229000000,
        "grossProfitRatio": 0.0861874294,
        "researchAndDevelopmentExpenses": 0,
        "generalAndAdministrativeExpenses": 0,
        "sellingAndMarketingExpenses": 0,
        "sellingGeneralAndAdministrativeExpenses": 136000000,
        "otherExpenses": 0,
        "operatingExpenses": 136000000,
        "costAndExpenses": 2564000000,
        "interestIncome": 0,
        "interestExpense": 41000000,
        "depreciationAndAmortization": 80000000,
        "ebitda": 173000000,
        "ebitdaratio": 0.0651110275,
        "operatingIncome": 93000000,
        "operatingIncomeRatio": 0.0350018818,
        "totalOtherIncomeExpensesNet": -32000000,
        "incomeBeforeTax": 53000000,
        "incomeBeforeTaxRatio": 0.019947309,
        "incomeTaxExpense": 10000000,
        "netIncome": 51000000,
        "netIncomeRatio": 0.0191945804,
        "eps": 0.2,
        "epsdiluted": 0.2,
        "weightedAverageShsOut": 150000000,
        "weightedAverageShsOutDil": 151000000,
        "link": "https://www.sec.gov/Archives/edgar/data/26780/000095015205006332/0000950152-05-006332-index.htm",
        "finalLink": "https://www.sec.gov/Archives/edgar/data/26780/000095015205006332/l14975ae10vq.htm"
    },
    {
        "date": "2005-03-31",
        "symbol": "DAN",
        "reportedCurrency": "USD",
        "cik": "0000026780",
        "fillingDate": "2005-05-13",
        "acceptedDate": "2005-05-13 16:15:25",
        "calendarYear": "2005",
        "period": "Q1",
        "revenue": 2520000000,
        "costOfRevenue": 2327000000,
        "grossProfit": 193000000,
        "grossProfitRatio": 0.0765873016,
        "researchAndDevelopmentExpenses": 0,
        "generalAndAdministrativeExpenses": 0,
        "sellingAndMarketingExpenses": 0,
        "sellingGeneralAndAdministrativeExpenses": 136000000,
        "otherExpenses": 0,
        "operatingExpenses": 136000000,
        "costAndExpenses": 2463000000,
        "interestIncome": 0,
        "interestExpense": 43000000,
        "depreciationAndAmortization": 83000000,
        "ebitda": 59000000,
        "ebitdaratio": 0.0234126984,
        "operatingIncome": 57000000,
        "operatingIncomeRatio": 0.0226190476,
        "totalOtherIncomeExpensesNet": -4000000,
        "incomeBeforeTax": 14000000,
        "incomeBeforeTaxRatio": 0.0055555556,
        "incomeTaxExpense": -4000000,
        "netIncome": 18000000,
        "netIncomeRatio": 0.0071428571,
        "eps": 0.11,
        "epsdiluted": 0.11,
        "weightedAverageShsOut": 149000000,
        "weightedAverageShsOutDil": 151000000,
        "link": "https://www.sec.gov/Archives/edgar/data/26780/000095015205004457/0000950152-05-004457-index.htm",
        "finalLink": "https://www.sec.gov/Archives/edgar/data/26780/000095015205004457/l13993ae10vqza.htm"
    },
    {
        "date": "2004-12-31",
        "symbol": "DAN",
        "reportedCurrency": "USD",
        "cik": "0000026780",
        "fillingDate": "2005-03-09",
        "acceptedDate": "2005-03-09 17:07:53",
        "calendarYear": "2004",
        "period": "Q4",
        "revenue": 2300000000,
        "costOfRevenue": 2172000000,
        "grossProfit": 128000000,
        "grossProfitRatio": 0.0556521739,
        "researchAndDevelopmentExpenses": 0,
        "generalAndAdministrativeExpenses": 0,
        "sellingAndMarketingExpenses": 0,
        "sellingGeneralAndAdministrativeExpenses": 123000000,
        "otherExpenses": 0,
        "operatingExpenses": 123000000,
        "costAndExpenses": 2295000000,
        "interestIncome": 0,
        "interestExpense": 0,
        "depreciationAndAmortization": 88000000,
        "ebitda": 93000000,
        "ebitdaratio": 0.0404347826,
        "operatingIncome": 5000000,
        "operatingIncomeRatio": 0.002173913,
        "totalOtherIncomeExpensesNet": -223000000,
        "incomeBeforeTax": -218000000,
        "incomeBeforeTaxRatio": -0.0947826087,
        "incomeTaxExpense": -118000000,
        "netIncome": -133000000,
        "netIncomeRatio": -0.057826087,
        "eps": -0.89,
        "epsdiluted": -0.89,
        "weightedAverageShsOut": 149000000,
        "weightedAverageShsOutDil": 149000000,
        "link": "https://www.sec.gov/Archives/edgar/data/26780/000095015205001912/0000950152-05-001912-index.htm",
        "finalLink": "https://www.sec.gov/Archives/edgar/data/26780/000095015205001912/l11933ae10vk.htm"
    },
    {
        "date": "2004-09-30",
        "symbol": "DAN",
        "reportedCurrency": "USD",
        "cik": "0000026780",
        "fillingDate": "2004-11-09",
        "acceptedDate": "2004-11-09 15:37:14",
        "calendarYear": "2004",
        "period": "Q3",
        "revenue": 2114000000,
        "costOfRevenue": 1955000000,
        "grossProfit": 159000000,
        "grossProfitRatio": 0.0752128666,
        "researchAndDevelopmentExpenses": 0,
        "generalAndAdministrativeExpenses": 0,
        "sellingAndMarketingExpenses": 0,
        "sellingGeneralAndAdministrativeExpenses": 123000000,
        "otherExpenses": 0,
        "operatingExpenses": 123000000,
        "costAndExpenses": 2078000000,
        "interestIncome": 0,
        "interestExpense": 62000000,
        "depreciationAndAmortization": 90000000,
        "ebitda": 126000000,
        "ebitdaratio": 0.059602649,
        "operatingIncome": 36000000,
        "operatingIncomeRatio": 0.0170293283,
        "totalOtherIncomeExpensesNet": -68000000,
        "incomeBeforeTax": -33000000,
        "incomeBeforeTaxRatio": -0.0156102176,
        "incomeTaxExpense": -81000000,
        "netIncome": 40000000,
        "netIncomeRatio": 0.0189214759,
        "eps": 0.28,
        "epsdiluted": 0.28,
        "weightedAverageShsOut": 149000000,
        "weightedAverageShsOutDil": 151000000,
        "link": "https://www.sec.gov/Archives/edgar/data/26780/000095015204008106/0000950152-04-008106-index.htm",
        "finalLink": "https://www.sec.gov/Archives/edgar/data/26780/000095015204008106/l09937ae10vq.htm"
    },
    {
        "date": "2004-06-30",
        "symbol": "DAN",
        "reportedCurrency": "USD",
        "cik": "0000026780",
        "fillingDate": "2004-07-26",
        "acceptedDate": "2004-07-26 17:22:19",
        "calendarYear": "2004",
        "period": "Q2",
        "revenue": 2356000000,
        "costOfRevenue": 2101000000,
        "grossProfit": 255000000,
        "grossProfitRatio": 0.1082342954,
        "researchAndDevelopmentExpenses": 0,
        "generalAndAdministrativeExpenses": 0,
        "sellingAndMarketingExpenses": 0,
        "sellingGeneralAndAdministrativeExpenses": 126000000,
        "otherExpenses": 0,
        "operatingExpenses": 126000000,
        "costAndExpenses": 2227000000,
        "interestIncome": 0,
        "interestExpense": 51000000,
        "depreciationAndAmortization": 90000000,
        "ebitda": 219000000,
        "ebitdaratio": 0.0929541596,
        "operatingIncome": 129000000,
        "operatingIncomeRatio": 0.05475382,
        "totalOtherIncomeExpensesNet": -49000000,
        "incomeBeforeTax": 78000000,
        "incomeBeforeTaxRatio": 0.033106961,
        "incomeTaxExpense": 6000000,
        "netIncome": 108000000,
        "netIncomeRatio": 0.0458404075,
        "eps": 0.74,
        "epsdiluted": 0.73,
        "weightedAverageShsOut": 149000000,
        "weightedAverageShsOutDil": 151000000,
        "link": "https://www.sec.gov/Archives/edgar/data/26780/000095015204005618/0000950152-04-005618-index.htm",
        "finalLink": "https://www.sec.gov/Archives/edgar/data/26780/000095015204005618/l08755ae10vq.htm"
    },
    {
        "date": "2004-03-31",
        "symbol": "DAN",
        "reportedCurrency": "USD",
        "cik": "0000026780",
        "fillingDate": "2004-04-29",
        "acceptedDate": "2004-04-29 11:42:38",
        "calendarYear": "2004",
        "period": "Q1",
        "revenue": 2325000000,
        "costOfRevenue": 2105000000,
        "grossProfit": 220000000,
        "grossProfitRatio": 0.0946236559,
        "researchAndDevelopmentExpenses": 0,
        "generalAndAdministrativeExpenses": 0,
        "sellingAndMarketingExpenses": 0,
        "sellingGeneralAndAdministrativeExpenses": 136000000,
        "otherExpenses": 0,
        "operatingExpenses": 136000000,
        "costAndExpenses": 2241000000,
        "interestIncome": 0,
        "interestExpense": 51000000,
        "depreciationAndAmortization": 93000000,
        "ebitda": 177000000,
        "ebitdaratio": 0.0761290323,
        "operatingIncome": 84000000,
        "operatingIncomeRatio": 0.0361290323,
        "totalOtherIncomeExpensesNet": -49000000,
        "incomeBeforeTax": 33000000,
        "incomeBeforeTaxRatio": 0.0141935484,
        "incomeTaxExpense": -3000000,
        "netIncome": 63000000,
        "netIncomeRatio": 0.0270967742,
        "eps": 0.44,
        "epsdiluted": 0.43,
        "weightedAverageShsOut": 148000000,
        "weightedAverageShsOutDil": 150000000,
        "link": "https://www.sec.gov/Archives/edgar/data/26780/000095015204003345/0000950152-04-003345-index.htm",
        "finalLink": "https://www.sec.gov/Archives/edgar/data/26780/000095015204003345/l06860ae10vq.htm"
    },
    {
        "date": "2003-12-31",
        "symbol": "DAN",
        "reportedCurrency": "USD",
        "cik": "0000026780",
        "fillingDate": "2004-02-25",
        "acceptedDate": "2004-02-25 17:29:25",
        "calendarYear": "2003",
        "period": "Q4",
        "revenue": 413000000,
        "costOfRevenue": 621000000,
        "grossProfit": -208000000,
        "grossProfitRatio": -0.5036319613,
        "researchAndDevelopmentExpenses": 0,
        "generalAndAdministrativeExpenses": 0,
        "sellingAndMarketingExpenses": 0,
        "sellingGeneralAndAdministrativeExpenses": -60000000,
        "otherExpenses": 0,
        "operatingExpenses": -60000000,
        "costAndExpenses": 561000000,
        "interestIncome": 0,
        "interestExpense": 0,
        "depreciationAndAmortization": 100000000,
        "ebitda": -48000000,
        "ebitdaratio": -0.1162227603,
        "operatingIncome": -148000000,
        "operatingIncomeRatio": -0.3583535109,
        "totalOtherIncomeExpensesNet": 98000000,
        "incomeBeforeTax": -50000000,
        "incomeBeforeTaxRatio": -0.1210653753,
        "incomeTaxExpense": -46000000,
        "netIncome": 68000000,
        "netIncomeRatio": 0.1646489104,
        "eps": 0.46,
        "epsdiluted": 0.46,
        "weightedAverageShsOut": 148000000,
        "weightedAverageShsOutDil": 148000000,
        "link": "https://www.sec.gov/Archives/edgar/data/26780/000095015204001384/0000950152-04-001384-index.htm",
        "finalLink": "https://www.sec.gov/Archives/edgar/data/26780/000095015204001384/l05571ae10vk.htm"
    },
    {
        "date": "2003-09-30",
        "symbol": "DAN",
        "reportedCurrency": "USD",
        "cik": "0000026780",
        "fillingDate": "2003-10-28",
        "acceptedDate": "2003-10-28 16:21:08",
        "calendarYear": "2003",
        "period": "Q3",
        "revenue": 2452000000,
        "costOfRevenue": 2165000000,
        "grossProfit": 287000000,
        "grossProfitRatio": 0.1170473083,
        "researchAndDevelopmentExpenses": 0,
        "generalAndAdministrativeExpenses": 0,
        "sellingAndMarketingExpenses": 0,
        "sellingGeneralAndAdministrativeExpenses": 171000000,
        "otherExpenses": 0,
        "operatingExpenses": 171000000,
        "costAndExpenses": 2336000000,
        "interestIncome": 0,
        "interestExpense": 63000000,
        "depreciationAndAmortization": 92000000,
        "ebitda": 208000000,
        "ebitdaratio": 0.0848287113,
        "operatingIncome": 116000000,
        "operatingIncomeRatio": 0.0473083197,
        "totalOtherIncomeExpensesNet": -96000000,
        "incomeBeforeTax": 61000000,
        "incomeBeforeTaxRatio": 0.0248776509,
        "incomeTaxExpense": 3000000,
        "netIncome": 61000000,
        "netIncomeRatio": 0.0248776509,
        "eps": 0.41,
        "epsdiluted": 0.41,
        "weightedAverageShsOut": 148000000,
        "weightedAverageShsOutDil": 149000000,
        "link": "https://www.sec.gov/Archives/edgar/data/26780/000095015203009130/0000950152-03-009130-index.htm",
        "finalLink": "https://www.sec.gov/Archives/edgar/data/26780/000095015203009130/l03749ae10vq.htm"
    },
    {
        "date": "2003-06-30",
        "symbol": "DAN",
        "reportedCurrency": "USD",
        "cik": "0000026780",
        "fillingDate": "2003-07-25",
        "acceptedDate": "2003-07-25 17:24:18",
        "calendarYear": "2003",
        "period": "Q2",
        "revenue": 2581000000,
        "costOfRevenue": 2276000000,
        "grossProfit": 305000000,
        "grossProfitRatio": 0.1181712515,
        "researchAndDevelopmentExpenses": 0,
        "generalAndAdministrativeExpenses": 0,
        "sellingAndMarketingExpenses": 0,
        "sellingGeneralAndAdministrativeExpenses": 208000000,
        "otherExpenses": 0,
        "operatingExpenses": 208000000,
        "costAndExpenses": 2484000000,
        "interestIncome": 0,
        "interestExpense": 56000000,
        "depreciationAndAmortization": 99000000,
        "ebitda": 196000000,
        "ebitdaratio": 0.0759395583,
        "operatingIncome": 97000000,
        "operatingIncomeRatio": 0.0375823324,
        "totalOtherIncomeExpensesNet": -56000000,
        "incomeBeforeTax": 41000000,
        "incomeBeforeTaxRatio": 0.0158853158,
        "incomeTaxExpense": -2000000,
        "netIncome": 52000000,
        "netIncomeRatio": 0.0201472298,
        "eps": 0.35,
        "epsdiluted": 0.35,
        "weightedAverageShsOut": 148000000,
        "weightedAverageShsOutDil": 149000000,
        "link": "https://www.sec.gov/Archives/edgar/data/26780/000119312503024155/0001193125-03-024155-index.htm",
        "finalLink": "https://www.sec.gov/Archives/edgar/data/26780/000119312503024155/d10q.htm"
    },
    {
        "date": "2003-03-31",
        "symbol": "DAN",
        "reportedCurrency": "USD",
        "cik": "0000026780",
        "fillingDate": "2003-05-01",
        "acceptedDate": "2003-05-01 15:35:34",
        "calendarYear": "2003",
        "period": "Q1",
        "revenue": 2472000000,
        "costOfRevenue": 2183000000,
        "grossProfit": 289000000,
        "grossProfitRatio": 0.1169093851,
        "researchAndDevelopmentExpenses": 0,
        "generalAndAdministrativeExpenses": 0,
        "sellingAndMarketingExpenses": 0,
        "sellingGeneralAndAdministrativeExpenses": 201000000,
        "otherExpenses": 0,
        "operatingExpenses": 201000000,
        "costAndExpenses": 2384000000,
        "interestIncome": 0,
        "interestExpense": 0,
        "depreciationAndAmortization": 103000000,
        "ebitda": 191000000,
        "ebitdaratio": 0.0772653722,
        "operatingIncome": 88000000,
        "operatingIncomeRatio": 0.0355987055,
        "totalOtherIncomeExpensesNet": -59000000,
        "incomeBeforeTax": 29000000,
        "incomeBeforeTaxRatio": 0.0117313916,
        "incomeTaxExpense": -2000000,
        "netIncome": 41000000,
        "netIncomeRatio": 0.0165857605,
        "eps": 0.28,
        "epsdiluted": 0.28,
        "weightedAverageShsOut": 148000000,
        "weightedAverageShsOutDil": 149000000,
        "link": "https://www.sec.gov/Archives/edgar/data/26780/000095015203004884/0000950152-03-004884-index.htm",
        "finalLink": "https://www.sec.gov/Archives/edgar/data/26780/000095015203004884/l00361ae10vq.htm"
    },
    {
        "date": "2002-12-31",
        "symbol": "DAN",
        "reportedCurrency": "USD",
        "cik": "0000026780",
        "fillingDate": "2003-02-25",
        "acceptedDate": "2003-02-24 18:49:32",
        "calendarYear": "2002",
        "period": "Q4",
        "revenue": 1454000000,
        "costOfRevenue": 1466000000,
        "grossProfit": -12000000,
        "grossProfitRatio": -0.0082530949,
        "researchAndDevelopmentExpenses": 0,
        "generalAndAdministrativeExpenses": 0,
        "sellingAndMarketingExpenses": 0,
        "sellingGeneralAndAdministrativeExpenses": 103000000,
        "otherExpenses": 0,
        "operatingExpenses": 103000000,
        "costAndExpenses": 1569000000,
        "interestIncome": 0,
        "interestExpense": 0,
        "depreciationAndAmortization": 118000000,
        "ebitda": 3000000,
        "ebitdaratio": 0.0020632737,
        "operatingIncome": -115000000,
        "operatingIncomeRatio": -0.0790921596,
        "totalOtherIncomeExpensesNet": 65000000,
        "incomeBeforeTax": -50000000,
        "incomeBeforeTaxRatio": -0.0343878955,
        "incomeTaxExpense": -6000000,
        "netIncome": -9000000,
        "netIncomeRatio": -0.0061898212,
        "eps": -0.0609,
        "epsdiluted": -0.0608,
        "weightedAverageShsOut": 147700000,
        "weightedAverageShsOutDil": 148000000,
        "link": "https://www.sec.gov/Archives/edgar/data/26780/000095015203002163/0000950152-03-002163-index.htm",
        "finalLink": "https://www.sec.gov/Archives/edgar/data/26780/000095015203002163/l99096ae10vk.htm"
    },
    {
        "date": "2002-09-30",
        "symbol": "DAN",
        "reportedCurrency": "USD",
        "cik": "0000026780",
        "fillingDate": "2002-10-30",
        "acceptedDate": "2002-10-30 11:29:19",
        "calendarYear": "2002",
        "period": "Q3",
        "revenue": 2610000000,
        "costOfRevenue": 2277000000,
        "grossProfit": 333000000,
        "grossProfitRatio": 0.1275862069,
        "researchAndDevelopmentExpenses": 0,
        "generalAndAdministrativeExpenses": 0,
        "sellingAndMarketingExpenses": 0,
        "sellingGeneralAndAdministrativeExpenses": 227000000,
        "otherExpenses": 0,
        "operatingExpenses": 227000000,
        "costAndExpenses": 2504000000,
        "interestIncome": 0,
        "interestExpense": 0,
        "depreciationAndAmortization": 118000000,
        "ebitda": 98000000,
        "ebitdaratio": 0.0375478927,
        "operatingIncome": 106000000,
        "operatingIncomeRatio": 0.0406130268,
        "totalOtherIncomeExpensesNet": -100000000,
        "incomeBeforeTax": 6000000,
        "incomeBeforeTaxRatio": 0.0022988506,
        "incomeTaxExpense": 5000000,
        "netIncome": 4000000,
        "netIncomeRatio": 0.001532567,
        "eps": 0.02,
        "epsdiluted": 0.02,
        "weightedAverageShsOut": 148100000,
        "weightedAverageShsOutDil": 149000000,
        "link": "https://www.sec.gov/Archives/edgar/data/26780/000095015202007874/0000950152-02-007874-index.htm",
        "finalLink": "https://www.sec.gov/Archives/edgar/data/26780/000095015202007874/l96846ae10vq.htm"
    },
    {
        "date": "2002-06-30",
        "symbol": "DAN",
        "reportedCurrency": "USD",
        "cik": "0000026780",
        "fillingDate": "2002-08-14",
        "acceptedDate": "2002-08-14 10:01:32",
        "calendarYear": "2002",
        "period": "Q2",
        "revenue": 2866000000,
        "costOfRevenue": 2447000000,
        "grossProfit": 419000000,
        "grossProfitRatio": 0.14619679,
        "researchAndDevelopmentExpenses": 0,
        "generalAndAdministrativeExpenses": 0,
        "sellingAndMarketingExpenses": 0,
        "sellingGeneralAndAdministrativeExpenses": 245000000,
        "otherExpenses": 0,
        "operatingExpenses": 245000000,
        "costAndExpenses": 2692000000,
        "interestIncome": 0,
        "interestExpense": 0,
        "depreciationAndAmortization": 121000000,
        "ebitda": 537000000,
        "ebitdaratio": 0.1873691556,
        "operatingIncome": 174000000,
        "operatingIncomeRatio": 0.0607117934,
        "totalOtherIncomeExpensesNet": -122000000,
        "incomeBeforeTax": 52000000,
        "incomeBeforeTaxRatio": 0.0181437544,
        "incomeTaxExpense": 0,
        "netIncome": 52000000,
        "netIncomeRatio": 0.0181437544,
        "eps": 0.35,
        "epsdiluted": 0.35,
        "weightedAverageShsOut": 148000000,
        "weightedAverageShsOutDil": 149000000,
        "link": "https://www.sec.gov/Archives/edgar/data/26780/000095015202006334/0000950152-02-006334-index.htm",
        "finalLink": "https://www.sec.gov/Archives/edgar/data/26780/000095015202006334/l95330ae10vq.htm"
    },
    {
        "date": "2002-03-31",
        "symbol": "DAN",
        "reportedCurrency": "USD",
        "cik": "0000026780",
        "fillingDate": "2002-05-07",
        "acceptedDate": "2002-05-07 17:21:53",
        "calendarYear": "2002",
        "period": "Q1",
        "revenue": 2574000000,
        "costOfRevenue": 2236000000,
        "grossProfit": 338000000,
        "grossProfitRatio": 0.1313131313,
        "researchAndDevelopmentExpenses": 0,
        "generalAndAdministrativeExpenses": 0,
        "sellingAndMarketingExpenses": 0,
        "sellingGeneralAndAdministrativeExpenses": 248000000,
        "otherExpenses": 0,
        "operatingExpenses": 248000000,
        "costAndExpenses": 2484000000,
        "interestIncome": 0,
        "interestExpense": 0,
        "depreciationAndAmortization": 121000000,
        "ebitda": 99000000,
        "ebitdaratio": 0.0384615385,
        "operatingIncome": 90000000,
        "operatingIncomeRatio": 0.034965035,
        "totalOtherIncomeExpensesNet": 29000000,
        "incomeBeforeTax": -17000000,
        "incomeBeforeTaxRatio": -0.0066045066,
        "incomeTaxExpense": 4000000,
        "netIncome": -229000000,
        "netIncomeRatio": -0.088966589,
        "eps": -1.54,
        "epsdiluted": -1.54,
        "weightedAverageShsOut": 149000000,
        "weightedAverageShsOutDil": 149000000,
        "link": "https://www.sec.gov/Archives/edgar/data/26780/000095015202003873/0000950152-02-003873-index.htm",
        "finalLink": "https://www.sec.gov/Archives/edgar/data/26780/000095015202003873/l94303ae10-q.htm"
    },
    {
        "date": "2001-12-31",
        "symbol": "DAN",
        "reportedCurrency": "USD",
        "cik": "0000026780",
        "fillingDate": "2002-02-26",
        "acceptedDate": "2002-02-26 00:00:00",
        "calendarYear": "2001",
        "period": "Q4",
        "revenue": 2224000000,
        "costOfRevenue": 2262000000,
        "grossProfit": -38000000,
        "grossProfitRatio": -0.0170863309,
        "researchAndDevelopmentExpenses": 0,
        "generalAndAdministrativeExpenses": 0,
        "sellingAndMarketingExpenses": 0,
        "sellingGeneralAndAdministrativeExpenses": 210000000,
        "otherExpenses": 0,
        "operatingExpenses": 210000000,
        "costAndExpenses": 2472000000,
        "interestIncome": 0,
        "interestExpense": 0,
        "depreciationAndAmortization": 140000000,
        "ebitda": -108000000,
        "ebitdaratio": -0.0485611511,
        "operatingIncome": -248000000,
        "operatingIncomeRatio": -0.1115107914,
        "totalOtherIncomeExpensesNet": -224000000,
        "incomeBeforeTax": -472000000,
        "incomeBeforeTaxRatio": -0.2122302158,
        "incomeTaxExpense": -155000000,
        "netIncome": -298000000,
        "netIncomeRatio": -0.1339928058,
        "eps": -2.01,
        "epsdiluted": -2,
        "weightedAverageShsOut": 148000000,
        "weightedAverageShsOutDil": 149000000,
        "link": "https://www.sec.gov/Archives/edgar/data/26780/000095012302001898/0000950123-02-001898-index.htm",
        "finalLink": "https://www.sec.gov/Archives/edgar/data/26780/000095012302001898/l92855e10-k.htm"
    },
    {
        "date": "2001-09-30",
        "symbol": "DAN",
        "reportedCurrency": "USD",
        "cik": "0000026780",
        "fillingDate": "2001-11-13",
        "acceptedDate": "2001-11-13 00:00:00",
        "calendarYear": "2001",
        "period": "Q3",
        "revenue": 2497000000,
        "costOfRevenue": 2149000000,
        "grossProfit": 348000000,
        "grossProfitRatio": 0.1393672407,
        "researchAndDevelopmentExpenses": 0,
        "generalAndAdministrativeExpenses": 0,
        "sellingAndMarketingExpenses": 0,
        "sellingGeneralAndAdministrativeExpenses": 242000000,
        "otherExpenses": 0,
        "operatingExpenses": 242000000,
        "costAndExpenses": 2391000000,
        "interestIncome": 0,
        "interestExpense": 76000000,
        "depreciationAndAmortization": 137000000,
        "ebitda": 106000000,
        "ebitdaratio": 0.0424509411,
        "operatingIncome": 106000000,
        "operatingIncomeRatio": 0.0424509411,
        "totalOtherIncomeExpensesNet": 10000000,
        "incomeBeforeTax": 18000000,
        "incomeBeforeTaxRatio": 0.0072086504,
        "incomeTaxExpense": 13000000,
        "netIncome": 13000000,
        "netIncomeRatio": 0.0052062475,
        "eps": 0.08,
        "epsdiluted": 0.08,
        "weightedAverageShsOut": 148000000,
        "weightedAverageShsOutDil": 149000000,
        "link": "https://www.sec.gov/Archives/edgar/data/26780/000095015201505740/0000950152-01-505740-index.htm",
        "finalLink": "https://www.sec.gov/Archives/edgar/data/26780/000095015201505740/l90975ae10-q.htm"
    },
    {
        "date": "2001-06-30",
        "symbol": "DAN",
        "reportedCurrency": "USD",
        "cik": "0000026780",
        "fillingDate": "2001-08-14",
        "acceptedDate": "2001-08-14 00:00:00",
        "calendarYear": "2001",
        "period": "Q2",
        "revenue": 2797000000,
        "costOfRevenue": 2414000000,
        "grossProfit": 383000000,
        "grossProfitRatio": 0.1369324276,
        "researchAndDevelopmentExpenses": 0,
        "generalAndAdministrativeExpenses": 0,
        "sellingAndMarketingExpenses": 0,
        "sellingGeneralAndAdministrativeExpenses": 271000000,
        "otherExpenses": 0,
        "operatingExpenses": 271000000,
        "costAndExpenses": 2685000000,
        "interestIncome": 0,
        "interestExpense": 0,
        "depreciationAndAmortization": 135000000,
        "ebitda": 247000000,
        "ebitdaratio": 0.0883089024,
        "operatingIncome": 112000000,
        "operatingIncomeRatio": 0.0400429031,
        "totalOtherIncomeExpensesNet": -83000000,
        "incomeBeforeTax": 29000000,
        "incomeBeforeTaxRatio": 0.0103682517,
        "incomeTaxExpense": 16000000,
        "netIncome": 14000000,
        "netIncomeRatio": 0.0050053629,
        "eps": 0.1,
        "epsdiluted": 0.1,
        "weightedAverageShsOut": 148000000,
        "weightedAverageShsOutDil": 149000000,
        "link": "https://www.sec.gov/Archives/edgar/data/26780/000095015201503905/0000950152-01-503905-index.htm",
        "finalLink": "https://www.sec.gov/Archives/edgar/data/26780/000095015201503905/l89560ae10-q.htm"
    },
    {
        "date": "2001-03-31",
        "symbol": "DAN",
        "reportedCurrency": "USD",
        "cik": "0000026780",
        "fillingDate": "2001-05-04",
        "acceptedDate": "2001-05-04 00:00:00",
        "calendarYear": "2001",
        "period": "Q1",
        "revenue": 2753000000,
        "costOfRevenue": 2443000000,
        "grossProfit": 310000000,
        "grossProfitRatio": 0.1126044315,
        "researchAndDevelopmentExpenses": 0,
        "generalAndAdministrativeExpenses": 0,
        "sellingAndMarketingExpenses": 0,
        "sellingGeneralAndAdministrativeExpenses": 261000000,
        "otherExpenses": 0,
        "operatingExpenses": 261000000,
        "costAndExpenses": 2704000000,
        "interestIncome": 0,
        "interestExpense": 0,
        "depreciationAndAmortization": 136000000,
        "ebitda": 185000000,
        "ebitdaratio": 0.0671994188,
        "operatingIncome": 49000000,
        "operatingIncomeRatio": 0.017798765,
        "totalOtherIncomeExpensesNet": -107000000,
        "incomeBeforeTax": -58000000,
        "incomeBeforeTaxRatio": -0.0210679259,
        "incomeTaxExpense": -24000000,
        "netIncome": -27000000,
        "netIncomeRatio": -0.0098074827,
        "eps": -0.18,
        "epsdiluted": -0.18,
        "weightedAverageShsOut": 148000000,
        "weightedAverageShsOutDil": 149000000,
        "link": "https://www.sec.gov/Archives/edgar/data/26780/000095015201501508/0000950152-01-501508-index.htm",
        "finalLink": "https://www.sec.gov/Archives/edgar/data/26780/000095015201501508/l87920ae10-q.htm"
    },
    {
        "date": "2000-12-31",
        "symbol": "DAN",
        "reportedCurrency": "USD",
        "cik": "0000026780",
        "fillingDate": "2001-10-23",
        "acceptedDate": "2001-10-23 00:00:00",
        "calendarYear": "2000",
        "period": "Q4",
        "revenue": 2408000000,
        "costOfRevenue": 2482000000,
        "grossProfit": -74000000,
        "grossProfitRatio": -0.030730897,
        "researchAndDevelopmentExpenses": 0,
        "generalAndAdministrativeExpenses": 0,
        "sellingAndMarketingExpenses": 0,
        "sellingGeneralAndAdministrativeExpenses": 269000000,
        "otherExpenses": 0,
        "operatingExpenses": 269000000,
        "costAndExpenses": 2751000000,
        "interestIncome": 0,
        "interestExpense": 0,
        "depreciationAndAmortization": 133000000,
        "ebitda": -210000000,
        "ebitdaratio": -0.0872093023,
        "operatingIncome": -343000000,
        "operatingIncomeRatio": -0.1424418605,
        "totalOtherIncomeExpensesNet": 219000000,
        "incomeBeforeTax": -124000000,
        "incomeBeforeTaxRatio": -0.0514950166,
        "incomeTaxExpense": -36000000,
        "netIncome": -84000000,
        "netIncomeRatio": -0.0348837209,
        "eps": -0.57,
        "epsdiluted": -0.57,
        "weightedAverageShsOut": 148000000,
        "weightedAverageShsOutDil": 148000000,
        "link": "https://www.sec.gov/Archives/edgar/data/26780/000095012301507477/0000950123-01-507477-index.htm",
        "finalLink": "https://www.sec.gov/Archives/edgar/data/26780/000095012301507477/y51965a1e10-ka.txt"
    },
    {
        "date": "2000-09-30",
        "symbol": "DAN",
        "reportedCurrency": "USD",
        "cik": "0000026780",
        "fillingDate": "2000-11-06",
        "acceptedDate": "2000-11-06 00:00:00",
        "calendarYear": "2000",
        "period": "Q3",
        "revenue": 2905000000,
        "costOfRevenue": 2466000000,
        "grossProfit": 439000000,
        "grossProfitRatio": 0.1511187608,
        "researchAndDevelopmentExpenses": 0,
        "generalAndAdministrativeExpenses": 0,
        "sellingAndMarketingExpenses": 0,
        "sellingGeneralAndAdministrativeExpenses": 281000000,
        "otherExpenses": 0,
        "operatingExpenses": 281000000,
        "costAndExpenses": 2747000000,
        "interestIncome": 0,
        "interestExpense": 0,
        "depreciationAndAmortization": 130000000,
        "ebitda": 158000000,
        "ebitdaratio": 0.0543889845,
        "operatingIncome": 158000000,
        "operatingIncomeRatio": 0.0543889845,
        "totalOtherIncomeExpensesNet": -21000000,
        "incomeBeforeTax": 7000000,
        "incomeBeforeTaxRatio": 0.0024096386,
        "incomeTaxExpense": -10000000,
        "netIncome": 29000000,
        "netIncomeRatio": 0.0099827883,
        "eps": 0.19,
        "epsdiluted": 0.19,
        "weightedAverageShsOut": 149000000,
        "weightedAverageShsOutDil": 150000000,
        "link": "https://www.sec.gov/Archives/edgar/data/26780/000095015200007565/0000950152-00-007565-index.htm",
        "finalLink": "https://www.sec.gov/Archives/edgar/data/26780/000095015200007565/l84478ae10-q.htm"
    },
    {
        "date": "2000-06-30",
        "symbol": "DAN",
        "reportedCurrency": "USD",
        "cik": "0000026780",
        "fillingDate": "2000-08-08",
        "acceptedDate": "2000-08-08 00:00:00",
        "calendarYear": "2000",
        "period": "Q2",
        "revenue": 3328000000,
        "costOfRevenue": 2763000000,
        "grossProfit": 565000000,
        "grossProfitRatio": 0.1697716346,
        "researchAndDevelopmentExpenses": 0,
        "generalAndAdministrativeExpenses": 0,
        "sellingAndMarketingExpenses": 0,
        "sellingGeneralAndAdministrativeExpenses": 277000000,
        "otherExpenses": 0,
        "operatingExpenses": 277000000,
        "costAndExpenses": 3040000000,
        "interestIncome": 0,
        "interestExpense": 0,
        "depreciationAndAmortization": 128000000,
        "ebitda": 680000000,
        "ebitdaratio": 0.2043269231,
        "operatingIncome": 288000000,
        "operatingIncomeRatio": 0.0865384615,
        "totalOtherIncomeExpensesNet": -93000000,
        "incomeBeforeTax": 195000000,
        "incomeBeforeTaxRatio": 0.05859375,
        "incomeTaxExpense": 68000000,
        "netIncome": 145000000,
        "netIncomeRatio": 0.0435697115,
        "eps": 0.95,
        "epsdiluted": 0.95,
        "weightedAverageShsOut": 152000000,
        "weightedAverageShsOutDil": 153000000,
        "link": "https://www.sec.gov/Archives/edgar/data/26780/000095015200005700/0000950152-00-005700-index.htm",
        "finalLink": "https://www.sec.gov/Archives/edgar/data/26780/000095015200005700/e10-q.txt"
    },
    {
        "date": "2000-03-31",
        "symbol": "DAN",
        "reportedCurrency": "USD",
        "cik": "0000026780",
        "fillingDate": "2000-05-15",
        "acceptedDate": "2000-05-15 00:00:00",
        "calendarYear": "2000",
        "period": "Q1",
        "revenue": 3676000000,
        "costOfRevenue": 2888000000,
        "grossProfit": 788000000,
        "grossProfitRatio": 0.2143634385,
        "researchAndDevelopmentExpenses": 0,
        "generalAndAdministrativeExpenses": 0,
        "sellingAndMarketingExpenses": 0,
        "sellingGeneralAndAdministrativeExpenses": 304000000,
        "otherExpenses": 0,
        "operatingExpenses": 304000000,
        "costAndExpenses": 3192000000,
        "interestIncome": 0,
        "interestExpense": 0,
        "depreciationAndAmortization": 132000000,
        "ebitda": 399000000,
        "ebitdaratio": 0.1085418934,
        "operatingIncome": 484000000,
        "operatingIncomeRatio": 0.1316648531,
        "totalOtherIncomeExpensesNet": -91000000,
        "incomeBeforeTax": 386000000,
        "incomeBeforeTaxRatio": 0.1050054407,
        "incomeTaxExpense": 148000000,
        "netIncome": 245000000,
        "netIncomeRatio": 0.066648531,
        "eps": 1.55,
        "epsdiluted": 1.54,
        "weightedAverageShsOut": 166000000,
        "weightedAverageShsOutDil": 167000000,
        "link": "https://www.sec.gov/Archives/edgar/data/26780/000095015200004152/0000950152-00-004152-index.html",
        "finalLink": "https://www.sec.gov/Archives/edgar/data/26780/000095015200004152/0000950152-00-004152-d1.html"
    },
    {
        "date": "1999-12-31",
        "symbol": "DAN",
        "reportedCurrency": "USD",
        "cik": "0000026780",
        "fillingDate": "2001-10-23",
        "acceptedDate": "2001-10-23 00:00:00",
        "calendarYear": "1999",
        "period": "Q4",
        "revenue": 3354900000,
        "costOfRevenue": 3179900000,
        "grossProfit": 175000000,
        "grossProfitRatio": 0.0521625086,
        "researchAndDevelopmentExpenses": 0,
        "generalAndAdministrativeExpenses": 0,
        "sellingAndMarketingExpenses": 0,
        "sellingGeneralAndAdministrativeExpenses": 317500000,
        "otherExpenses": -392000000,
        "operatingExpenses": -74500000,
        "costAndExpenses": 3105400000,
        "interestIncome": 0,
        "interestExpense": 0,
        "depreciationAndAmortization": 911000000,
        "ebitda": 1160500000,
        "ebitdaratio": 0.3459119497,
        "operatingIncome": 249500000,
        "operatingIncomeRatio": 0.0743688336,
        "totalOtherIncomeExpensesNet": -292700000,
        "incomeBeforeTax": -43200000,
        "incomeBeforeTaxRatio": -0.0128766878,
        "incomeTaxExpense": -16000000,
        "netIncome": -200000,
        "netIncomeRatio": -5.96143e-05,
        "eps": -0.0013,
        "epsdiluted": -0.0013,
        "weightedAverageShsOut": 158000000,
        "weightedAverageShsOutDil": 158000000,
        "link": "https://www.sec.gov/Archives/edgar/data/26780/000095012301507476/0000950123-01-507476-index.htm",
        "finalLink": "https://www.sec.gov/Archives/edgar/data/26780/000095012301507476/y54144e10-ka.txt"
    },
    {
        "date": "1999-09-30",
        "symbol": "DAN",
        "reportedCurrency": "USD",
        "cik": "0000026780",
        "fillingDate": "1999-11-12",
        "acceptedDate": "1999-11-12 00:00:00",
        "calendarYear": "1999",
        "period": "Q3",
        "revenue": 3126900000,
        "costOfRevenue": 2435300000,
        "grossProfit": 691600000,
        "grossProfitRatio": 0.2211775241,
        "researchAndDevelopmentExpenses": 0,
        "generalAndAdministrativeExpenses": 0,
        "sellingAndMarketingExpenses": 0,
        "sellingGeneralAndAdministrativeExpenses": 288800000,
        "otherExpenses": 128900000,
        "operatingExpenses": 417700000,
        "costAndExpenses": 2853000000,
        "interestIncome": 0,
        "interestExpense": 0,
        "depreciationAndAmortization": -128900000,
        "ebitda": 360900000,
        "ebitdaratio": 0.115417826,
        "operatingIncome": 273900000,
        "operatingIncomeRatio": 0.0875947424,
        "totalOtherIncomeExpensesNet": -30400000,
        "incomeBeforeTax": 243500000,
        "incomeBeforeTaxRatio": 0.0778726534,
        "incomeTaxExpense": 82000000,
        "netIncome": 161500000,
        "netIncomeRatio": 0.0516485977,
        "eps": 0.98,
        "epsdiluted": 0.97,
        "weightedAverageShsOut": 164795918,
        "weightedAverageShsOutDil": 166494845,
        "link": "https://www.sec.gov/Archives/edgar/data/26780/000095015299008938/0000950152-99-008938-index.html",
        "finalLink": "https://www.sec.gov/Archives/edgar/data/26780/000095015299008938/0000950152-99-008938-d1.html"
    },
    {
        "date": "1999-06-30",
        "symbol": "DAN",
        "reportedCurrency": "USD",
        "cik": "0000026780",
        "fillingDate": "1999-08-09",
        "acceptedDate": "1999-08-09 00:00:00",
        "calendarYear": "1999",
        "period": "Q2",
        "revenue": 3407600000,
        "costOfRevenue": 2664800000,
        "grossProfit": 742800000,
        "grossProfitRatio": 0.2179833314,
        "researchAndDevelopmentExpenses": 0,
        "generalAndAdministrativeExpenses": 0,
        "sellingAndMarketingExpenses": 0,
        "sellingGeneralAndAdministrativeExpenses": 289300000,
        "otherExpenses": 132500000,
        "operatingExpenses": 421800000,
        "costAndExpenses": 3086600000,
        "interestIncome": 0,
        "interestExpense": 0,
        "depreciationAndAmortization": -132500000,
        "ebitda": 410900000,
        "ebitdaratio": 0.1205834018,
        "operatingIncome": 321000000,
        "operatingIncomeRatio": 0.0942011973,
        "totalOtherIncomeExpensesNet": -29100000,
        "incomeBeforeTax": 291900000,
        "incomeBeforeTaxRatio": 0.0856614626,
        "incomeTaxExpense": 101700000,
        "netIncome": 190200000,
        "netIncomeRatio": 0.0558164104,
        "eps": 1.15,
        "epsdiluted": 1.14,
        "weightedAverageShsOut": 165391304,
        "weightedAverageShsOutDil": 166842105,
        "link": "https://www.sec.gov/Archives/edgar/data/26780/000095015299006522/0000950152-99-006522-index.html",
        "finalLink": "https://www.sec.gov/Archives/edgar/data/26780/000095015299006522/"
    },
    {
        "date": "1999-03-31",
        "symbol": "DAN",
        "reportedCurrency": "USD",
        "cik": "0000026780",
        "fillingDate": "1999-05-13",
        "acceptedDate": "1999-05-13 00:00:00",
        "calendarYear": "1999",
        "period": "Q1",
        "revenue": 3419500000,
        "costOfRevenue": 2684000000,
        "grossProfit": 735500000,
        "grossProfitRatio": 0.2150899254,
        "researchAndDevelopmentExpenses": 0,
        "generalAndAdministrativeExpenses": 0,
        "sellingAndMarketingExpenses": 0,
        "sellingGeneralAndAdministrativeExpenses": 296400000,
        "otherExpenses": 130600000,
        "operatingExpenses": 427000000,
        "costAndExpenses": 3111000000,
        "interestIncome": 0,
        "interestExpense": 0,
        "depreciationAndAmortization": -130600000,
        "ebitda": 430700000,
        "ebitdaratio": 0.1259540869,
        "operatingIncome": 308500000,
        "operatingIncomeRatio": 0.0902178681,
        "totalOtherIncomeExpensesNet": -63700000,
        "incomeBeforeTax": 244800000,
        "incomeBeforeTaxRatio": 0.0715894137,
        "incomeTaxExpense": 83300000,
        "netIncome": 161500000,
        "netIncomeRatio": 0.0472291271,
        "eps": 0.97,
        "epsdiluted": 0.97,
        "weightedAverageShsOut": 166494845,
        "weightedAverageShsOutDil": 166494845,
        "link": "https://www.sec.gov/Archives/edgar/data/26780/000095015299004366/0000950152-99-004366-index.html",
        "finalLink": "https://www.sec.gov/Archives/edgar/data/26780/"
    },
    {
        "date": "1998-12-31",
        "symbol": "DAN",
        "reportedCurrency": "USD",
        "cik": "0000026780",
        "fillingDate": "1999-02-24",
        "acceptedDate": "1999-02-24 00:00:00",
        "calendarYear": "1998",
        "period": "Q4",
        "revenue": 3031800000,
        "costOfRevenue": 2955600000,
        "grossProfit": 76200000,
        "grossProfitRatio": 0.025133584,
        "researchAndDevelopmentExpenses": 0,
        "generalAndAdministrativeExpenses": 0,
        "sellingAndMarketingExpenses": 0,
        "sellingGeneralAndAdministrativeExpenses": 258000000,
        "otherExpenses": -366300000,
        "operatingExpenses": -108300000,
        "costAndExpenses": 2847300000,
        "interestIncome": 0,
        "interestExpense": 0,
        "depreciationAndAmortization": 854000000,
        "ebitda": 1038500000,
        "ebitdaratio": 0.3425357873,
        "operatingIncome": 184500000,
        "operatingIncomeRatio": 0.0608549377,
        "totalOtherIncomeExpensesNet": -10500000,
        "incomeBeforeTax": 174000000,
        "incomeBeforeTaxRatio": 0.0573916485,
        "incomeTaxExpense": 68500000,
        "netIncome": 135000000,
        "netIncomeRatio": 0.0445280032,
        "eps": 0.81,
        "epsdiluted": 0.81,
        "weightedAverageShsOut": 166494845,
        "weightedAverageShsOutDil": 166494845,
        "link": "https://www.sec.gov/Archives/edgar/data/26780/000095015299001305/0000950152-99-001305-index.html",
        "finalLink": "https://www.sec.gov/Archives/edgar/data/26780/"
    },
    {
        "date": "1998-09-30",
        "symbol": "DAN",
        "reportedCurrency": "USD",
        "cik": "0000026780",
        "fillingDate": "1998-11-10",
        "acceptedDate": "1998-11-10 00:00:00",
        "calendarYear": "1998",
        "period": "Q3",
        "revenue": 2962400000,
        "costOfRevenue": 2294700000,
        "grossProfit": 667700000,
        "grossProfitRatio": 0.2253915744,
        "researchAndDevelopmentExpenses": 0,
        "generalAndAdministrativeExpenses": 0,
        "sellingAndMarketingExpenses": 0,
        "sellingGeneralAndAdministrativeExpenses": 271500000,
        "otherExpenses": 184500000,
        "operatingExpenses": 456000000,
        "costAndExpenses": 2750700000,
        "interestIncome": 0,
        "interestExpense": 0,
        "depreciationAndAmortization": -184500000,
        "ebitda": 366900000,
        "ebitdaratio": 0.1238522819,
        "operatingIncome": 211700000,
        "operatingIncomeRatio": 0.0714623278,
        "totalOtherIncomeExpensesNet": -45400000,
        "incomeBeforeTax": 166300000,
        "incomeBeforeTaxRatio": 0.056136916,
        "incomeTaxExpense": 68000000,
        "netIncome": 98300000,
        "netIncomeRatio": 0.0331825547,
        "eps": 0.59,
        "epsdiluted": 0.59,
        "weightedAverageShsOut": 166610169,
        "weightedAverageShsOutDil": 166610169,
        "link": "https://www.sec.gov/Archives/edgar/data/26780/000095015298008651/0000950152-98-008651-index.html",
        "finalLink": "https://www.sec.gov/Archives/edgar/data/26780/"
    },
    {
        "date": "1998-06-30",
        "symbol": "DAN",
        "reportedCurrency": "USD",
        "cik": "0000026780",
        "fillingDate": "1998-08-14",
        "acceptedDate": "1998-08-14 00:00:00",
        "calendarYear": "1998",
        "period": "Q2",
        "revenue": 2340300000,
        "costOfRevenue": 1876500000,
        "grossProfit": 463800000,
        "grossProfitRatio": 0.1981797205,
        "researchAndDevelopmentExpenses": 0,
        "generalAndAdministrativeExpenses": 0,
        "sellingAndMarketingExpenses": 0,
        "sellingGeneralAndAdministrativeExpenses": 196800000,
        "otherExpenses": 93800000,
        "operatingExpenses": 290600000,
        "costAndExpenses": 2167100000,
        "interestIncome": 0,
        "interestExpense": 0,
        "depreciationAndAmortization": -93800000,
        "ebitda": 191400000,
        "ebitdaratio": 0.0817843866,
        "operatingIncome": 173200000,
        "operatingIncomeRatio": 0.0740076059,
        "totalOtherIncomeExpensesNet": -9200000,
        "incomeBeforeTax": 186600000,
        "incomeBeforeTaxRatio": 0.0797333675,
        "incomeTaxExpense": 70600000,
        "netIncome": 116000000,
        "netIncomeRatio": 0.0495662949,
        "eps": 0.97,
        "epsdiluted": 0.96,
        "weightedAverageShsOut": 165154639,
        "weightedAverageShsOutDil": 166875000,
        "link": "https://www.sec.gov/Archives/edgar/data/26780/000095015298006779/0000950152-98-006779-index.html",
        "finalLink": "https://www.sec.gov/Archives/edgar/data/26780/"
    },
    {
        "date": "1998-03-31",
        "symbol": "DAN",
        "reportedCurrency": "USD",
        "cik": "0000026780",
        "fillingDate": "1998-05-12",
        "acceptedDate": "1998-05-12 00:00:00",
        "calendarYear": "1998",
        "period": "Q1",
        "revenue": 2350200000,
        "costOfRevenue": 1897000000,
        "grossProfit": 453200000,
        "grossProfitRatio": 0.1928346524,
        "researchAndDevelopmentExpenses": 0,
        "generalAndAdministrativeExpenses": 0,
        "sellingAndMarketingExpenses": 0,
        "sellingGeneralAndAdministrativeExpenses": 199100000,
        "otherExpenses": 88000000,
        "operatingExpenses": 287100000,
        "costAndExpenses": 2184100000,
        "interestIncome": 0,
        "interestExpense": 0,
        "depreciationAndAmortization": -88000000,
        "ebitda": 180300000,
        "ebitdaratio": 0.0767168752,
        "operatingIncome": 166100000,
        "operatingIncomeRatio": 0.0706748362,
        "totalOtherIncomeExpensesNet": -63800000,
        "incomeBeforeTax": 179000000,
        "incomeBeforeTaxRatio": 0.0761637307,
        "incomeTaxExpense": 71400000,
        "netIncome": 107600000,
        "netIncomeRatio": 0.0457833376,
        "eps": 0.86,
        "epsdiluted": 0.84,
        "weightedAverageShsOut": 163488372,
        "weightedAverageShsOutDil": 167380952,
        "link": "https://www.sec.gov/Archives/edgar/data/26780/000095015298004329/0000950152-98-004329-index.html",
        "finalLink": "https://www.sec.gov/Archives/edgar/data/26780/"
    },
    {
        "date": "1997-12-31",
        "symbol": "DAN",
        "reportedCurrency": "USD",
        "cik": "0000026780",
        "fillingDate": "1998-02-27",
        "acceptedDate": "1998-02-27 00:00:00",
        "calendarYear": "1997",
        "period": "Q4",
        "revenue": 2074000000,
        "costOfRevenue": 2072600000,
        "grossProfit": 1400000,
        "grossProfitRatio": 0.0006750241,
        "researchAndDevelopmentExpenses": 0,
        "generalAndAdministrativeExpenses": 0,
        "sellingAndMarketingExpenses": 0,
        "sellingGeneralAndAdministrativeExpenses": 174500000,
        "otherExpenses": -254000000,
        "operatingExpenses": -79500000,
        "costAndExpenses": 1993100000,
        "interestIncome": 0,
        "interestExpense": 0,
        "depreciationAndAmortization": 588500000,
        "ebitda": 669400000,
        "ebitdaratio": 0.3227579556,
        "operatingIncome": 80900000,
        "operatingIncomeRatio": 0.0390067502,
        "totalOtherIncomeExpensesNet": 36600000,
        "incomeBeforeTax": 117500000,
        "incomeBeforeTaxRatio": 0.0566538091,
        "incomeTaxExpense": 41700000,
        "netIncome": 84400000,
        "netIncomeRatio": 0.0406943105,
        "eps": 0.52,
        "epsdiluted": 0.51,
        "weightedAverageShsOut": 162962460,
        "weightedAverageShsOutDil": 166164703,
        "link": "https://www.sec.gov/Archives/edgar/data/26780/000095015298001593/0000950152-98-001593-index.html",
        "finalLink": "https://www.sec.gov/Archives/edgar/data/26780/"
    },
    {
        "date": "1997-09-30",
        "symbol": "DAN",
        "reportedCurrency": "USD",
        "cik": "0000026780",
        "fillingDate": "1997-11-14",
        "acceptedDate": "1997-11-14 00:00:00",
        "calendarYear": "1997",
        "period": "Q3",
        "revenue": 1960700000,
        "costOfRevenue": 1630100000,
        "grossProfit": 330600000,
        "grossProfitRatio": 0.1686132504,
        "researchAndDevelopmentExpenses": 0,
        "generalAndAdministrativeExpenses": 0,
        "sellingAndMarketingExpenses": 0,
        "sellingGeneralAndAdministrativeExpenses": 184600000,
        "otherExpenses": 85300000,
        "operatingExpenses": 269900000,
        "costAndExpenses": 1900000000,
        "interestIncome": 0,
        "interestExpense": 0,
        "depreciationAndAmortization": -85300000,
        "ebitda": -40700000,
        "ebitdaratio": -0.0207578926,
        "operatingIncome": 60700000,
        "operatingIncomeRatio": 0.0309583312,
        "totalOtherIncomeExpensesNet": 60000000,
        "incomeBeforeTax": 192900000,
        "incomeBeforeTaxRatio": 0.0983832305,
        "incomeTaxExpense": 94600000,
        "netIncome": 98300000,
        "netIncomeRatio": 0.0501351558,
        "eps": -0.29,
        "epsdiluted": -0.29,
        "weightedAverageShsOut": 156551724,
        "weightedAverageShsOutDil": 156551724,
        "link": "https://www.sec.gov/Archives/edgar/data/26780/000095015297008060/0000950152-97-008060-index.html",
        "finalLink": "https://www.sec.gov/Archives/edgar/data/26780/"
    },
    {
        "date": "1997-06-30",
        "symbol": "DAN",
        "reportedCurrency": "USD",
        "cik": "0000026780",
        "fillingDate": "1997-08-04",
        "acceptedDate": "1997-08-04 00:00:00",
        "calendarYear": "1997",
        "period": "Q2",
        "revenue": 2140800000,
        "costOfRevenue": 1735900000,
        "grossProfit": 404900000,
        "grossProfitRatio": 0.1891349028,
        "researchAndDevelopmentExpenses": 0,
        "generalAndAdministrativeExpenses": 0,
        "sellingAndMarketingExpenses": 0,
        "sellingGeneralAndAdministrativeExpenses": 187600000,
        "otherExpenses": 89200000,
        "operatingExpenses": 276800000,
        "costAndExpenses": 2012700000,
        "interestIncome": 0,
        "interestExpense": 0,
        "depreciationAndAmortization": -89200000,
        "ebitda": 135000000,
        "ebitdaratio": 0.0630605381,
        "operatingIncome": 128100000,
        "operatingIncomeRatio": 0.0598374439,
        "totalOtherIncomeExpensesNet": 26400000,
        "incomeBeforeTax": 154500000,
        "incomeBeforeTaxRatio": 0.0721692825,
        "incomeTaxExpense": 60700000,
        "netIncome": 93800000,
        "netIncomeRatio": 0.0438153961,
        "eps": 0.9,
        "epsdiluted": 0.89,
        "weightedAverageShsOut": 104222222,
        "weightedAverageShsOutDil": 105393258,
        "link": "https://www.sec.gov/Archives/edgar/data/26780/000095015297005568/0000950152-97-005568-index.html",
        "finalLink": "https://www.sec.gov/Archives/edgar/data/26780/"
    },
    {
        "date": "1997-03-31",
        "symbol": "DAN",
        "reportedCurrency": "USD",
        "cik": "0000026780",
        "fillingDate": "1997-05-01",
        "acceptedDate": "1997-05-01 00:00:00",
        "calendarYear": "1997",
        "period": "Q1",
        "revenue": 2115200000,
        "costOfRevenue": 1741800000,
        "grossProfit": 373400000,
        "grossProfitRatio": 0.17653177,
        "researchAndDevelopmentExpenses": 0,
        "generalAndAdministrativeExpenses": 0,
        "sellingAndMarketingExpenses": 0,
        "sellingGeneralAndAdministrativeExpenses": 193000000,
        "otherExpenses": 79500000,
        "operatingExpenses": 272500000,
        "costAndExpenses": 2014300000,
        "interestIncome": 0,
        "interestExpense": 0,
        "depreciationAndAmortization": -79500000,
        "ebitda": 38400000,
        "ebitdaratio": 0.0181543116,
        "operatingIncome": 100900000,
        "operatingIncomeRatio": 0.0477023449,
        "totalOtherIncomeExpensesNet": 88300000,
        "incomeBeforeTax": 189200000,
        "incomeBeforeTaxRatio": 0.0894478064,
        "incomeTaxExpense": 96600000,
        "netIncome": 92600000,
        "netIncomeRatio": 0.0437783661,
        "eps": 0.9,
        "epsdiluted": 0.89,
        "weightedAverageShsOut": 102888889,
        "weightedAverageShsOutDil": 104044944,
        "link": "https://www.sec.gov/Archives/edgar/data/26780/000095015297003447/0000950152-97-003447-index.html",
        "finalLink": "https://www.sec.gov/Archives/edgar/data/26780/"
    },
    {
        "date": "1996-12-31",
        "symbol": "DAN",
        "reportedCurrency": "USD",
        "cik": "0000026780",
        "fillingDate": "1997-03-06",
        "acceptedDate": "1997-03-06 00:00:00",
        "calendarYear": "1996",
        "period": "Q4",
        "revenue": 1877300000,
        "costOfRevenue": 1815700000,
        "grossProfit": 61600000,
        "grossProfitRatio": 0.0328130826,
        "researchAndDevelopmentExpenses": 0,
        "generalAndAdministrativeExpenses": 0,
        "sellingAndMarketingExpenses": 0,
        "sellingGeneralAndAdministrativeExpenses": 163300000,
        "otherExpenses": -203800000,
        "operatingExpenses": -40500000,
        "costAndExpenses": 1775200000,
        "interestIncome": 0,
        "interestExpense": 0,
        "depreciationAndAmortization": 482200000,
        "ebitda": 584300000,
        "ebitdaratio": 0.311244873,
        "operatingIncome": 102100000,
        "operatingIncomeRatio": 0.0543866191,
        "totalOtherIncomeExpensesNet": 14400000,
        "incomeBeforeTax": 116500000,
        "incomeBeforeTaxRatio": 0.0620572098,
        "incomeTaxExpense": 26500000,
        "netIncome": 70600000,
        "netIncomeRatio": 0.0376072018,
        "eps": 0.69,
        "epsdiluted": 0.69,
        "weightedAverageShsOut": 102888889,
        "weightedAverageShsOutDil": 102888889,
        "link": "https://www.sec.gov/Archives/edgar/data/26780/000095015297001669/0000950152-97-001669-index.html",
        "finalLink": "https://www.sec.gov/Archives/edgar/data/26780/"
    },
    {
        "date": "1996-09-30",
        "symbol": "DAN",
        "reportedCurrency": "USD",
        "cik": "0000026780",
        "fillingDate": "1996-11-01",
        "acceptedDate": "1996-11-01 00:00:00",
        "calendarYear": "1996",
        "period": "Q3",
        "revenue": 1815800000,
        "costOfRevenue": 1463200000,
        "grossProfit": 352600000,
        "grossProfitRatio": 0.1941843815,
        "researchAndDevelopmentExpenses": 0,
        "generalAndAdministrativeExpenses": 0,
        "sellingAndMarketingExpenses": 0,
        "sellingGeneralAndAdministrativeExpenses": 179500000,
        "otherExpenses": 72800000,
        "operatingExpenses": 252300000,
        "costAndExpenses": 1715500000,
        "interestIncome": 0,
        "interestExpense": 0,
        "depreciationAndAmortization": -72800000,
        "ebitda": 120800000,
        "ebitdaratio": 0.0665271506,
        "operatingIncome": 100300000,
        "operatingIncomeRatio": 0.0552373609,
        "totalOtherIncomeExpensesNet": 1300000,
        "incomeBeforeTax": 101600000,
        "incomeBeforeTaxRatio": 0.0559532988,
        "incomeTaxExpense": 36400000,
        "netIncome": 65200000,
        "netIncomeRatio": 0.0359070382,
        "eps": 0.64,
        "epsdiluted": 0.64,
        "weightedAverageShsOut": 101875000,
        "weightedAverageShsOutDil": 101875000,
        "link": "https://www.sec.gov/Archives/edgar/data/26780/000095015296005618/0000950152-96-005618-index.html",
        "finalLink": "https://www.sec.gov/Archives/edgar/data/26780/"
    },
    {
        "date": "1996-06-30",
        "symbol": "DAN",
        "reportedCurrency": "USD",
        "cik": "0000026780",
        "fillingDate": "1996-08-08",
        "acceptedDate": "1996-08-08 00:00:00",
        "calendarYear": "1996",
        "period": "Q2",
        "revenue": 2020500000,
        "costOfRevenue": 1633900000,
        "grossProfit": 386600000,
        "grossProfitRatio": 0.1913387775,
        "researchAndDevelopmentExpenses": 0,
        "generalAndAdministrativeExpenses": 0,
        "sellingAndMarketingExpenses": 0,
        "sellingGeneralAndAdministrativeExpenses": 190200000,
        "otherExpenses": 66100000,
        "operatingExpenses": 256300000,
        "costAndExpenses": 1890200000,
        "interestIncome": 0,
        "interestExpense": 0,
        "depreciationAndAmortization": -66100000,
        "ebitda": 141800000,
        "ebitdaratio": 0.0701806484,
        "operatingIncome": 130300000,
        "operatingIncomeRatio": 0.0644889879,
        "totalOtherIncomeExpensesNet": 10600000,
        "incomeBeforeTax": 140900000,
        "incomeBeforeTaxRatio": 0.0697352141,
        "incomeTaxExpense": 49400000,
        "netIncome": 91500000,
        "netIncomeRatio": 0.0452858203,
        "eps": 0.9,
        "epsdiluted": 0.9,
        "weightedAverageShsOut": 101666667,
        "weightedAverageShsOutDil": 101666667,
        "link": "https://www.sec.gov/Archives/edgar/data/26780/000095015296003843/0000950152-96-003843-index.html",
        "finalLink": "https://www.sec.gov/Archives/edgar/data/26780/"
    },
    {
        "date": "1996-03-31",
        "symbol": "DAN",
        "reportedCurrency": "USD",
        "cik": "0000026780",
        "fillingDate": "1996-05-03",
        "acceptedDate": "1996-05-03 00:00:00",
        "calendarYear": "1996",
        "period": "Q1",
        "revenue": 1972700000,
        "costOfRevenue": 1612400000,
        "grossProfit": 360300000,
        "grossProfitRatio": 0.182643078,
        "researchAndDevelopmentExpenses": 0,
        "generalAndAdministrativeExpenses": 0,
        "sellingAndMarketingExpenses": 0,
        "sellingGeneralAndAdministrativeExpenses": 181800000,
        "otherExpenses": 64900000,
        "operatingExpenses": 246700000,
        "costAndExpenses": 1859100000,
        "interestIncome": 0,
        "interestExpense": 0,
        "depreciationAndAmortization": -64900000,
        "ebitda": 112900000,
        "ebitdaratio": 0.057231206,
        "operatingIncome": 113600000,
        "operatingIncomeRatio": 0.0575860496,
        "totalOtherIncomeExpensesNet": 19100000,
        "incomeBeforeTax": 132700000,
        "incomeBeforeTaxRatio": 0.0672682111,
        "incomeTaxExpense": 54000000,
        "netIncome": 78700000,
        "netIncomeRatio": 0.0398945608,
        "eps": 0.78,
        "epsdiluted": 0.78,
        "weightedAverageShsOut": 100897436,
        "weightedAverageShsOutDil": 100897436,
        "link": "https://www.sec.gov/Archives/edgar/data/26780/000095015296002001/0000950152-96-002001-index.html",
        "finalLink": "https://www.sec.gov/Archives/edgar/data/26780/"
    },
    {
        "date": "1995-12-31",
        "symbol": "DAN",
        "reportedCurrency": "USD",
        "cik": "0000026780",
        "fillingDate": "1996-03-05",
        "acceptedDate": "1996-03-05 00:00:00",
        "calendarYear": "1995",
        "period": "Q4",
        "revenue": 2174200000,
        "costOfRevenue": 1877600000,
        "grossProfit": 296600000,
        "grossProfitRatio": 0.1364179928,
        "researchAndDevelopmentExpenses": 0,
        "generalAndAdministrativeExpenses": 0,
        "sellingAndMarketingExpenses": 0,
        "sellingGeneralAndAdministrativeExpenses": 179300000,
        "otherExpenses": -174800000,
        "operatingExpenses": 4500000,
        "costAndExpenses": 1882100000,
        "interestIncome": 0,
        "interestExpense": 0,
        "depreciationAndAmortization": 420600000,
        "ebitda": 712700000,
        "ebitdaratio": 0.3277987306,
        "operatingIncome": 292100000,
        "operatingIncomeRatio": 0.134348266,
        "totalOtherIncomeExpensesNet": -142600000,
        "incomeBeforeTax": 149500000,
        "incomeBeforeTaxRatio": 0.0687609236,
        "incomeTaxExpense": 26700000,
        "netIncome": 78900000,
        "netIncomeRatio": 0.0362892098,
        "eps": 0.78,
        "epsdiluted": 0.78,
        "weightedAverageShsOut": 100897436,
        "weightedAverageShsOutDil": 100897436,
        "link": "https://www.sec.gov/Archives/edgar/data/26780/000095015296000796/0000950152-96-000796-index.html",
        "finalLink": "https://www.sec.gov/Archives/edgar/data/26780/"
    },
    {
        "date": "1995-09-30",
        "symbol": "DAN",
        "reportedCurrency": "USD",
        "cik": "0000026780",
        "fillingDate": "1995-11-08",
        "acceptedDate": "1995-11-08 00:00:00",
        "calendarYear": "1995",
        "period": "Q3",
        "revenue": 1727100000,
        "costOfRevenue": 1400600000,
        "grossProfit": 326500000,
        "grossProfitRatio": 0.1890452203,
        "researchAndDevelopmentExpenses": 0,
        "generalAndAdministrativeExpenses": 0,
        "sellingAndMarketingExpenses": 0,
        "sellingGeneralAndAdministrativeExpenses": 169900000,
        "otherExpenses": 57900000,
        "operatingExpenses": 227800000,
        "costAndExpenses": 1628400000,
        "interestIncome": 0,
        "interestExpense": 0,
        "depreciationAndAmortization": -59900000,
        "ebitda": 110800000,
        "ebitdaratio": 0.0641537838,
        "operatingIncome": 98700000,
        "operatingIncomeRatio": 0.05714782,
        "totalOtherIncomeExpensesNet": 200000,
        "incomeBeforeTax": 98900000,
        "incomeBeforeTaxRatio": 0.0572636211,
        "incomeTaxExpense": 38000000,
        "netIncome": 60900000,
        "netIncomeRatio": 0.0352614209,
        "eps": 0.6,
        "epsdiluted": 0.6,
        "weightedAverageShsOut": 101500000,
        "weightedAverageShsOutDil": 101500000,
        "link": "https://www.sec.gov/Archives/edgar/data/26780/000095015295002514/0000950152-95-002514-index.html",
        "finalLink": "https://www.sec.gov/Archives/edgar/data/26780/"
    },
    {
        "date": "1995-06-30",
        "symbol": "DAN",
        "reportedCurrency": "USD",
        "cik": "0000026780",
        "fillingDate": "1995-07-28",
        "acceptedDate": "1995-07-28 00:00:00",
        "calendarYear": "1995",
        "period": "Q2",
        "revenue": 1968800000,
        "costOfRevenue": 1595000000,
        "grossProfit": 373800000,
        "grossProfitRatio": 0.1898618448,
        "researchAndDevelopmentExpenses": 0,
        "generalAndAdministrativeExpenses": 0,
        "sellingAndMarketingExpenses": 0,
        "sellingGeneralAndAdministrativeExpenses": 173100000,
        "otherExpenses": 59200000,
        "operatingExpenses": 232300000,
        "costAndExpenses": 1827300000,
        "interestIncome": 0,
        "interestExpense": 0,
        "depreciationAndAmortization": -57200000,
        "ebitda": 148100000,
        "ebitdaratio": 0.0752234864,
        "operatingIncome": 141500000,
        "operatingIncomeRatio": 0.0718711906,
        "totalOtherIncomeExpensesNet": 5600000,
        "incomeBeforeTax": 147100000,
        "incomeBeforeTaxRatio": 0.0747155628,
        "incomeTaxExpense": 58000000,
        "netIncome": 89100000,
        "netIncomeRatio": 0.0452559935,
        "eps": 0.88,
        "epsdiluted": 0.88,
        "weightedAverageShsOut": 101250000,
        "weightedAverageShsOutDil": 101250000,
        "link": "https://www.sec.gov/Archives/edgar/data/26780/000095015295001610/0000950152-95-001610-index.html",
        "finalLink": "https://www.sec.gov/Archives/edgar/data/26780/"
    },
    {
        "date": "1995-03-31",
        "symbol": "DAN",
        "reportedCurrency": "USD",
        "cik": "0000026780",
        "fillingDate": "1995-05-03",
        "acceptedDate": "1995-05-03 00:00:00",
        "calendarYear": "1995",
        "period": "Q1",
        "revenue": 1924400000,
        "costOfRevenue": 1576500000,
        "grossProfit": 347900000,
        "grossProfitRatio": 0.1807836209,
        "researchAndDevelopmentExpenses": 0,
        "generalAndAdministrativeExpenses": 0,
        "sellingAndMarketingExpenses": 0,
        "sellingGeneralAndAdministrativeExpenses": 162900000,
        "otherExpenses": 57700000,
        "operatingExpenses": 220600000,
        "costAndExpenses": 1797100000,
        "interestIncome": 0,
        "interestExpense": 0,
        "depreciationAndAmortization": -57700000,
        "ebitda": 152100000,
        "ebitdaratio": 0.0790376221,
        "operatingIncome": 127300000,
        "operatingIncomeRatio": 0.0661504885,
        "totalOtherIncomeExpensesNet": -9600000,
        "incomeBeforeTax": 117700000,
        "incomeBeforeTaxRatio": 0.0611619206,
        "incomeTaxExpense": 58500000,
        "netIncome": 59200000,
        "netIncomeRatio": 0.0307628352,
        "eps": 0.59,
        "epsdiluted": 0.59,
        "weightedAverageShsOut": 100338983,
        "weightedAverageShsOutDil": 100338983,
        "link": "https://www.sec.gov/Archives/edgar/data/26780/000095015295000825/0000950152-95-000825-index.html",
        "finalLink": "https://www.sec.gov/Archives/edgar/data/26780/"
    },
    {
        "date": "1994-12-31",
        "symbol": "DAN",
        "reportedCurrency": "USD",
        "cik": "0000026780",
        "fillingDate": "1995-03-10",
        "acceptedDate": "1995-03-10 00:00:00",
        "calendarYear": "1994",
        "period": "Q4",
        "revenue": 1821800000,
        "costOfRevenue": 1619800000,
        "grossProfit": 202000000,
        "grossProfitRatio": 0.1108793501,
        "researchAndDevelopmentExpenses": 0,
        "generalAndAdministrativeExpenses": 0,
        "sellingAndMarketingExpenses": 0,
        "sellingGeneralAndAdministrativeExpenses": 140700000,
        "otherExpenses": -152700000,
        "operatingExpenses": -12000000,
        "costAndExpenses": 1607800000,
        "interestIncome": 0,
        "interestExpense": 0,
        "depreciationAndAmortization": 363300000,
        "ebitda": 577300000,
        "ebitdaratio": 0.3168844,
        "operatingIncome": 214000000,
        "operatingIncomeRatio": 0.1174662422,
        "totalOtherIncomeExpensesNet": -115200000,
        "incomeBeforeTax": 98800000,
        "incomeBeforeTaxRatio": 0.0542320782,
        "incomeTaxExpense": 33200000,
        "netIncome": 59600000,
        "netIncomeRatio": 0.0327148974,
        "eps": 0.59,
        "epsdiluted": 0.59,
        "weightedAverageShsOut": 99362041,
        "weightedAverageShsOutDil": 100338983,
        "link": "https://www.sec.gov/Archives/edgar/data/26780/000095015295000310/0000950152-95-000310-index.html",
        "finalLink": "https://www.sec.gov/Archives/edgar/data/26780/"
    },
    {
        "date": "1994-09-30",
        "symbol": "DAN",
        "reportedCurrency": "USD",
        "cik": "0000026780",
        "fillingDate": "1994-11-07",
        "acceptedDate": "1994-11-07 00:00:00",
        "calendarYear": "1994",
        "period": "Q3",
        "revenue": 1609400000,
        "costOfRevenue": 1319400000,
        "grossProfit": 290000000,
        "grossProfitRatio": 0.1801913757,
        "researchAndDevelopmentExpenses": 0,
        "generalAndAdministrativeExpenses": 0,
        "sellingAndMarketingExpenses": 0,
        "sellingGeneralAndAdministrativeExpenses": 156100000,
        "otherExpenses": 50600000,
        "operatingExpenses": 206700000,
        "costAndExpenses": 1526100000,
        "interestIncome": 0,
        "interestExpense": 0,
        "depreciationAndAmortization": -50600000,
        "ebitda": 90300000,
        "ebitdaratio": 0.0561078663,
        "operatingIncome": 83300000,
        "operatingIncomeRatio": 0.0517584193,
        "totalOtherIncomeExpensesNet": 7300000,
        "incomeBeforeTax": 90600000,
        "incomeBeforeTaxRatio": 0.0562942712,
        "incomeTaxExpense": 37700000,
        "netIncome": 52900000,
        "netIncomeRatio": 0.0328693923,
        "eps": 0.54,
        "epsdiluted": 0.54,
        "weightedAverageShsOut": 97962963,
        "weightedAverageShsOutDil": 97962963,
        "link": "https://www.sec.gov/Archives/edgar/data/26780/000095015294001099/0000950152-94-001099-index.html",
        "finalLink": "https://www.sec.gov/Archives/edgar/data/26780/"
    },
    {
        "date": "1994-06-30",
        "symbol": "DAN",
        "reportedCurrency": "USD",
        "cik": "0000026780",
        "fillingDate": "1994-08-09",
        "acceptedDate": "1994-08-09 00:00:00",
        "calendarYear": "1994",
        "period": "Q2",
        "revenue": 1712600000,
        "costOfRevenue": 1381100000,
        "grossProfit": 331500000,
        "grossProfitRatio": 0.1935653393,
        "researchAndDevelopmentExpenses": 0,
        "generalAndAdministrativeExpenses": 0,
        "sellingAndMarketingExpenses": 0,
        "sellingGeneralAndAdministrativeExpenses": 165300000,
        "otherExpenses": 46700000,
        "operatingExpenses": 212000000,
        "costAndExpenses": 1593100000,
        "interestIncome": 0,
        "interestExpense": 0,
        "depreciationAndAmortization": -46700000,
        "ebitda": 137300000,
        "ebitdaratio": 0.080170501,
        "operatingIncome": 119500000,
        "operatingIncomeRatio": 0.0697769473,
        "totalOtherIncomeExpensesNet": -5100000,
        "incomeBeforeTax": 114400000,
        "incomeBeforeTaxRatio": 0.066799019,
        "incomeTaxExpense": 46400000,
        "netIncome": 68000000,
        "netIncomeRatio": 0.0397057106,
        "eps": 0.69,
        "epsdiluted": 0.69,
        "weightedAverageShsOut": 98550725,
        "weightedAverageShsOutDil": 98550725,
        "link": "https://www.sec.gov/Archives/edgar/data/26780/000095015294000790/0000950152-94-000790-index.html",
        "finalLink": "https://www.sec.gov/Archives/edgar/data/26780/"
    },
    {
        "date": "1994-03-31",
        "symbol": "DAN",
        "reportedCurrency": "USD",
        "cik": "0000026780",
        "fillingDate": "1994-05-10",
        "acceptedDate": "1994-05-10 00:00:00",
        "calendarYear": "1994",
        "period": "Q1",
        "revenue": 1596700000,
        "costOfRevenue": 1303700000,
        "grossProfit": 293000000,
        "grossProfitRatio": 0.1835034759,
        "researchAndDevelopmentExpenses": 0,
        "generalAndAdministrativeExpenses": 0,
        "sellingAndMarketingExpenses": 0,
        "sellingGeneralAndAdministrativeExpenses": 149400000,
        "otherExpenses": 55400000,
        "operatingExpenses": 204800000,
        "costAndExpenses": 1508500000,
        "interestIncome": 0,
        "interestExpense": 0,
        "depreciationAndAmortization": -55400000,
        "ebitda": 112800000,
        "ebitdaratio": 0.0706457068,
        "operatingIncome": 88200000,
        "operatingIncomeRatio": 0.0552389303,
        "totalOtherIncomeExpensesNet": -400000,
        "incomeBeforeTax": 87800000,
        "incomeBeforeTaxRatio": 0.0549884136,
        "incomeTaxExpense": 40100000,
        "netIncome": 47700000,
        "netIncomeRatio": 0.0298741154,
        "eps": 0.49,
        "epsdiluted": 0.49,
        "weightedAverageShsOut": 97346939,
        "weightedAverageShsOutDil": 97346939,
        "link": "https://www.sec.gov/Archives/edgar/data/26780/000095015294000487/0000950152-94-000487-index.html",
        "finalLink": "https://www.sec.gov/Archives/edgar/data/26780/"
    },
    {
        "date": "1993-12-31",
        "symbol": "DAN",
        "reportedCurrency": "USD",
        "cik": "0000026780",
        "fillingDate": "1994-03-14",
        "acceptedDate": "1994-03-14 00:00:00",
        "calendarYear": "1993",
        "period": "Q4",
        "revenue": 1427600000,
        "costOfRevenue": 1152600000,
        "grossProfit": 275000000,
        "grossProfitRatio": 0.1926309891,
        "researchAndDevelopmentExpenses": 0,
        "generalAndAdministrativeExpenses": 0,
        "sellingAndMarketingExpenses": 0,
        "sellingGeneralAndAdministrativeExpenses": 151600000,
        "otherExpenses": 52600000,
        "operatingExpenses": 204200000,
        "costAndExpenses": 1356800000,
        "interestIncome": 0,
        "interestExpense": 0,
        "depreciationAndAmortization": -52600000,
        "ebitda": 94200000,
        "ebitdaratio": 0.0659848697,
        "operatingIncome": 70800000,
        "operatingIncomeRatio": 0.0495937237,
        "totalOtherIncomeExpensesNet": -10600000,
        "incomeBeforeTax": 60200000,
        "incomeBeforeTaxRatio": 0.0421686747,
        "incomeTaxExpense": 25000000,
        "netIncome": -13700000,
        "netIncomeRatio": -0.0095965256,
        "eps": -0.15,
        "epsdiluted": -0.15,
        "weightedAverageShsOut": 92500000,
        "weightedAverageShsOutDil": 92500000,
        "link": "https://www.sec.gov/Archives/edgar/data/26780/000095015294000258/0000950152-94-000258-index.html",
        "finalLink": "https://www.sec.gov/Archives/edgar/data/26780/"
    },
    {
        "date": "1993-09-30",
        "symbol": "DAN",
        "reportedCurrency": "USD",
        "cik": "0000026780",
        "fillingDate": "1993-09-30",
        "acceptedDate": "1993-09-29 20:00:00",
        "calendarYear": "1993",
        "period": "Q3",
        "revenue": 1290700000,
        "costOfRevenue": 1046300000,
        "grossProfit": 244400000,
        "grossProfitRatio": 0.1893546138,
        "researchAndDevelopmentExpenses": 0,
        "generalAndAdministrativeExpenses": 0,
        "sellingAndMarketingExpenses": 0,
        "sellingGeneralAndAdministrativeExpenses": 133300000,
        "otherExpenses": 48300000,
        "operatingExpenses": 181600000,
        "costAndExpenses": 1227900000,
        "interestIncome": 0,
        "interestExpense": 0,
        "depreciationAndAmortization": -48300000,
        "ebitda": 81900000,
        "ebitdaratio": 0.0634539397,
        "operatingIncome": 62800000,
        "operatingIncomeRatio": 0.0486557682,
        "totalOtherIncomeExpensesNet": -10200000,
        "incomeBeforeTax": 52600000,
        "incomeBeforeTaxRatio": 0.0407530797,
        "incomeTaxExpense": 19300000,
        "netIncome": 33300000,
        "netIncomeRatio": 0.0257999535,
        "eps": 0.36,
        "epsdiluted": 0.36,
        "weightedAverageShsOut": 92500000,
        "weightedAverageShsOutDil": 92500000,
        "link": "",
        "finalLink": ""
    },
    {
        "date": "1993-06-30",
        "symbol": "DAN",
        "reportedCurrency": "USD",
        "cik": "0000026780",
        "fillingDate": "1993-06-30",
        "acceptedDate": "1993-06-29 20:00:00",
        "calendarYear": "1993",
        "period": "Q2",
        "revenue": 1418300000,
        "costOfRevenue": 1154100000,
        "grossProfit": 264200000,
        "grossProfitRatio": 0.1862793485,
        "researchAndDevelopmentExpenses": 0,
        "generalAndAdministrativeExpenses": 0,
        "sellingAndMarketingExpenses": 0,
        "sellingGeneralAndAdministrativeExpenses": 140800000,
        "otherExpenses": 46800000,
        "operatingExpenses": 187600000,
        "costAndExpenses": 1341700000,
        "interestIncome": 0,
        "interestExpense": 0,
        "depreciationAndAmortization": -46800000,
        "ebitda": 96200000,
        "ebitdaratio": 0.067827681,
        "operatingIncome": 76600000,
        "operatingIncomeRatio": 0.0540083198,
        "totalOtherIncomeExpensesNet": -18200000,
        "incomeBeforeTax": 58400000,
        "incomeBeforeTaxRatio": 0.0411760558,
        "incomeTaxExpense": 21800000,
        "netIncome": 36600000,
        "netIncomeRatio": 0.0258055418,
        "eps": 0.4,
        "epsdiluted": 0.4,
        "weightedAverageShsOut": 91500000,
        "weightedAverageShsOutDil": 91500000,
        "link": "",
        "finalLink": ""
    },
    {
        "date": "1993-03-31",
        "symbol": "DAN",
        "reportedCurrency": "USD",
        "cik": "0000026780",
        "fillingDate": "1993-03-31",
        "acceptedDate": "1993-03-30 19:00:00",
        "calendarYear": "1993",
        "period": "Q1",
        "revenue": 1323500000,
        "costOfRevenue": 1087300000,
        "grossProfit": 236200000,
        "grossProfitRatio": 0.1784661881,
        "researchAndDevelopmentExpenses": 0,
        "generalAndAdministrativeExpenses": 0,
        "sellingAndMarketingExpenses": 0,
        "sellingGeneralAndAdministrativeExpenses": 136400000,
        "otherExpenses": 48000000,
        "operatingExpenses": 184400000,
        "costAndExpenses": 1271700000,
        "interestIncome": 0,
        "interestExpense": 0,
        "depreciationAndAmortization": -48000000,
        "ebitda": 65700000,
        "ebitdaratio": 0.0496411031,
        "operatingIncome": 51800000,
        "operatingIncomeRatio": 0.0391386475,
        "totalOtherIncomeExpensesNet": -4800000,
        "incomeBeforeTax": 47000000,
        "incomeBeforeTaxRatio": 0.0355119003,
        "incomeTaxExpense": 23500000,
        "netIncome": 23500000,
        "netIncomeRatio": 0.0177559501,
        "eps": 0.26,
        "epsdiluted": 0.26,
        "weightedAverageShsOut": 90384615,
        "weightedAverageShsOutDil": 90384615,
        "link": "",
        "finalLink": ""
    },
    {
        "date": "1992-12-31",
        "symbol": "DAN",
        "reportedCurrency": "USD",
        "cik": "0000026780",
        "fillingDate": "1992-12-31",
        "acceptedDate": "1992-12-30 19:00:00",
        "calendarYear": "1992",
        "period": "Q4",
        "revenue": 1259700000,
        "costOfRevenue": 1113500000,
        "grossProfit": 146200000,
        "grossProfitRatio": 0.1160593792,
        "researchAndDevelopmentExpenses": 0,
        "generalAndAdministrativeExpenses": 0,
        "sellingAndMarketingExpenses": 0,
        "sellingGeneralAndAdministrativeExpenses": 102100000,
        "otherExpenses": 54700000,
        "operatingExpenses": 156800000,
        "costAndExpenses": 1270300000,
        "interestIncome": 0,
        "interestExpense": 0,
        "depreciationAndAmortization": -54700000,
        "ebitda": 4400000,
        "ebitdaratio": 0.0034928951,
        "operatingIncome": -10600000,
        "operatingIncomeRatio": -0.0084147019,
        "totalOtherIncomeExpensesNet": -5900000,
        "incomeBeforeTax": -16500000,
        "incomeBeforeTaxRatio": -0.0130983568,
        "incomeTaxExpense": -20000000,
        "netIncome": -434500000,
        "netIncomeRatio": -0.3449233945,
        "eps": -4.72,
        "epsdiluted": -4.72,
        "weightedAverageShsOut": 92000000,
        "weightedAverageShsOutDil": 92000000,
        "link": "",
        "finalLink": ""
    },
    {
        "date": "1992-09-30",
        "symbol": "DAN",
        "reportedCurrency": "USD",
        "cik": "0000026780",
        "fillingDate": "1992-09-30",
        "acceptedDate": "1992-09-29 20:00:00",
        "calendarYear": "1992",
        "period": "Q3",
        "revenue": 1186600000,
        "costOfRevenue": 955600000,
        "grossProfit": 231000000,
        "grossProfitRatio": 0.1946738581,
        "researchAndDevelopmentExpenses": 0,
        "generalAndAdministrativeExpenses": 0,
        "sellingAndMarketingExpenses": 0,
        "sellingGeneralAndAdministrativeExpenses": 148400000,
        "otherExpenses": 45400000,
        "operatingExpenses": 193800000,
        "costAndExpenses": 1149400000,
        "interestIncome": 0,
        "interestExpense": 0,
        "depreciationAndAmortization": -45400000,
        "ebitda": 45700000,
        "ebitdaratio": 0.0385133996,
        "operatingIncome": 37200000,
        "operatingIncomeRatio": 0.0313500758,
        "totalOtherIncomeExpensesNet": -6300000,
        "incomeBeforeTax": 30900000,
        "incomeBeforeTaxRatio": 0.0260407888,
        "incomeTaxExpense": 12500000,
        "netIncome": 18400000,
        "netIncomeRatio": 0.0155064891,
        "eps": 0.2,
        "epsdiluted": 0.2,
        "weightedAverageShsOut": 92000000,
        "weightedAverageShsOutDil": 92000000,
        "link": "",
        "finalLink": ""
    },
    {
        "date": "1992-06-30",
        "symbol": "DAN",
        "reportedCurrency": "USD",
        "cik": "0000026780",
        "fillingDate": "1992-06-30",
        "acceptedDate": "1992-06-29 20:00:00",
        "calendarYear": "1992",
        "period": "Q2",
        "revenue": 1240400000,
        "costOfRevenue": 1004000000,
        "grossProfit": 236400000,
        "grossProfitRatio": 0.1905836827,
        "researchAndDevelopmentExpenses": 0,
        "generalAndAdministrativeExpenses": 0,
        "sellingAndMarketingExpenses": 0,
        "sellingGeneralAndAdministrativeExpenses": 152500000,
        "otherExpenses": 47200000,
        "operatingExpenses": 199700000,
        "costAndExpenses": 1203700000,
        "interestIncome": 0,
        "interestExpense": 0,
        "depreciationAndAmortization": -47200000,
        "ebitda": 44200000,
        "ebitdaratio": 0.0356336666,
        "operatingIncome": 36700000,
        "operatingIncomeRatio": 0.0295872299,
        "totalOtherIncomeExpensesNet": -7800000,
        "incomeBeforeTax": 28900000,
        "incomeBeforeTaxRatio": 0.0232989358,
        "incomeTaxExpense": 9200000,
        "netIncome": 19700000,
        "netIncomeRatio": 0.0158819736,
        "eps": 0.23,
        "epsdiluted": 0.23,
        "weightedAverageShsOut": 85652174,
        "weightedAverageShsOutDil": 85652174,
        "link": "",
        "finalLink": ""
    },
    {
        "date": "1992-03-31",
        "symbol": "DAN",
        "reportedCurrency": "USD",
        "cik": "0000026780",
        "fillingDate": "1992-03-31",
        "acceptedDate": "1992-03-30 19:00:00",
        "calendarYear": "1992",
        "period": "Q1",
        "revenue": 1185600000,
        "costOfRevenue": 970600000,
        "grossProfit": 215000000,
        "grossProfitRatio": 0.18134278,
        "researchAndDevelopmentExpenses": 0,
        "generalAndAdministrativeExpenses": 0,
        "sellingAndMarketingExpenses": 0,
        "sellingGeneralAndAdministrativeExpenses": 178500000,
        "otherExpenses": 44300000,
        "operatingExpenses": 222800000,
        "costAndExpenses": 1193400000,
        "interestIncome": 0,
        "interestExpense": 0,
        "depreciationAndAmortization": -44300000,
        "ebitda": -17400000,
        "ebitdaratio": -0.0146761134,
        "operatingIncome": -7800000,
        "operatingIncomeRatio": -0.0065789474,
        "totalOtherIncomeExpensesNet": 5500000,
        "incomeBeforeTax": -2300000,
        "incomeBeforeTaxRatio": -0.001939946,
        "incomeTaxExpense": -3800000,
        "netIncome": 14400000,
        "netIncomeRatio": 0.012145749,
        "eps": 0.18,
        "epsdiluted": 0.18,
        "weightedAverageShsOut": 80000000,
        "weightedAverageShsOutDil": 80000000,
        "link": "",
        "finalLink": ""
    },
    {
        "date": "1991-12-31",
        "symbol": "DAN",
        "reportedCurrency": "USD",
        "cik": "0000026780",
        "fillingDate": "1991-12-31",
        "acceptedDate": "1991-12-30 19:00:00",
        "calendarYear": "1991",
        "period": "Q4",
        "revenue": 1137600000,
        "costOfRevenue": 963100000,
        "grossProfit": 174500000,
        "grossProfitRatio": 0.1533931083,
        "researchAndDevelopmentExpenses": 0,
        "generalAndAdministrativeExpenses": 0,
        "sellingAndMarketingExpenses": 0,
        "sellingGeneralAndAdministrativeExpenses": 144700000,
        "otherExpenses": 47000000,
        "operatingExpenses": 191700000,
        "costAndExpenses": 1154800000,
        "interestIncome": 0,
        "interestExpense": 0,
        "depreciationAndAmortization": -47000000,
        "ebitda": -25200000,
        "ebitdaratio": -0.0221518987,
        "operatingIncome": -17200000,
        "operatingIncomeRatio": -0.0151195499,
        "totalOtherIncomeExpensesNet": 700000,
        "incomeBeforeTax": -16500000,
        "incomeBeforeTaxRatio": -0.0145042194,
        "incomeTaxExpense": -18300000,
        "netIncome": 1800000,
        "netIncomeRatio": 0.0015822785,
        "eps": 0.0216,
        "epsdiluted": 0.0216,
        "weightedAverageShsOut": 83333333,
        "weightedAverageShsOutDil": 83333333,
        "link": "",
        "finalLink": ""
    },
    {
        "date": "1991-09-30",
        "symbol": "DAN",
        "reportedCurrency": "USD",
        "cik": "0000026780",
        "fillingDate": "1991-09-30",
        "acceptedDate": "1991-09-29 20:00:00",
        "calendarYear": "1991",
        "period": "Q3",
        "revenue": 1075100000,
        "costOfRevenue": 890800000,
        "grossProfit": 184300000,
        "grossProfitRatio": 0.1714259139,
        "researchAndDevelopmentExpenses": 0,
        "generalAndAdministrativeExpenses": 0,
        "sellingAndMarketingExpenses": 0,
        "sellingGeneralAndAdministrativeExpenses": 139800000,
        "otherExpenses": 45800000,
        "operatingExpenses": 185600000,
        "costAndExpenses": 1076400000,
        "interestIncome": 0,
        "interestExpense": 0,
        "depreciationAndAmortization": -45800000,
        "ebitda": -11800000,
        "ebitdaratio": -0.0109757232,
        "operatingIncome": -1300000,
        "operatingIncomeRatio": -0.0012091898,
        "totalOtherIncomeExpensesNet": 7100000,
        "incomeBeforeTax": 5800000,
        "incomeBeforeTaxRatio": 0.005394847,
        "incomeTaxExpense": 800000,
        "netIncome": 5000000,
        "netIncomeRatio": 0.0046507302,
        "eps": 0.06,
        "epsdiluted": 0.06,
        "weightedAverageShsOut": 83333333,
        "weightedAverageShsOutDil": 83333333,
        "link": "",
        "finalLink": ""
    },
    {
        "date": "1991-06-30",
        "symbol": "DAN",
        "reportedCurrency": "USD",
        "cik": "0000026780",
        "fillingDate": "1991-06-30",
        "acceptedDate": "1991-06-29 20:00:00",
        "calendarYear": "1991",
        "period": "Q2",
        "revenue": 1134300000,
        "costOfRevenue": 941500000,
        "grossProfit": 192800000,
        "grossProfitRatio": 0.1699726704,
        "researchAndDevelopmentExpenses": 0,
        "generalAndAdministrativeExpenses": 0,
        "sellingAndMarketingExpenses": 0,
        "sellingGeneralAndAdministrativeExpenses": 136300000,
        "otherExpenses": 50100000,
        "operatingExpenses": 186400000,
        "costAndExpenses": 1127900000,
        "interestIncome": 0,
        "interestExpense": 0,
        "depreciationAndAmortization": -50100000,
        "ebitda": 7200000,
        "ebitdaratio": 0.0063475271,
        "operatingIncome": 6400000,
        "operatingIncomeRatio": 0.0056422463,
        "totalOtherIncomeExpensesNet": 3500000,
        "incomeBeforeTax": 9900000,
        "incomeBeforeTaxRatio": 0.0087278498,
        "incomeTaxExpense": 5300000,
        "netIncome": 4600000,
        "netIncomeRatio": 0.0040553645,
        "eps": 0.06,
        "epsdiluted": 0.06,
        "weightedAverageShsOut": 76666667,
        "weightedAverageShsOutDil": 76666667,
        "link": "",
        "finalLink": ""
    },
    {
        "date": "1991-03-31",
        "symbol": "DAN",
        "reportedCurrency": "USD",
        "cik": "0000026780",
        "fillingDate": "1991-03-31",
        "acceptedDate": "1991-03-30 19:00:00",
        "calendarYear": "1991",
        "period": "Q1",
        "revenue": 1051200000,
        "costOfRevenue": 853900000,
        "grossProfit": 197300000,
        "grossProfitRatio": 0.1876902588,
        "researchAndDevelopmentExpenses": 0,
        "generalAndAdministrativeExpenses": 0,
        "sellingAndMarketingExpenses": 0,
        "sellingGeneralAndAdministrativeExpenses": 149200000,
        "otherExpenses": 49700000,
        "operatingExpenses": 198900000,
        "costAndExpenses": 1052800000,
        "interestIncome": 0,
        "interestExpense": 0,
        "depreciationAndAmortization": -49700000,
        "ebitda": -5500000,
        "ebitdaratio": -0.0052321157,
        "operatingIncome": -1600000,
        "operatingIncomeRatio": -0.00152207,
        "totalOtherIncomeExpensesNet": -1300000,
        "incomeBeforeTax": -2900000,
        "incomeBeforeTaxRatio": -0.0027587519,
        "incomeTaxExpense": -5000000,
        "netIncome": 2100000,
        "netIncomeRatio": 0.0019977169,
        "eps": 0.03,
        "epsdiluted": 0.03,
        "weightedAverageShsOut": 70000000,
        "weightedAverageShsOutDil": 70000000,
        "link": "",
        "finalLink": ""
    },
    {
        "date": "1990-12-31",
        "symbol": "DAN",
        "reportedCurrency": "USD",
        "cik": "0000026780",
        "fillingDate": "1990-12-31",
        "acceptedDate": "1990-12-30 19:00:00",
        "calendarYear": "1990",
        "period": "Q4",
        "revenue": 1160000000,
        "costOfRevenue": 919400000,
        "grossProfit": 240600000,
        "grossProfitRatio": 0.2074137931,
        "researchAndDevelopmentExpenses": 0,
        "generalAndAdministrativeExpenses": 0,
        "sellingAndMarketingExpenses": 0,
        "sellingGeneralAndAdministrativeExpenses": 186300000,
        "otherExpenses": 48400000,
        "operatingExpenses": 234700000,
        "costAndExpenses": 1154100000,
        "interestIncome": 0,
        "interestExpense": 0,
        "depreciationAndAmortization": -48400000,
        "ebitda": -28200000,
        "ebitdaratio": -0.0243103448,
        "operatingIncome": 5900000,
        "operatingIncomeRatio": 0.0050862069,
        "totalOtherIncomeExpensesNet": 9300000,
        "incomeBeforeTax": 15200000,
        "incomeBeforeTaxRatio": 0.0131034483,
        "incomeTaxExpense": 11100000,
        "netIncome": 4100000,
        "netIncomeRatio": 0.0035344828,
        "eps": 0.0513,
        "epsdiluted": 0.0513,
        "weightedAverageShsOut": 80000000,
        "weightedAverageShsOutDil": 80000000,
        "link": "",
        "finalLink": ""
    },
    {
        "date": "1990-09-30",
        "symbol": "DAN",
        "reportedCurrency": "USD",
        "cik": "0000026780",
        "fillingDate": "1990-09-30",
        "acceptedDate": "1990-09-29 20:00:00",
        "calendarYear": "1990",
        "period": "Q3",
        "revenue": 1201300000,
        "costOfRevenue": 946200000,
        "grossProfit": 255100000,
        "grossProfitRatio": 0.2123532839,
        "researchAndDevelopmentExpenses": 0,
        "generalAndAdministrativeExpenses": 0,
        "sellingAndMarketingExpenses": 0,
        "sellingGeneralAndAdministrativeExpenses": 160900000,
        "otherExpenses": 51500000,
        "operatingExpenses": 212400000,
        "costAndExpenses": 1158600000,
        "interestIncome": 0,
        "interestExpense": 0,
        "depreciationAndAmortization": -51500000,
        "ebitda": 23600000,
        "ebitdaratio": 0.0196453842,
        "operatingIncome": 42700000,
        "operatingIncomeRatio": 0.0355448264,
        "totalOtherIncomeExpensesNet": -900000,
        "incomeBeforeTax": 41800000,
        "incomeBeforeTaxRatio": 0.0347956381,
        "incomeTaxExpense": 25000000,
        "netIncome": 16800000,
        "netIncomeRatio": 0.0139848497,
        "eps": 0.21,
        "epsdiluted": 0.21,
        "weightedAverageShsOut": 80000000,
        "weightedAverageShsOutDil": 80000000,
        "link": "",
        "finalLink": ""
    },
    {
        "date": "1990-06-30",
        "symbol": "DAN",
        "reportedCurrency": "USD",
        "cik": "0000026780",
        "fillingDate": "1990-06-30",
        "acceptedDate": "1990-06-29 20:00:00",
        "calendarYear": "1990",
        "period": "Q2",
        "revenue": 1323700000,
        "costOfRevenue": 1049400000,
        "grossProfit": 274300000,
        "grossProfitRatio": 0.2072221803,
        "researchAndDevelopmentExpenses": 0,
        "generalAndAdministrativeExpenses": 0,
        "sellingAndMarketingExpenses": 0,
        "sellingGeneralAndAdministrativeExpenses": 144700000,
        "otherExpenses": 49600000,
        "operatingExpenses": 194300000,
        "costAndExpenses": 1243700000,
        "interestIncome": 0,
        "interestExpense": 0,
        "depreciationAndAmortization": -49600000,
        "ebitda": 75300000,
        "ebitdaratio": 0.0568860014,
        "operatingIncome": 80000000,
        "operatingIncomeRatio": 0.0604366548,
        "totalOtherIncomeExpensesNet": -16900000,
        "incomeBeforeTax": 63100000,
        "incomeBeforeTaxRatio": 0.0476694115,
        "incomeTaxExpense": 31500000,
        "netIncome": 31600000,
        "netIncomeRatio": 0.0238724787,
        "eps": 0.39,
        "epsdiluted": 0.37,
        "weightedAverageShsOut": 81025641,
        "weightedAverageShsOutDil": 85405405,
        "link": "",
        "finalLink": ""
    },
    {
        "date": "1990-03-31",
        "symbol": "DAN",
        "reportedCurrency": "USD",
        "cik": "0000026780",
        "fillingDate": "1990-03-31",
        "acceptedDate": "1990-03-30 19:00:00",
        "calendarYear": "1990",
        "period": "Q1",
        "revenue": 1266900000,
        "costOfRevenue": 1012700000,
        "grossProfit": 254200000,
        "grossProfitRatio": 0.2006472492,
        "researchAndDevelopmentExpenses": 0,
        "generalAndAdministrativeExpenses": 0,
        "sellingAndMarketingExpenses": 0,
        "sellingGeneralAndAdministrativeExpenses": 154700000,
        "otherExpenses": 44100000,
        "operatingExpenses": 198800000,
        "costAndExpenses": 1211500000,
        "interestIncome": 0,
        "interestExpense": 0,
        "depreciationAndAmortization": -44100000,
        "ebitda": 38100000,
        "ebitdaratio": 0.0300734075,
        "operatingIncome": 55400000,
        "operatingIncomeRatio": 0.0437287868,
        "totalOtherIncomeExpensesNet": -12100000,
        "incomeBeforeTax": 43300000,
        "incomeBeforeTaxRatio": 0.0341779146,
        "incomeTaxExpense": 20200000,
        "netIncome": 23100000,
        "netIncomeRatio": 0.0182334833,
        "eps": 0.28,
        "epsdiluted": 0.28,
        "weightedAverageShsOut": 82500000,
        "weightedAverageShsOutDil": 82500000,
        "link": "",
        "finalLink": ""
    },
    {
        "date": "1989-12-31",
        "symbol": "DAN",
        "reportedCurrency": "USD",
        "cik": "0000026780",
        "fillingDate": "1989-12-31",
        "acceptedDate": "1989-12-30 19:00:00",
        "calendarYear": "1989",
        "period": "Q4",
        "revenue": 1123400000,
        "costOfRevenue": 890100000,
        "grossProfit": 233300000,
        "grossProfitRatio": 0.2076731351,
        "researchAndDevelopmentExpenses": 0,
        "generalAndAdministrativeExpenses": 0,
        "sellingAndMarketingExpenses": 0,
        "sellingGeneralAndAdministrativeExpenses": 141200000,
        "otherExpenses": 46500000,
        "operatingExpenses": 187700000,
        "costAndExpenses": 1077800000,
        "interestIncome": 0,
        "interestExpense": 0,
        "depreciationAndAmortization": -46500000,
        "ebitda": 25200000,
        "ebitdaratio": 0.0224319032,
        "operatingIncome": 45600000,
        "operatingIncomeRatio": 0.0405910628,
        "totalOtherIncomeExpensesNet": -8600000,
        "incomeBeforeTax": 37000000,
        "incomeBeforeTaxRatio": 0.0329357308,
        "incomeTaxExpense": 16300000,
        "netIncome": 20700000,
        "netIncomeRatio": 0.0184262062,
        "eps": 0.25,
        "epsdiluted": 0.25,
        "weightedAverageShsOut": 82222222,
        "weightedAverageShsOutDil": 82222222,
        "link": "",
        "finalLink": ""
    },
    {
        "date": "1989-09-30",
        "symbol": "DAN",
        "reportedCurrency": "USD",
        "cik": "0000026780",
        "fillingDate": "1989-09-30",
        "acceptedDate": "1989-09-29 20:00:00",
        "calendarYear": "1989",
        "period": "Q3",
        "revenue": 1120300000,
        "costOfRevenue": 902400000,
        "grossProfit": 217900000,
        "grossProfitRatio": 0.1945014728,
        "researchAndDevelopmentExpenses": 0,
        "generalAndAdministrativeExpenses": 0,
        "sellingAndMarketingExpenses": 0,
        "sellingGeneralAndAdministrativeExpenses": 131300000,
        "otherExpenses": 39600000,
        "operatingExpenses": 170900000,
        "costAndExpenses": 1073300000,
        "interestIncome": 0,
        "interestExpense": 0,
        "depreciationAndAmortization": -39600000,
        "ebitda": 23100000,
        "ebitdaratio": 0.0206194769,
        "operatingIncome": 47000000,
        "operatingIncomeRatio": 0.0419530483,
        "totalOtherIncomeExpensesNet": -5500000,
        "incomeBeforeTax": 41500000,
        "incomeBeforeTaxRatio": 0.037043649,
        "incomeTaxExpense": 11900000,
        "netIncome": 29600000,
        "netIncomeRatio": 0.0264214942,
        "eps": 0.36,
        "epsdiluted": 0.35,
        "weightedAverageShsOut": 82222222,
        "weightedAverageShsOutDil": 84571429,
        "link": "",
        "finalLink": ""
    },
    {
        "date": "1989-06-30",
        "symbol": "DAN",
        "reportedCurrency": "USD",
        "cik": "0000026780",
        "fillingDate": "1989-06-30",
        "acceptedDate": "1989-06-29 20:00:00",
        "calendarYear": "1989",
        "period": "Q2",
        "revenue": 1318100000,
        "costOfRevenue": 1072600000,
        "grossProfit": 245500000,
        "grossProfitRatio": 0.1862529398,
        "researchAndDevelopmentExpenses": 0,
        "generalAndAdministrativeExpenses": 0,
        "sellingAndMarketingExpenses": 0,
        "sellingGeneralAndAdministrativeExpenses": 129000000,
        "otherExpenses": 41300000,
        "operatingExpenses": 170300000,
        "costAndExpenses": 1242900000,
        "interestIncome": 0,
        "interestExpense": 0,
        "depreciationAndAmortization": 41300000,
        "ebitda": 116500000,
        "ebitdaratio": 0.0883847963,
        "operatingIncome": 75200000,
        "operatingIncomeRatio": 0.057051817,
        "totalOtherIncomeExpensesNet": 5700000,
        "incomeBeforeTax": 80900000,
        "incomeBeforeTaxRatio": 0.0613762234,
        "incomeTaxExpense": 38000000,
        "netIncome": 42900000,
        "netIncomeRatio": 0.0325468477,
        "eps": 0.53,
        "epsdiluted": 0.5,
        "weightedAverageShsOut": 80943396,
        "weightedAverageShsOutDil": 85800000,
        "link": "",
        "finalLink": ""
    },
    {
        "date": "1989-03-31",
        "symbol": "DAN",
        "reportedCurrency": "USD",
        "cik": "0000026780",
        "fillingDate": "1989-03-31",
        "acceptedDate": "1989-03-30 19:00:00",
        "calendarYear": "1989",
        "period": "Q1",
        "revenue": 1383700000,
        "costOfRevenue": 0,
        "grossProfit": 1383700000,
        "grossProfitRatio": 1,
        "researchAndDevelopmentExpenses": 0,
        "generalAndAdministrativeExpenses": 0,
        "sellingAndMarketingExpenses": 0,
        "sellingGeneralAndAdministrativeExpenses": 0,
        "otherExpenses": 0,
        "operatingExpenses": 0,
        "costAndExpenses": 0,
        "interestIncome": 0,
        "interestExpense": 0,
        "depreciationAndAmortization": 0,
        "ebitda": 1383700000,
        "ebitdaratio": 1,
        "operatingIncome": 1383700000,
        "operatingIncomeRatio": 1,
        "totalOtherIncomeExpensesNet": -1383700000,
        "incomeBeforeTax": 0,
        "incomeBeforeTaxRatio": 0,
        "incomeTaxExpense": -38900000,
        "netIncome": 38900000,
        "netIncomeRatio": 0.0281130303,
        "eps": 0.48,
        "epsdiluted": 0.46,
        "weightedAverageShsOut": 81041667,
        "weightedAverageShsOutDil": 84565217,
        "link": "",
        "finalLink": ""
    },
    {
        "date": "1988-12-31",
        "symbol": "DAN",
        "reportedCurrency": "USD",
        "cik": "0000026780",
        "fillingDate": "1988-12-31",
        "acceptedDate": "1988-12-30 19:00:00",
        "calendarYear": "1988",
        "period": "Q4",
        "revenue": 1308700000,
        "costOfRevenue": 0,
        "grossProfit": 1308700000,
        "grossProfitRatio": 1,
        "researchAndDevelopmentExpenses": 0,
        "generalAndAdministrativeExpenses": 0,
        "sellingAndMarketingExpenses": 0,
        "sellingGeneralAndAdministrativeExpenses": 0,
        "otherExpenses": -4710700000,
        "operatingExpenses": -4710700000,
        "costAndExpenses": -4710700000,
        "interestIncome": 0,
        "interestExpense": 0,
        "depreciationAndAmortization": 0,
        "ebitda": -3402000000,
        "ebitdaratio": -2.5995262474,
        "operatingIncome": -3402000000,
        "operatingIncomeRatio": -2.5995262474,
        "totalOtherIncomeExpensesNet": 3402000000,
        "incomeBeforeTax": 0,
        "incomeBeforeTaxRatio": 0,
        "incomeTaxExpense": -43700000,
        "netIncome": 43700000,
        "netIncomeRatio": 0.0333919156,
        "eps": 0.54,
        "epsdiluted": 0.54,
        "weightedAverageShsOut": 80906849,
        "weightedAverageShsOutDil": 81400000,
        "link": "",
        "finalLink": ""
    },
    {
        "date": "1988-09-30",
        "symbol": "DAN",
        "reportedCurrency": "USD",
        "cik": "0000026780",
        "fillingDate": "1988-09-30",
        "acceptedDate": "1988-09-29 20:00:00",
        "calendarYear": "1988",
        "period": "Q3",
        "revenue": 1245800000,
        "costOfRevenue": 0,
        "grossProfit": 1245800000,
        "grossProfitRatio": 1,
        "researchAndDevelopmentExpenses": 0,
        "generalAndAdministrativeExpenses": 0,
        "sellingAndMarketingExpenses": 0,
        "sellingGeneralAndAdministrativeExpenses": 0,
        "otherExpenses": 0,
        "operatingExpenses": 0,
        "costAndExpenses": 0,
        "interestIncome": 0,
        "interestExpense": 0,
        "depreciationAndAmortization": 0,
        "ebitda": 1245800000,
        "ebitdaratio": 1,
        "operatingIncome": 1245800000,
        "operatingIncomeRatio": 1,
        "totalOtherIncomeExpensesNet": -1245800000,
        "incomeBeforeTax": 0,
        "incomeBeforeTaxRatio": 0,
        "incomeTaxExpense": -40700000,
        "netIncome": 40700000,
        "netIncomeRatio": 0.0326697704,
        "eps": 0.5,
        "epsdiluted": 0.47,
        "weightedAverageShsOut": 81400000,
        "weightedAverageShsOutDil": 86595745,
        "link": "",
        "finalLink": ""
    },
    {
        "date": "1988-06-30",
        "symbol": "DAN",
        "reportedCurrency": "USD",
        "cik": "0000026780",
        "fillingDate": "1988-06-30",
        "acceptedDate": "1988-06-29 20:00:00",
        "calendarYear": "1988",
        "period": "Q2",
        "revenue": 1362100000,
        "costOfRevenue": 0,
        "grossProfit": 1362100000,
        "grossProfitRatio": 1,
        "researchAndDevelopmentExpenses": 0,
        "generalAndAdministrativeExpenses": 0,
        "sellingAndMarketingExpenses": 0,
        "sellingGeneralAndAdministrativeExpenses": 0,
        "otherExpenses": 0,
        "operatingExpenses": 0,
        "costAndExpenses": 0,
        "interestIncome": 0,
        "interestExpense": 0,
        "depreciationAndAmortization": 0,
        "ebitda": 1362100000,
        "ebitdaratio": 1,
        "operatingIncome": 1362100000,
        "operatingIncomeRatio": 1,
        "totalOtherIncomeExpensesNet": -1362100000,
        "incomeBeforeTax": 0,
        "incomeBeforeTaxRatio": 0,
        "incomeTaxExpense": -42700000,
        "netIncome": 42700000,
        "netIncomeRatio": 0.0313486528,
        "eps": 0.53,
        "epsdiluted": 0.5,
        "weightedAverageShsOut": 80566038,
        "weightedAverageShsOutDil": 85400000,
        "link": "",
        "finalLink": ""
    },
    {
        "date": "1988-03-31",
        "symbol": "DAN",
        "reportedCurrency": "USD",
        "cik": "0000026780",
        "fillingDate": "1988-03-31",
        "acceptedDate": "1988-03-30 19:00:00",
        "calendarYear": "1988",
        "period": "Q1",
        "revenue": 1305000000,
        "costOfRevenue": 0,
        "grossProfit": 1305000000,
        "grossProfitRatio": 1,
        "researchAndDevelopmentExpenses": 0,
        "generalAndAdministrativeExpenses": 0,
        "sellingAndMarketingExpenses": 0,
        "sellingGeneralAndAdministrativeExpenses": 0,
        "otherExpenses": 0,
        "operatingExpenses": 0,
        "costAndExpenses": 0,
        "interestIncome": 0,
        "interestExpense": 0,
        "depreciationAndAmortization": 0,
        "ebitda": 1305000000,
        "ebitdaratio": 1,
        "operatingIncome": 1305000000,
        "operatingIncomeRatio": 1,
        "totalOtherIncomeExpensesNet": -1305000000,
        "incomeBeforeTax": 0,
        "incomeBeforeTaxRatio": 0,
        "incomeTaxExpense": -35100000,
        "netIncome": 35100000,
        "netIncomeRatio": 0.0268965517,
        "eps": 0.43,
        "epsdiluted": 0.43,
        "weightedAverageShsOut": 81627907,
        "weightedAverageShsOutDil": 81627907,
        "link": "",
        "finalLink": ""
    },
    {
        "date": "1987-12-31",
        "symbol": "DAN",
        "reportedCurrency": "USD",
        "cik": "0000026780",
        "fillingDate": "1987-12-31",
        "acceptedDate": "1987-12-30 19:00:00",
        "calendarYear": "1987",
        "period": "Q4",
        "revenue": 1076100000,
        "costOfRevenue": 0,
        "grossProfit": 1076100000,
        "grossProfitRatio": 1,
        "researchAndDevelopmentExpenses": 0,
        "generalAndAdministrativeExpenses": 0,
        "sellingAndMarketingExpenses": 0,
        "sellingGeneralAndAdministrativeExpenses": 0,
        "otherExpenses": -3805900000,
        "operatingExpenses": -3805900000,
        "costAndExpenses": -3805900000,
        "interestIncome": 0,
        "interestExpense": 0,
        "depreciationAndAmortization": 0,
        "ebitda": -2729800000,
        "ebitdaratio": -2.5367530899,
        "operatingIncome": -2729800000,
        "operatingIncomeRatio": -2.5367530899,
        "totalOtherIncomeExpensesNet": 2729800000,
        "incomeBeforeTax": 0,
        "incomeBeforeTaxRatio": 0,
        "incomeTaxExpense": -29000000,
        "netIncome": 29000000,
        "netIncomeRatio": 0.0269491683,
        "eps": 0.33,
        "epsdiluted": 0.33,
        "weightedAverageShsOut": 88604651,
        "weightedAverageShsOutDil": 88604651,
        "link": "",
        "finalLink": ""
    },
    {
        "date": "1987-09-30",
        "symbol": "DAN",
        "reportedCurrency": "USD",
        "cik": "0000026780",
        "fillingDate": "1987-09-30",
        "acceptedDate": "1987-09-29 20:00:00",
        "calendarYear": "1987",
        "period": "Q3",
        "revenue": 1009100000,
        "costOfRevenue": 0,
        "grossProfit": 1009100000,
        "grossProfitRatio": 1,
        "researchAndDevelopmentExpenses": 0,
        "generalAndAdministrativeExpenses": 0,
        "sellingAndMarketingExpenses": 0,
        "sellingGeneralAndAdministrativeExpenses": 0,
        "otherExpenses": 0,
        "operatingExpenses": 0,
        "costAndExpenses": 0,
        "interestIncome": 0,
        "interestExpense": 0,
        "depreciationAndAmortization": 0,
        "ebitda": 1009100000,
        "ebitdaratio": 1,
        "operatingIncome": 1009100000,
        "operatingIncomeRatio": 1,
        "totalOtherIncomeExpensesNet": -1009100000,
        "incomeBeforeTax": 0,
        "incomeBeforeTaxRatio": 0,
        "incomeTaxExpense": -38100000,
        "netIncome": 38100000,
        "netIncomeRatio": 0.0377564166,
        "eps": 0.43,
        "epsdiluted": 0.43,
        "weightedAverageShsOut": 88604651,
        "weightedAverageShsOutDil": 88604651,
        "link": "",
        "finalLink": ""
    },
    {
        "date": "1987-06-30",
        "symbol": "DAN",
        "reportedCurrency": "USD",
        "cik": "0000026780",
        "fillingDate": "1987-06-30",
        "acceptedDate": "1987-06-29 20:00:00",
        "calendarYear": "1987",
        "period": "Q2",
        "revenue": 1053500000,
        "costOfRevenue": 0,
        "grossProfit": 1053500000,
        "grossProfitRatio": 1,
        "researchAndDevelopmentExpenses": 0,
        "generalAndAdministrativeExpenses": 0,
        "sellingAndMarketingExpenses": 0,
        "sellingGeneralAndAdministrativeExpenses": 0,
        "otherExpenses": 0,
        "operatingExpenses": 0,
        "costAndExpenses": 0,
        "interestIncome": 0,
        "interestExpense": 0,
        "depreciationAndAmortization": 0,
        "ebitda": 1053500000,
        "ebitdaratio": 1,
        "operatingIncome": 1053500000,
        "operatingIncomeRatio": 1,
        "totalOtherIncomeExpensesNet": -1053500000,
        "incomeBeforeTax": 0,
        "incomeBeforeTaxRatio": 0,
        "incomeTaxExpense": -42500000,
        "netIncome": 42500000,
        "netIncomeRatio": 0.0403417181,
        "eps": 0.48,
        "epsdiluted": 0.48,
        "weightedAverageShsOut": 88541667,
        "weightedAverageShsOutDil": 88541667,
        "link": "",
        "finalLink": ""
    },
    {
        "date": "1987-03-31",
        "symbol": "DAN",
        "reportedCurrency": "USD",
        "cik": "0000026780",
        "fillingDate": "1987-03-31",
        "acceptedDate": "1987-03-30 19:00:00",
        "calendarYear": "1987",
        "period": "Q1",
        "revenue": 1003400000,
        "costOfRevenue": 0,
        "grossProfit": 1003400000,
        "grossProfitRatio": 1,
        "researchAndDevelopmentExpenses": 0,
        "generalAndAdministrativeExpenses": 0,
        "sellingAndMarketingExpenses": 0,
        "sellingGeneralAndAdministrativeExpenses": 0,
        "otherExpenses": 0,
        "operatingExpenses": 0,
        "costAndExpenses": 0,
        "interestIncome": 0,
        "interestExpense": 0,
        "depreciationAndAmortization": 0,
        "ebitda": 1003400000,
        "ebitdaratio": 1,
        "operatingIncome": 1003400000,
        "operatingIncomeRatio": 1,
        "totalOtherIncomeExpensesNet": -1003400000,
        "incomeBeforeTax": 0,
        "incomeBeforeTaxRatio": 0,
        "incomeTaxExpense": -31000000,
        "netIncome": 31000000,
        "netIncomeRatio": 0.0308949571,
        "eps": 0.35,
        "epsdiluted": 0.35,
        "weightedAverageShsOut": 88571429,
        "weightedAverageShsOutDil": 88571429,
        "link": "",
        "finalLink": ""
    },
    {
        "date": "1986-12-31",
        "symbol": "DAN",
        "reportedCurrency": "USD",
        "cik": "0000026780",
        "fillingDate": "1986-12-31",
        "acceptedDate": "1986-12-30 19:00:00",
        "calendarYear": "1986",
        "period": "Q4",
        "revenue": 866200000,
        "costOfRevenue": 0,
        "grossProfit": 866200000,
        "grossProfitRatio": 1,
        "researchAndDevelopmentExpenses": 0,
        "generalAndAdministrativeExpenses": 0,
        "sellingAndMarketingExpenses": 0,
        "sellingGeneralAndAdministrativeExpenses": 0,
        "otherExpenses": -3402400000,
        "operatingExpenses": -3402400000,
        "costAndExpenses": -3402400000,
        "interestIncome": 0,
        "interestExpense": 0,
        "depreciationAndAmortization": 0,
        "ebitda": -2536200000,
        "ebitdaratio": -2.9279612099,
        "operatingIncome": -2536200000,
        "operatingIncomeRatio": -2.9279612099,
        "totalOtherIncomeExpensesNet": 2536200000,
        "incomeBeforeTax": 0,
        "incomeBeforeTaxRatio": 0,
        "incomeTaxExpense": -100000,
        "netIncome": 100000,
        "netIncomeRatio": 0.0001154468,
        "eps": 0.001,
        "epsdiluted": 0.001,
        "weightedAverageShsOut": 101666667,
        "weightedAverageShsOutDil": 101666667,
        "link": "",
        "finalLink": ""
    },
    {
        "date": "1986-09-30",
        "symbol": "DAN",
        "reportedCurrency": "USD",
        "cik": "0000026780",
        "fillingDate": "1986-09-30",
        "acceptedDate": "1986-09-29 20:00:00",
        "calendarYear": "1986",
        "period": "Q3",
        "revenue": 888000000,
        "costOfRevenue": 0,
        "grossProfit": 888000000,
        "grossProfitRatio": 1,
        "researchAndDevelopmentExpenses": 0,
        "generalAndAdministrativeExpenses": 0,
        "sellingAndMarketingExpenses": 0,
        "sellingGeneralAndAdministrativeExpenses": 0,
        "otherExpenses": 0,
        "operatingExpenses": 0,
        "costAndExpenses": 0,
        "interestIncome": 0,
        "interestExpense": 0,
        "depreciationAndAmortization": 0,
        "ebitda": 888000000,
        "ebitdaratio": 1,
        "operatingIncome": 888000000,
        "operatingIncomeRatio": 1,
        "totalOtherIncomeExpensesNet": -888000000,
        "incomeBeforeTax": 0,
        "incomeBeforeTaxRatio": 0,
        "incomeTaxExpense": -12200000,
        "netIncome": 12200000,
        "netIncomeRatio": 0.0137387387,
        "eps": 0.12,
        "epsdiluted": 0.12,
        "weightedAverageShsOut": 101666667,
        "weightedAverageShsOutDil": 101666667,
        "link": "",
        "finalLink": ""
    },
    {
        "date": "1986-06-30",
        "symbol": "DAN",
        "reportedCurrency": "USD",
        "cik": "0000026780",
        "fillingDate": "1986-06-30",
        "acceptedDate": "1986-06-29 20:00:00",
        "calendarYear": "1986",
        "period": "Q2",
        "revenue": 979000000,
        "costOfRevenue": 0,
        "grossProfit": 979000000,
        "grossProfitRatio": 1,
        "researchAndDevelopmentExpenses": 0,
        "generalAndAdministrativeExpenses": 0,
        "sellingAndMarketingExpenses": 0,
        "sellingGeneralAndAdministrativeExpenses": 0,
        "otherExpenses": 0,
        "operatingExpenses": 0,
        "costAndExpenses": 0,
        "interestIncome": 0,
        "interestExpense": 0,
        "depreciationAndAmortization": 0,
        "ebitda": 979000000,
        "ebitdaratio": 1,
        "operatingIncome": 979000000,
        "operatingIncomeRatio": 1,
        "totalOtherIncomeExpensesNet": -979000000,
        "incomeBeforeTax": 0,
        "incomeBeforeTaxRatio": 0,
        "incomeTaxExpense": -39300000,
        "netIncome": 39300000,
        "netIncomeRatio": 0.0401430031,
        "eps": 0.38,
        "epsdiluted": 0.38,
        "weightedAverageShsOut": 103421053,
        "weightedAverageShsOutDil": 103421053,
        "link": "",
        "finalLink": ""
    },
    {
        "date": "1986-03-31",
        "symbol": "DAN",
        "reportedCurrency": "USD",
        "cik": "0000026780",
        "fillingDate": "1986-03-31",
        "acceptedDate": "1986-03-30 19:00:00",
        "calendarYear": "1986",
        "period": "Q1",
        "revenue": 962000000,
        "costOfRevenue": 0,
        "grossProfit": 962000000,
        "grossProfitRatio": 1,
        "researchAndDevelopmentExpenses": 0,
        "generalAndAdministrativeExpenses": 0,
        "sellingAndMarketingExpenses": 0,
        "sellingGeneralAndAdministrativeExpenses": 0,
        "otherExpenses": 0,
        "operatingExpenses": 0,
        "costAndExpenses": 0,
        "interestIncome": 0,
        "interestExpense": 0,
        "depreciationAndAmortization": 0,
        "ebitda": 962000000,
        "ebitdaratio": 1,
        "operatingIncome": 962000000,
        "operatingIncomeRatio": 1,
        "totalOtherIncomeExpensesNet": -962000000,
        "incomeBeforeTax": 0,
        "incomeBeforeTaxRatio": 0,
        "incomeTaxExpense": -34300000,
        "netIncome": 34300000,
        "netIncomeRatio": 0.0356548857,
        "eps": 0.33,
        "epsdiluted": 0.33,
        "weightedAverageShsOut": 103939394,
        "weightedAverageShsOutDil": 103939394,
        "link": "",
        "finalLink": ""
    },
    {
        "date": "1985-12-31",
        "symbol": "DAN",
        "reportedCurrency": "USD",
        "cik": "0000026780",
        "fillingDate": "1985-12-31",
        "acceptedDate": "1985-12-30 19:00:00",
        "calendarYear": "1985",
        "period": "Q4",
        "revenue": 921100000,
        "costOfRevenue": 0,
        "grossProfit": 921100000,
        "grossProfitRatio": 1,
        "researchAndDevelopmentExpenses": 0,
        "generalAndAdministrativeExpenses": 0,
        "sellingAndMarketingExpenses": 0,
        "sellingGeneralAndAdministrativeExpenses": 0,
        "otherExpenses": -3380600000,
        "operatingExpenses": -3380600000,
        "costAndExpenses": -3380600000,
        "interestIncome": 0,
        "interestExpense": 0,
        "depreciationAndAmortization": 0,
        "ebitda": -2459500000,
        "ebitdaratio": -2.6701769623,
        "operatingIncome": -2459500000,
        "operatingIncomeRatio": -2.6701769623,
        "totalOtherIncomeExpensesNet": 2459500000,
        "incomeBeforeTax": 0,
        "incomeBeforeTaxRatio": 0,
        "incomeTaxExpense": -29600000,
        "netIncome": 29600000,
        "netIncomeRatio": 0.0321354902,
        "eps": 0.27,
        "epsdiluted": 0.27,
        "weightedAverageShsOut": 107466216,
        "weightedAverageShsOutDil": 111081081,
        "link": "",
        "finalLink": ""
    },
    {
        "date": "1985-09-30",
        "symbol": "DAN",
        "reportedCurrency": "USD",
        "cik": "0000026780",
        "fillingDate": "1985-09-30",
        "acceptedDate": "1985-09-29 20:00:00",
        "calendarYear": "1985",
        "period": "Q3",
        "revenue": 909000000,
        "costOfRevenue": 0,
        "grossProfit": 909000000,
        "grossProfitRatio": 1,
        "researchAndDevelopmentExpenses": 0,
        "generalAndAdministrativeExpenses": 0,
        "sellingAndMarketingExpenses": 0,
        "sellingGeneralAndAdministrativeExpenses": 0,
        "otherExpenses": 0,
        "operatingExpenses": 0,
        "costAndExpenses": 0,
        "interestIncome": 0,
        "interestExpense": 0,
        "depreciationAndAmortization": 0,
        "ebitda": 909000000,
        "ebitdaratio": 1,
        "operatingIncome": 909000000,
        "operatingIncomeRatio": 1,
        "totalOtherIncomeExpensesNet": -909000000,
        "incomeBeforeTax": 0,
        "incomeBeforeTaxRatio": 0,
        "incomeTaxExpense": -41100000,
        "netIncome": 41100000,
        "netIncomeRatio": 0.0452145215,
        "eps": 0.37,
        "epsdiluted": 0.37,
        "weightedAverageShsOut": 111081081,
        "weightedAverageShsOutDil": 111081081,
        "link": "",
        "finalLink": ""
    }
]