[
    {
        "date": "2023-09-30",
        "symbol": "DEN",
        "reportedCurrency": "USD",
        "cik": "0000945764",
        "fillingDate": "2023-11-21",
        "acceptedDate": "2023-11-21 16:16:31",
        "calendarYear": "2023",
        "period": "Q3",
        "revenue": 355247000,
        "costOfRevenue": 0,
        "grossProfit": 355247000,
        "grossProfitRatio": 1,
        "researchAndDevelopmentExpenses": 0,
        "generalAndAdministrativeExpenses": 2138000,
        "sellingAndMarketingExpenses": 15820000,
        "sellingGeneralAndAdministrativeExpenses": 17958000,
        "otherExpenses": 109482000,
        "operatingExpenses": 127440000,
        "costAndExpenses": 127440000,
        "interestIncome": 0,
        "interestExpense": 0,
        "depreciationAndAmortization": 52917000,
        "ebitda": 48937000,
        "ebitdaratio": 0.1377548579,
        "operatingIncome": -3980000,
        "operatingIncomeRatio": -0.0112034725,
        "totalOtherIncomeExpensesNet": 0,
        "incomeBeforeTax": -3980000,
        "incomeBeforeTaxRatio": -0.0112034725,
        "incomeTaxExpense": -1087000,
        "netIncome": -2893000,
        "netIncomeRatio": -0.0081436296,
        "eps": -0.0552,
        "epsdiluted": -0.0552,
        "weightedAverageShsOut": 52417000,
        "weightedAverageShsOutDil": 52417000,
        "link": "https://www.sec.gov/Archives/edgar/data/945764/000094576423000167/0000945764-23-000167-index.htm",
        "finalLink": "https://www.sec.gov/Archives/edgar/data/945764/000094576423000167/den-20230930.htm"
    },
    {
        "date": "2023-06-30",
        "symbol": "DEN",
        "reportedCurrency": "USD",
        "cik": "0000945764",
        "fillingDate": "2023-08-04",
        "acceptedDate": "2023-08-03 20:33:03",
        "calendarYear": "2023",
        "period": "Q2",
        "revenue": 328093000,
        "costOfRevenue": 195577000,
        "grossProfit": 132516000,
        "grossProfitRatio": 0.4038976754,
        "researchAndDevelopmentExpenses": 0,
        "generalAndAdministrativeExpenses": 26895000,
        "sellingAndMarketingExpenses": 5159000,
        "sellingGeneralAndAdministrativeExpenses": 32054000,
        "otherExpenses": 114711000,
        "operatingExpenses": 58101000,
        "costAndExpenses": 253678000,
        "interestIncome": 0,
        "interestExpense": 825000,
        "depreciationAndAmortization": 49767000,
        "ebitda": 139869000,
        "ebitdaratio": 0.4263090038,
        "operatingIncome": 90144000,
        "operatingIncomeRatio": 0.2747513662,
        "totalOtherIncomeExpensesNet": -867000,
        "incomeBeforeTax": 89277000,
        "incomeBeforeTaxRatio": 0.2721088228,
        "incomeTaxExpense": 21996000,
        "netIncome": 67281000,
        "netIncomeRatio": 0.205066856,
        "eps": 1.3,
        "epsdiluted": 1.25,
        "weightedAverageShsOut": 51817000,
        "weightedAverageShsOutDil": 53999000,
        "link": "https://www.sec.gov/Archives/edgar/data/945764/000094576423000112/0000945764-23-000112-index.htm",
        "finalLink": "https://www.sec.gov/Archives/edgar/data/945764/000094576423000112/den-20230630.htm"
    },
    {
        "date": "2023-03-31",
        "symbol": "DEN",
        "reportedCurrency": "USD",
        "cik": "0000945764",
        "fillingDate": "2023-05-04",
        "acceptedDate": "2023-05-04 09:32:36",
        "calendarYear": "2023",
        "period": "Q1",
        "revenue": 339723000,
        "costOfRevenue": 186870000,
        "grossProfit": 152853000,
        "grossProfitRatio": 0.4499342111,
        "researchAndDevelopmentExpenses": 0,
        "generalAndAdministrativeExpenses": 22977000,
        "sellingAndMarketingExpenses": 5389000,
        "sellingGeneralAndAdministrativeExpenses": 28366000,
        "otherExpenses": 27743000,
        "operatingExpenses": 57404000,
        "costAndExpenses": 242979000,
        "interestIncome": 0,
        "interestExpense": 927000,
        "depreciationAndAmortization": 42032000,
        "ebitda": 160408000,
        "ebitdaratio": 0.4721729173,
        "operatingIncome": 119493000,
        "operatingIncomeRatio": 0.3517365618,
        "totalOtherIncomeExpensesNet": -2044000,
        "incomeBeforeTax": 117449000,
        "incomeBeforeTaxRatio": 0.3457198953,
        "incomeTaxExpense": 28250000,
        "netIncome": 89199000,
        "netIncomeRatio": 0.2625639124,
        "eps": 1.73,
        "epsdiluted": 1.66,
        "weightedAverageShsOut": 51503000,
        "weightedAverageShsOutDil": 53763000,
        "link": "https://www.sec.gov/Archives/edgar/data/945764/000094576423000080/0000945764-23-000080-index.htm",
        "finalLink": "https://www.sec.gov/Archives/edgar/data/945764/000094576423000080/den-20230331.htm"
    },
    {
        "date": "2022-12-31",
        "symbol": "DEN",
        "reportedCurrency": "USD",
        "cik": "0000945764",
        "fillingDate": "2023-02-23",
        "acceptedDate": "2023-02-23 16:20:23",
        "calendarYear": "2022",
        "period": "Q4",
        "revenue": 379898000,
        "costOfRevenue": 188014000,
        "grossProfit": 191884000,
        "grossProfitRatio": 0.5050934725,
        "researchAndDevelopmentExpenses": 0,
        "generalAndAdministrativeExpenses": 23182000,
        "sellingAndMarketingExpenses": 5474000,
        "sellingGeneralAndAdministrativeExpenses": 28656000,
        "otherExpenses": 28756000,
        "operatingExpenses": 58671000,
        "costAndExpenses": 246685000,
        "interestIncome": 0,
        "interestExpense": 933000,
        "depreciationAndAmortization": 80645320,
        "ebitda": 149231000,
        "ebitdaratio": 0.3928185987,
        "operatingIncome": 129647000,
        "operatingIncomeRatio": 0.3412679193,
        "totalOtherIncomeExpensesNet": -39352000,
        "incomeBeforeTax": 90295000,
        "incomeBeforeTaxRatio": 0.23768222,
        "incomeTaxExpense": 15180000,
        "netIncome": 75115000,
        "netIncomeRatio": 0.1977241259,
        "eps": 1.47,
        "epsdiluted": 1.39,
        "weightedAverageShsOut": 51173000,
        "weightedAverageShsOutDil": 53851000,
        "link": "https://www.sec.gov/Archives/edgar/data/945764/000094576423000028/0000945764-23-000028-index.htm",
        "finalLink": "https://www.sec.gov/Archives/edgar/data/945764/000094576423000028/den-20221231.htm"
    },
    {
        "date": "2022-09-30",
        "symbol": "DEN",
        "reportedCurrency": "USD",
        "cik": "0000945764",
        "fillingDate": "2022-11-03",
        "acceptedDate": "2022-11-03 09:09:50",
        "calendarYear": "2022",
        "period": "Q3",
        "revenue": 431472000,
        "costOfRevenue": 193305000,
        "grossProfit": 238167000,
        "grossProfitRatio": 0.551987151,
        "researchAndDevelopmentExpenses": 0,
        "generalAndAdministrativeExpenses": 21071000,
        "sellingAndMarketingExpenses": 5191000,
        "sellingGeneralAndAdministrativeExpenses": 26262000,
        "otherExpenses": 25774000,
        "operatingExpenses": 52036000,
        "costAndExpenses": 245341000,
        "interestIncome": 0,
        "interestExpense": 909000,
        "depreciationAndAmortization": 37680000,
        "ebitda": 221085000,
        "ebitdaratio": 0.5123970965,
        "operatingIncome": 292653000,
        "operatingIncomeRatio": 0.6782664924,
        "totalOtherIncomeExpensesNet": -909000,
        "incomeBeforeTax": 291744000,
        "incomeBeforeTaxRatio": 0.6761597508,
        "incomeTaxExpense": 41321000,
        "netIncome": 250423000,
        "netIncomeRatio": 0.5803922387,
        "eps": 4.89,
        "epsdiluted": 4.66,
        "weightedAverageShsOut": 51182000,
        "weightedAverageShsOutDil": 53715000,
        "link": "https://www.sec.gov/Archives/edgar/data/945764/000094576422000088/0000945764-22-000088-index.htm",
        "finalLink": "https://www.sec.gov/Archives/edgar/data/945764/000094576422000088/den-20220930.htm"
    },
    {
        "date": "2022-06-30",
        "symbol": "DEN",
        "reportedCurrency": "USD",
        "cik": "0000945764",
        "fillingDate": "2022-08-04",
        "acceptedDate": "2022-08-04 08:56:03",
        "calendarYear": "2022",
        "period": "Q2",
        "revenue": 481366000,
        "costOfRevenue": 176459000,
        "grossProfit": 304907000,
        "grossProfitRatio": 0.633420308,
        "researchAndDevelopmentExpenses": 0,
        "generalAndAdministrativeExpenses": 19235000,
        "sellingAndMarketingExpenses": 4802000,
        "sellingGeneralAndAdministrativeExpenses": 24037000,
        "otherExpenses": 0,
        "operatingExpenses": 124351000,
        "costAndExpenses": 236023000,
        "interestIncome": 0,
        "interestExpense": 1526000,
        "depreciationAndAmortization": 35400000,
        "ebitda": 215742000,
        "ebitdaratio": 0.4481870344,
        "operatingIncome": 179068000,
        "operatingIncomeRatio": 0.3719996842,
        "totalOtherIncomeExpensesNet": 1274000,
        "incomeBeforeTax": 180342000,
        "incomeBeforeTaxRatio": 0.374646319,
        "incomeTaxExpense": 24848000,
        "netIncome": 155494000,
        "netIncomeRatio": 0.3230265536,
        "eps": 3,
        "epsdiluted": 2.83,
        "weightedAverageShsOut": 51757000,
        "weightedAverageShsOutDil": 54886000,
        "link": "https://www.sec.gov/Archives/edgar/data/945764/000094576422000075/0000945764-22-000075-index.htm",
        "finalLink": "https://www.sec.gov/Archives/edgar/data/945764/000094576422000075/den-20220630.htm"
    },
    {
        "date": "2022-03-31",
        "symbol": "DEN",
        "reportedCurrency": "USD",
        "cik": "0000945764",
        "fillingDate": "2022-05-06",
        "acceptedDate": "2022-05-06 09:01:40",
        "calendarYear": "2022",
        "period": "Q1",
        "revenue": 411609000,
        "costOfRevenue": 169030000,
        "grossProfit": 242579000,
        "grossProfitRatio": 0.5893432845,
        "researchAndDevelopmentExpenses": 0,
        "generalAndAdministrativeExpenses": 18692000,
        "sellingAndMarketingExpenses": 4645000,
        "sellingGeneralAndAdministrativeExpenses": 23337000,
        "otherExpenses": 101735000,
        "operatingExpenses": 117828000,
        "costAndExpenses": 223498000,
        "interestIncome": 0,
        "interestExpense": 657000,
        "depreciationAndAmortization": 35345000,
        "ebitda": 27968000,
        "ebitdaratio": 0.0679479798,
        "operatingIncome": 124751000,
        "operatingIncomeRatio": 0.3030813223,
        "totalOtherIncomeExpensesNet": -132128000,
        "incomeBeforeTax": -7377000,
        "incomeBeforeTaxRatio": -0.0179223486,
        "incomeTaxExpense": -6505000,
        "netIncome": -872000,
        "netIncomeRatio": -0.0021185154,
        "eps": -0.0169,
        "epsdiluted": -0.02,
        "weightedAverageShsOut": 51602000,
        "weightedAverageShsOutDil": 51602000,
        "link": "https://www.sec.gov/Archives/edgar/data/945764/000094576422000056/0000945764-22-000056-index.htm",
        "finalLink": "https://www.sec.gov/Archives/edgar/data/945764/000094576422000056/den-20220331.htm"
    },
    {
        "date": "2021-12-31",
        "symbol": "DEN",
        "reportedCurrency": "USD",
        "cik": "0000945764",
        "fillingDate": "2022-02-25",
        "acceptedDate": "2022-02-24 19:31:47",
        "calendarYear": "2021",
        "period": "Q4",
        "revenue": 358128000,
        "costOfRevenue": 167099000,
        "grossProfit": 191029000,
        "grossProfitRatio": 0.5334098423,
        "researchAndDevelopmentExpenses": 0,
        "generalAndAdministrativeExpenses": 16437000,
        "sellingAndMarketingExpenses": 6513000,
        "sellingGeneralAndAdministrativeExpenses": 22950000,
        "otherExpenses": 2867000,
        "operatingExpenses": 48841000,
        "costAndExpenses": 215940000,
        "interestIncome": 0,
        "interestExpense": 690000,
        "depreciationAndAmortization": 37118000,
        "ebitda": 182173000,
        "ebitdaratio": 0.5086812536,
        "operatingIncome": 145055000,
        "operatingIncomeRatio": 0.4050367466,
        "totalOtherIncomeExpensesNet": -23522000,
        "incomeBeforeTax": 121533000,
        "incomeBeforeTaxRatio": 0.3393563195,
        "incomeTaxExpense": 902000,
        "netIncome": 120631000,
        "netIncomeRatio": 0.336837667,
        "eps": 2.35,
        "epsdiluted": 2.19,
        "weightedAverageShsOut": 51251000,
        "weightedAverageShsOutDil": 55114000,
        "link": "https://www.sec.gov/Archives/edgar/data/945764/000094576422000013/0000945764-22-000013-index.htm",
        "finalLink": "https://www.sec.gov/Archives/edgar/data/945764/000094576422000013/den-20211231.htm"
    },
    {
        "date": "2021-09-30",
        "symbol": "DEN",
        "reportedCurrency": "USD",
        "cik": "0000945764",
        "fillingDate": "2021-11-04",
        "acceptedDate": "2021-11-04 09:34:05",
        "calendarYear": "2021",
        "period": "Q3",
        "revenue": 333284000,
        "costOfRevenue": 168130000,
        "grossProfit": 165154000,
        "grossProfitRatio": 0.4955353392,
        "researchAndDevelopmentExpenses": 0,
        "generalAndAdministrativeExpenses": 15388000,
        "sellingAndMarketingExpenses": 5985000,
        "sellingGeneralAndAdministrativeExpenses": 21373000,
        "otherExpenses": 101980000,
        "operatingExpenses": 35076000,
        "costAndExpenses": 203206000,
        "interestIncome": 0,
        "interestExpense": 669000,
        "depreciationAndAmortization": 37691000,
        "ebitda": 163216000,
        "ebitdaratio": 0.4897204786,
        "operatingIncome": 83780000,
        "operatingIncomeRatio": 0.2513772038,
        "totalOtherIncomeExpensesNet": -669000,
        "incomeBeforeTax": 83111000,
        "incomeBeforeTaxRatio": 0.2493699067,
        "incomeTaxExpense": 403000,
        "netIncome": 82708000,
        "netIncomeRatio": 0.2481607278,
        "eps": 1.62,
        "epsdiluted": 1.51,
        "weightedAverageShsOut": 51094000,
        "weightedAverageShsOutDil": 54714000,
        "link": "https://www.sec.gov/Archives/edgar/data/945764/000094576421000091/0000945764-21-000091-index.htm",
        "finalLink": "https://www.sec.gov/Archives/edgar/data/945764/000094576421000091/den-20210930.htm"
    },
    {
        "date": "2021-06-30",
        "symbol": "DEN",
        "reportedCurrency": "USD",
        "cik": "0000945764",
        "fillingDate": "2021-08-05",
        "acceptedDate": "2021-08-05 09:07:21",
        "calendarYear": "2021",
        "period": "Q2",
        "revenue": 300661000,
        "costOfRevenue": 155875000,
        "grossProfit": 144786000,
        "grossProfitRatio": 0.4815589651,
        "researchAndDevelopmentExpenses": 0,
        "generalAndAdministrativeExpenses": 15450000,
        "sellingAndMarketingExpenses": 8522000,
        "sellingGeneralAndAdministrativeExpenses": 23972000,
        "otherExpenses": 100875000,
        "operatingExpenses": 110225000,
        "costAndExpenses": 201522000,
        "interestIncome": 0,
        "interestExpense": 1252000,
        "depreciationAndAmortization": 36381000,
        "ebitda": -40358000,
        "ebitdaratio": -0.1342309112,
        "operatingIncome": 95925000,
        "operatingIncomeRatio": 0.319047033,
        "totalOtherIncomeExpensesNet": -173916000,
        "incomeBeforeTax": -77991000,
        "incomeBeforeTaxRatio": -0.2593984587,
        "incomeTaxExpense": -296000,
        "netIncome": -77695000,
        "netIncomeRatio": -0.2584139612,
        "eps": -1.52,
        "epsdiluted": -1.52,
        "weightedAverageShsOut": 50999000,
        "weightedAverageShsOutDil": 50999000,
        "link": "https://www.sec.gov/Archives/edgar/data/945764/000094576421000080/0000945764-21-000080-index.htm",
        "finalLink": "https://www.sec.gov/Archives/edgar/data/945764/000094576421000080/den-20210630.htm"
    },
    {
        "date": "2021-03-31",
        "symbol": "DEN",
        "reportedCurrency": "USD",
        "cik": "0000945764",
        "fillingDate": "2021-05-06",
        "acceptedDate": "2021-05-06 08:51:00",
        "calendarYear": "2021",
        "period": "Q1",
        "revenue": 250799000,
        "costOfRevenue": 128498000,
        "grossProfit": 122301000,
        "grossProfitRatio": 0.487645485,
        "researchAndDevelopmentExpenses": 0,
        "generalAndAdministrativeExpenses": 31983000,
        "sellingAndMarketingExpenses": 7797000,
        "sellingGeneralAndAdministrativeExpenses": 39780000,
        "otherExpenses": 60474000,
        "operatingExpenses": 67593000,
        "costAndExpenses": 186881000,
        "interestIncome": 0,
        "interestExpense": 1536000,
        "depreciationAndAmortization": 39450000,
        "ebitda": -30434000,
        "ebitdaratio": -0.1213481712,
        "operatingIncome": 61772000,
        "operatingIncomeRatio": 0.2463008226,
        "totalOtherIncomeExpensesNet": -131656000,
        "incomeBeforeTax": -69884000,
        "incomeBeforeTaxRatio": -0.2786454491,
        "incomeTaxExpense": -242000,
        "netIncome": -69642000,
        "netIncomeRatio": -0.277680533,
        "eps": -1.38,
        "epsdiluted": -1.38,
        "weightedAverageShsOut": 50319000,
        "weightedAverageShsOutDil": 50319000,
        "link": "https://www.sec.gov/Archives/edgar/data/945764/000094576421000066/0000945764-21-000066-index.htm",
        "finalLink": "https://www.sec.gov/Archives/edgar/data/945764/000094576421000066/den-20210331.htm"
    },
    {
        "date": "2020-12-31",
        "symbol": "DEN",
        "reportedCurrency": "USD",
        "cik": "0000945764",
        "fillingDate": "2021-03-05",
        "acceptedDate": "2021-03-05 16:35:14",
        "calendarYear": "2020",
        "period": "Q4",
        "revenue": 192464000,
        "costOfRevenue": 137192000,
        "grossProfit": 55272000,
        "grossProfitRatio": 0.2871809793,
        "researchAndDevelopmentExpenses": 0,
        "generalAndAdministrativeExpenses": 17735000,
        "sellingAndMarketingExpenses": 9251000,
        "sellingGeneralAndAdministrativeExpenses": 26986000,
        "otherExpenses": 0,
        "operatingExpenses": 41497000,
        "costAndExpenses": 178689000,
        "interestIncome": 0,
        "interestExpense": 1481000,
        "depreciationAndAmortization": 45223000,
        "ebitda": -1323000,
        "ebitdaratio": -0.0068740128,
        "operatingIncome": 12470000,
        "operatingIncomeRatio": 0.0647913376,
        "totalOtherIncomeExpensesNet": -68424000,
        "incomeBeforeTax": -55954000,
        "incomeBeforeTaxRatio": -0.2907244991,
        "incomeTaxExpense": -2538000,
        "netIncome": -53416000,
        "netIncomeRatio": -0.2775376174,
        "eps": -0.12,
        "epsdiluted": -0.12,
        "weightedAverageShsOut": 440784000,
        "weightedAverageShsOutDil": 433175394,
        "link": "https://www.sec.gov/Archives/edgar/data/945764/000094576421000022/0000945764-21-000022-index.htm",
        "finalLink": "https://www.sec.gov/Archives/edgar/data/945764/000094576421000022/den-20201231.htm"
    },
    {
        "date": "2020-09-30",
        "symbol": "DEN",
        "reportedCurrency": "USD",
        "cik": "0000945764",
        "fillingDate": "2020-11-16",
        "acceptedDate": "2020-11-16 17:16:19",
        "calendarYear": "2020",
        "period": "Q3",
        "revenue": 162939000,
        "costOfRevenue": 100268000,
        "grossProfit": 62671000,
        "grossProfitRatio": 0.3846286033,
        "researchAndDevelopmentExpenses": 0,
        "generalAndAdministrativeExpenses": 42344000,
        "sellingAndMarketingExpenses": 8155000,
        "sellingGeneralAndAdministrativeExpenses": 50499000,
        "otherExpenses": -22084000,
        "operatingExpenses": 117850000,
        "costAndExpenses": 129812000,
        "interestIncome": 0,
        "interestExpense": 7704000,
        "depreciationAndAmortization": 55064000,
        "ebitda": 164976000,
        "ebitdaratio": 1.012501611,
        "operatingIncome": 11043000,
        "operatingIncomeRatio": 0.0677738295,
        "totalOtherIncomeExpensesNet": -1121200000,
        "incomeBeforeTax": -1110157000,
        "incomeBeforeTaxRatio": -6.8133289145,
        "incomeTaxExpense": -303807000,
        "netIncome": -809120000,
        "netIncomeRatio": -4.9657847415,
        "eps": -1.63,
        "epsdiluted": -1.63,
        "weightedAverageShsOut": 497398000,
        "weightedAverageShsOutDil": 497398000,
        "link": "https://www.sec.gov/Archives/edgar/data/945764/000094576420000176/0000945764-20-000176-index.htm",
        "finalLink": "https://www.sec.gov/Archives/edgar/data/945764/000094576420000176/den-20200930x10q.htm"
    },
    {
        "date": "2020-06-30",
        "symbol": "DEN",
        "reportedCurrency": "USD",
        "cik": "0000945764",
        "fillingDate": "2020-08-11",
        "acceptedDate": "2020-08-11 16:54:39",
        "calendarYear": "2020",
        "period": "Q2",
        "revenue": 117381000,
        "costOfRevenue": 139042000,
        "grossProfit": -21661000,
        "grossProfitRatio": -0.1845358278,
        "researchAndDevelopmentExpenses": 0,
        "generalAndAdministrativeExpenses": 56883000,
        "sellingAndMarketingExpenses": 9388000,
        "sellingGeneralAndAdministrativeExpenses": 66271000,
        "otherExpenses": -11290000,
        "operatingExpenses": 81293000,
        "costAndExpenses": 182084000,
        "interestIncome": 0,
        "interestExpense": 20617000,
        "depreciationAndAmortization": 55414000,
        "ebitda": -743766000,
        "ebitdaratio": -6.3363406343,
        "operatingIncome": -75993000,
        "operatingIncomeRatio": -0.6474046055,
        "totalOtherIncomeExpensesNet": -723187000,
        "incomeBeforeTax": -799180000,
        "incomeBeforeTaxRatio": -6.8084272582,
        "incomeTaxExpense": -101706000,
        "netIncome": -697474000,
        "netIncomeRatio": -5.9419667578,
        "eps": -1.41,
        "epsdiluted": -1.41,
        "weightedAverageShsOut": 494662411,
        "weightedAverageShsOutDil": 495245000,
        "link": "https://www.sec.gov/Archives/edgar/data/945764/000094576420000082/0000945764-20-000082-index.htm",
        "finalLink": "https://www.sec.gov/Archives/edgar/data/945764/000094576420000082/dnr-20200630x10q.htm"
    },
    {
        "date": "2020-03-31",
        "symbol": "DEN",
        "reportedCurrency": "USD",
        "cik": "0000945764",
        "fillingDate": "2020-05-18",
        "acceptedDate": "2020-05-18 08:01:39",
        "calendarYear": "2020",
        "period": "Q1",
        "revenue": 241373000,
        "costOfRevenue": 210545000,
        "grossProfit": 30828000,
        "grossProfitRatio": 0.1277193389,
        "researchAndDevelopmentExpenses": 0,
        "generalAndAdministrativeExpenses": 43640000,
        "sellingAndMarketingExpenses": 9621000,
        "sellingGeneralAndAdministrativeExpenses": 10373000,
        "otherExpenses": 26356000,
        "operatingExpenses": 36729000,
        "costAndExpenses": 248757000,
        "interestIncome": 0,
        "interestExpense": 19946000,
        "depreciationAndAmortization": 96862000,
        "ebitda": 86984000,
        "ebitdaratio": 0.3603717069,
        "operatingIncome": -9878000,
        "operatingIncomeRatio": -0.0409242127,
        "totalOtherIncomeExpensesNet": 73278000,
        "incomeBeforeTax": 63400000,
        "incomeBeforeTaxRatio": 0.2626640096,
        "incomeTaxExpense": -10616000,
        "netIncome": 74016000,
        "netIncomeRatio": 0.3066457309,
        "eps": 0.15,
        "epsdiluted": 0.14,
        "weightedAverageShsOut": 494259000,
        "weightedAverageShsOutDil": 586190000,
        "link": "https://www.sec.gov/Archives/edgar/data/945764/000094576420000042/0000945764-20-000042-index.htm",
        "finalLink": "https://www.sec.gov/Archives/edgar/data/945764/000094576420000042/dnr-20200331x10q.htm"
    },
    {
        "date": "2019-12-31",
        "symbol": "DEN",
        "reportedCurrency": "USD",
        "cik": "0000945764",
        "fillingDate": "2020-02-27",
        "acceptedDate": "2020-02-26 21:59:44",
        "calendarYear": "2019",
        "period": "Q4",
        "revenue": 308364000,
        "costOfRevenue": 186023000,
        "grossProfit": 122341000,
        "grossProfitRatio": 0.3967421619,
        "researchAndDevelopmentExpenses": 0,
        "generalAndAdministrativeExpenses": 28332000,
        "sellingAndMarketingExpenses": 8462000,
        "sellingGeneralAndAdministrativeExpenses": 38066000,
        "otherExpenses": 0,
        "operatingExpenses": 60506000,
        "costAndExpenses": 246529000,
        "interestIncome": 0,
        "interestExpense": 20960000,
        "depreciationAndAmortization": 63191000,
        "ebitda": 124752000,
        "ebitdaratio": 0.4045608437,
        "operatingIncome": 61561000,
        "operatingIncomeRatio": 0.1996374415,
        "totalOtherIncomeExpensesNet": -25798000,
        "incomeBeforeTax": 35763000,
        "incomeBeforeTaxRatio": 0.1159765731,
        "incomeTaxExpense": 12684000,
        "netIncome": 23079000,
        "netIncomeRatio": 0.0748433669,
        "eps": 0.05,
        "epsdiluted": 0.05,
        "weightedAverageShsOut": 459524000,
        "weightedAverageShsOutDil": 510341000,
        "link": "https://www.sec.gov/Archives/edgar/data/945764/000094576420000009/0000945764-20-000009-index.htm",
        "finalLink": "https://www.sec.gov/Archives/edgar/data/945764/000094576420000009/dnr-20191231x10k.htm"
    },
    {
        "date": "2019-09-30",
        "symbol": "DEN",
        "reportedCurrency": "USD",
        "cik": "0000945764",
        "fillingDate": "2019-11-08",
        "acceptedDate": "2019-11-07 21:04:09",
        "calendarYear": "2019",
        "period": "Q3",
        "revenue": 307636000,
        "costOfRevenue": 179229000,
        "grossProfit": 128407000,
        "grossProfitRatio": 0.417399134,
        "researchAndDevelopmentExpenses": 0,
        "generalAndAdministrativeExpenses": 18043000,
        "sellingAndMarketingExpenses": 10067000,
        "sellingGeneralAndAdministrativeExpenses": 28333000,
        "otherExpenses": 106904000,
        "operatingExpenses": 50343000,
        "costAndExpenses": 229572000,
        "interestIncome": 0,
        "interestExpense": 22858000,
        "depreciationAndAmortization": 55064000,
        "ebitda": 164976000,
        "ebitdaratio": 0.5362701374,
        "operatingIncome": 83741000,
        "operatingIncomeRatio": 0.2722080641,
        "totalOtherIncomeExpensesNet": 26171000,
        "incomeBeforeTax": 109912000,
        "incomeBeforeTaxRatio": 0.3572793821,
        "incomeTaxExpense": 37050000,
        "netIncome": 72862000,
        "netIncomeRatio": 0.2368448426,
        "eps": 0.16,
        "epsdiluted": 0.14,
        "weightedAverageShsOut": 455487000,
        "weightedAverageShsOutDil": 547205000,
        "link": "https://www.sec.gov/Archives/edgar/data/945764/000094576419000150/0000945764-19-000150-index.htm",
        "finalLink": "https://www.sec.gov/Archives/edgar/data/945764/000094576419000150/dnr-20190930x10q.htm"
    },
    {
        "date": "2019-06-30",
        "symbol": "DEN",
        "reportedCurrency": "USD",
        "cik": "0000945764",
        "fillingDate": "2019-08-09",
        "acceptedDate": "2019-08-09 15:26:02",
        "calendarYear": "2019",
        "period": "Q2",
        "revenue": 340998000,
        "costOfRevenue": 179341000,
        "grossProfit": 161657000,
        "grossProfitRatio": 0.4740702292,
        "researchAndDevelopmentExpenses": 0,
        "generalAndAdministrativeExpenses": 17506000,
        "sellingAndMarketingExpenses": 11236000,
        "sellingGeneralAndAdministrativeExpenses": 28742000,
        "otherExpenses": 106115000,
        "operatingExpenses": 54259000,
        "costAndExpenses": 233600000,
        "interestIncome": 0,
        "interestExpense": 20416000,
        "depreciationAndAmortization": 58264000,
        "ebitda": 270333000,
        "ebitdaratio": 0.7927700456,
        "operatingIncome": 134525000,
        "operatingIncomeRatio": 0.3945037801,
        "totalOtherIncomeExpensesNet": 77544000,
        "incomeBeforeTax": 212069000,
        "incomeBeforeTaxRatio": 0.6219068734,
        "incomeTaxExpense": 65377000,
        "netIncome": 146692000,
        "netIncomeRatio": 0.4301843413,
        "eps": 0.32,
        "epsdiluted": 0.32,
        "weightedAverageShsOut": 452612000,
        "weightedAverageShsOutDil": 467427000,
        "link": "https://www.sec.gov/Archives/edgar/data/945764/000094576419000134/0000945764-19-000134-index.htm",
        "finalLink": "https://www.sec.gov/Archives/edgar/data/945764/000094576419000134/dnr-20190630x10q.htm"
    },
    {
        "date": "2019-03-31",
        "symbol": "DEN",
        "reportedCurrency": "USD",
        "cik": "0000945764",
        "fillingDate": "2019-05-09",
        "acceptedDate": "2019-05-09 16:54:32",
        "calendarYear": "2019",
        "period": "Q1",
        "revenue": 303147000,
        "costOfRevenue": 183276000,
        "grossProfit": 119871000,
        "grossProfitRatio": 0.395422023,
        "researchAndDevelopmentExpenses": 0,
        "generalAndAdministrativeExpenses": 18925000,
        "sellingAndMarketingExpenses": 12045000,
        "sellingGeneralAndAdministrativeExpenses": 30970000,
        "otherExpenses": 112822000,
        "operatingExpenses": 54755000,
        "costAndExpenses": 238031000,
        "interestIncome": 0,
        "interestExpense": 17398000,
        "depreciationAndAmortization": 57297000,
        "ebitda": 121639000,
        "ebitdaratio": 0.401254177,
        "operatingIncome": 64342000,
        "operatingIncomeRatio": 0.2122468637,
        "totalOtherIncomeExpensesNet": -100775000,
        "incomeBeforeTax": -36433000,
        "incomeBeforeTaxRatio": -0.1201826177,
        "incomeTaxExpense": -10759000,
        "netIncome": -25674000,
        "netIncomeRatio": -0.0846915853,
        "eps": -0.0568,
        "epsdiluted": -0.06,
        "weightedAverageShsOut": 451720000,
        "weightedAverageShsOutDil": 451720000,
        "link": "https://www.sec.gov/Archives/edgar/data/945764/000094576419000060/0000945764-19-000060-index.htm",
        "finalLink": "https://www.sec.gov/Archives/edgar/data/945764/000094576419000060/dnr-20190331x10q.htm"
    },
    {
        "date": "2018-12-31",
        "symbol": "DEN",
        "reportedCurrency": "USD",
        "cik": "0000945764",
        "fillingDate": "2019-03-01",
        "acceptedDate": "2019-03-01 07:44:03",
        "calendarYear": "2018",
        "period": "Q4",
        "revenue": 336104000,
        "costOfRevenue": 189337000,
        "grossProfit": 146767000,
        "grossProfitRatio": 0.4366713874,
        "researchAndDevelopmentExpenses": 0,
        "generalAndAdministrativeExpenses": 10272000,
        "sellingAndMarketingExpenses": 13602000,
        "sellingGeneralAndAdministrativeExpenses": 23874000,
        "otherExpenses": 0,
        "operatingExpenses": 44124000,
        "costAndExpenses": 235984000,
        "interestIncome": 0,
        "interestExpense": 17714000,
        "depreciationAndAmortization": 59738000,
        "ebitda": 230409000,
        "ebitdaratio": 0.6855288839,
        "operatingIncome": 314140000,
        "operatingIncomeRatio": 0.9346511794,
        "totalOtherIncomeExpensesNet": -91495000,
        "incomeBeforeTax": 222645000,
        "incomeBeforeTaxRatio": 0.6624288911,
        "incomeTaxExpense": 48166000,
        "netIncome": 174479000,
        "netIncomeRatio": 0.5191220575,
        "eps": 0.39,
        "epsdiluted": 0.38,
        "weightedAverageShsOut": 451824000,
        "weightedAverageShsOutDil": 456874000,
        "link": "https://www.sec.gov/Archives/edgar/data/945764/000094576419000021/0000945764-19-000021-index.htm",
        "finalLink": "https://www.sec.gov/Archives/edgar/data/945764/000094576419000021/dnr-20181231x10k.htm"
    },
    {
        "date": "2018-09-30",
        "symbol": "DEN",
        "reportedCurrency": "USD",
        "cik": "0000945764",
        "fillingDate": "2018-11-09",
        "acceptedDate": "2018-11-09 12:00:27",
        "calendarYear": "2018",
        "period": "Q3",
        "revenue": 387777000,
        "costOfRevenue": 174551000,
        "grossProfit": 213226000,
        "grossProfitRatio": 0.5498675785,
        "researchAndDevelopmentExpenses": 0,
        "generalAndAdministrativeExpenses": 62362000,
        "sellingAndMarketingExpenses": 12427000,
        "sellingGeneralAndAdministrativeExpenses": 74789000,
        "otherExpenses": 0,
        "operatingExpenses": 54154000,
        "costAndExpenses": 228705000,
        "interestIncome": 0,
        "interestExpense": 18527000,
        "depreciationAndAmortization": 51316000,
        "ebitda": 166858000,
        "ebitdaratio": 0.4302936997,
        "operatingIncome": 115542000,
        "operatingIncomeRatio": 0.2979599099,
        "totalOtherIncomeExpensesNet": -21507000,
        "incomeBeforeTax": 94035000,
        "incomeBeforeTaxRatio": 0.2424976211,
        "incomeTaxExpense": 15616000,
        "netIncome": 78419000,
        "netIncomeRatio": 0.2022270532,
        "eps": 0.17,
        "epsdiluted": 0.17,
        "weightedAverageShsOut": 451256000,
        "weightedAverageShsOutDil": 458450000,
        "link": "https://www.sec.gov/Archives/edgar/data/945764/000094576418000173/0000945764-18-000173-index.htm",
        "finalLink": "https://www.sec.gov/Archives/edgar/data/945764/000094576418000173/dnr-20180930x10q.htm"
    },
    {
        "date": "2018-06-30",
        "symbol": "DEN",
        "reportedCurrency": "USD",
        "cik": "0000945764",
        "fillingDate": "2018-08-09",
        "acceptedDate": "2018-08-08 19:18:44",
        "calendarYear": "2018",
        "period": "Q2",
        "revenue": 382280000,
        "costOfRevenue": 173828000,
        "grossProfit": 208452000,
        "grossProfitRatio": 0.5452861777,
        "researchAndDevelopmentExpenses": 0,
        "generalAndAdministrativeExpenses": 19412000,
        "sellingAndMarketingExpenses": 11549000,
        "sellingGeneralAndAdministrativeExpenses": 12049000,
        "otherExpenses": 108335000,
        "operatingExpenses": 58195000,
        "costAndExpenses": 232023000,
        "interestIncome": 0,
        "interestExpense": 16208000,
        "depreciationAndAmortization": 52944000,
        "ebitda": 112983000,
        "ebitdaratio": 0.2955503819,
        "operatingIncome": 60039000,
        "operatingIncomeRatio": 0.1570550382,
        "totalOtherIncomeExpensesNet": -20386000,
        "incomeBeforeTax": 39653000,
        "incomeBeforeTaxRatio": 0.1037276342,
        "incomeTaxExpense": 9431000,
        "netIncome": 30222000,
        "netIncomeRatio": 0.0790572355,
        "eps": 0.07,
        "epsdiluted": 0.07,
        "weightedAverageShsOut": 433467000,
        "weightedAverageShsOutDil": 457165000,
        "link": "https://www.sec.gov/Archives/edgar/data/945764/000094576418000135/0000945764-18-000135-index.htm",
        "finalLink": "https://www.sec.gov/Archives/edgar/data/945764/000094576418000135/dnr-20180630x10q.htm"
    },
    {
        "date": "2018-03-31",
        "symbol": "DEN",
        "reportedCurrency": "USD",
        "cik": "0000945764",
        "fillingDate": "2018-05-10",
        "acceptedDate": "2018-05-10 16:18:27",
        "calendarYear": "2018",
        "period": "Q1",
        "revenue": 347573000,
        "costOfRevenue": 171269000,
        "grossProfit": 176304000,
        "grossProfitRatio": 0.5072430827,
        "researchAndDevelopmentExpenses": 0,
        "generalAndAdministrativeExpenses": 20232000,
        "sellingAndMarketingExpenses": 12424000,
        "sellingGeneralAndAdministrativeExpenses": 12886000,
        "otherExpenses": 105470000,
        "operatingExpenses": 59975000,
        "costAndExpenses": 231244000,
        "interestIncome": 5661000,
        "interestExpense": 17239000,
        "depreciationAndAmortization": 52451000,
        "ebitda": 125616000,
        "ebitdaratio": 0.3614089702,
        "operatingIncome": 73165000,
        "operatingIncomeRatio": 0.2105025419,
        "totalOtherIncomeExpensesNet": -19567000,
        "incomeBeforeTax": 53598000,
        "incomeBeforeTaxRatio": 0.1542064545,
        "incomeTaxExpense": 14020000,
        "netIncome": 39578000,
        "netIncomeRatio": 0.1138696044,
        "eps": 0.1,
        "epsdiluted": 0.09,
        "weightedAverageShsOut": 392742000,
        "weightedAverageShsOutDil": 451543000,
        "link": "https://www.sec.gov/Archives/edgar/data/945764/000094576418000066/0000945764-18-000066-index.htm",
        "finalLink": "https://www.sec.gov/Archives/edgar/data/945764/000094576418000066/dnr-20180331x10q.htm"
    },
    {
        "date": "2017-12-31",
        "symbol": "DEN",
        "reportedCurrency": "USD",
        "cik": "0000945764",
        "fillingDate": "2018-02-28",
        "acceptedDate": "2018-02-28 16:18:52",
        "calendarYear": "2017",
        "period": "Q4",
        "revenue": 321227000,
        "costOfRevenue": 158785000,
        "grossProfit": 162442000,
        "grossProfitRatio": 0.5056922363,
        "researchAndDevelopmentExpenses": 0,
        "generalAndAdministrativeExpenses": 13703000,
        "sellingAndMarketingExpenses": 12062000,
        "sellingGeneralAndAdministrativeExpenses": 32565000,
        "otherExpenses": 0,
        "operatingExpenses": 56924000,
        "costAndExpenses": 215709000,
        "interestIncome": 5362000,
        "interestExpense": 23478000,
        "depreciationAndAmortization": 53265000,
        "ebitda": 86057000,
        "ebitdaratio": 0.2679008925,
        "operatingIncome": 30392000,
        "operatingIncomeRatio": 0.0946122213,
        "totalOtherIncomeExpensesNet": -37281000,
        "incomeBeforeTax": -6889000,
        "incomeBeforeTaxRatio": -0.0214458934,
        "incomeTaxExpense": -133670000,
        "netIncome": 126781000,
        "netIncomeRatio": 0.3946772843,
        "eps": 0.32,
        "epsdiluted": 0.31,
        "weightedAverageShsOut": 392368000,
        "weightedAverageShsOutDil": 405809000,
        "link": "https://www.sec.gov/Archives/edgar/data/945764/000094576418000019/0000945764-18-000019-index.htm",
        "finalLink": "https://www.sec.gov/Archives/edgar/data/945764/000094576418000019/dnr-20171231x10k.htm"
    },
    {
        "date": "2017-09-30",
        "symbol": "DEN",
        "reportedCurrency": "USD",
        "cik": "0000945764",
        "fillingDate": "2017-11-07",
        "acceptedDate": "2017-11-07 16:49:25",
        "calendarYear": "2017",
        "period": "Q3",
        "revenue": 265620000,
        "costOfRevenue": 171215000,
        "grossProfit": 94405000,
        "grossProfitRatio": 0.355413749,
        "researchAndDevelopmentExpenses": 0,
        "generalAndAdministrativeExpenses": 68356000,
        "sellingAndMarketingExpenses": 11816000,
        "sellingGeneralAndAdministrativeExpenses": 80172000,
        "otherExpenses": 104606000,
        "operatingExpenses": 59322000,
        "costAndExpenses": 230537000,
        "interestIncome": 939000,
        "interestExpense": 24546000,
        "depreciationAndAmortization": 52101000,
        "ebitda": 62860000,
        "ebitdaratio": 0.2366538664,
        "operatingIncome": 10759000,
        "operatingIncomeRatio": 0.040505233,
        "totalOtherIncomeExpensesNet": -24546000,
        "incomeBeforeTax": -13787000,
        "incomeBeforeTaxRatio": -0.051904977,
        "incomeTaxExpense": -14229000,
        "netIncome": 442000,
        "netIncomeRatio": 0.0016640313,
        "eps": 0.0011,
        "epsdiluted": 0.0011,
        "weightedAverageShsOut": 392013000,
        "weightedAverageShsOutDil": 393023000,
        "link": "https://www.sec.gov/Archives/edgar/data/945764/000094576417000089/0000945764-17-000089-index.htm",
        "finalLink": "https://www.sec.gov/Archives/edgar/data/945764/000094576417000089/dnr-20170930x10q.htm"
    },
    {
        "date": "2017-06-30",
        "symbol": "DEN",
        "reportedCurrency": "USD",
        "cik": "0000945764",
        "fillingDate": "2017-08-08",
        "acceptedDate": "2017-08-08 17:17:05",
        "calendarYear": "2017",
        "period": "Q2",
        "revenue": 257435000,
        "costOfRevenue": 162983000,
        "grossProfit": 94452000,
        "grossProfitRatio": 0.3668964981,
        "researchAndDevelopmentExpenses": 0,
        "generalAndAdministrativeExpenses": 69346000,
        "sellingAndMarketingExpenses": 13877000,
        "sellingGeneralAndAdministrativeExpenses": 83223000,
        "otherExpenses": 96928000,
        "operatingExpenses": 59841000,
        "costAndExpenses": 222824000,
        "interestIncome": 3749000,
        "interestExpense": 24061000,
        "depreciationAndAmortization": 51152000,
        "ebitda": 89512000,
        "ebitdaratio": 0.3477071882,
        "operatingIncome": 38360000,
        "operatingIncomeRatio": 0.1490084876,
        "totalOtherIncomeExpensesNet": -13688000,
        "incomeBeforeTax": 24672000,
        "incomeBeforeTaxRatio": 0.0958377843,
        "incomeTaxExpense": 10273000,
        "netIncome": 14399000,
        "netIncomeRatio": 0.0559325655,
        "eps": 0.04,
        "epsdiluted": 0.04,
        "weightedAverageShsOut": 389904000,
        "weightedAverageShsOutDil": 391827000,
        "link": "https://www.sec.gov/Archives/edgar/data/945764/000094576417000065/0000945764-17-000065-index.htm",
        "finalLink": "https://www.sec.gov/Archives/edgar/data/945764/000094576417000065/dnr-20170630x10q.htm"
    },
    {
        "date": "2017-03-31",
        "symbol": "DEN",
        "reportedCurrency": "USD",
        "cik": "0000945764",
        "fillingDate": "2017-05-05",
        "acceptedDate": "2017-05-05 11:41:15",
        "calendarYear": "2017",
        "period": "Q1",
        "revenue": 271566000,
        "costOfRevenue": 165628000,
        "grossProfit": 105938000,
        "grossProfitRatio": 0.3901003808,
        "researchAndDevelopmentExpenses": 0,
        "generalAndAdministrativeExpenses": 28241000,
        "sellingAndMarketingExpenses": 14065000,
        "sellingGeneralAndAdministrativeExpenses": 14658000,
        "otherExpenses": 99182000,
        "operatingExpenses": 113840000,
        "costAndExpenses": 230374000,
        "interestIncome": 3888000,
        "interestExpense": 27178000,
        "depreciationAndAmortization": 51195000,
        "ebitda": 45080000,
        "ebitdaratio": 0.166000162,
        "operatingIncome": -6115000,
        "operatingIncomeRatio": -0.0225175464,
        "totalOtherIncomeExpensesNet": 48619000,
        "incomeBeforeTax": 42504000,
        "incomeBeforeTaxRatio": 0.1565144385,
        "incomeTaxExpense": 20974000,
        "netIncome": 21530000,
        "netIncomeRatio": 0.0792809115,
        "eps": 0.06,
        "epsdiluted": 0.05,
        "weightedAverageShsOut": 389397000,
        "weightedAverageShsOutDil": 392997000,
        "link": "https://www.sec.gov/Archives/edgar/data/945764/000094576417000026/0000945764-17-000026-index.htm",
        "finalLink": "https://www.sec.gov/Archives/edgar/data/945764/000094576417000026/dnr-20170331x10q.htm"
    },
    {
        "date": "2016-12-31",
        "symbol": "DEN",
        "reportedCurrency": "USD",
        "cik": "0000945764",
        "fillingDate": "2017-03-01",
        "acceptedDate": "2017-03-01 13:53:04",
        "calendarYear": "2016",
        "period": "Q4",
        "revenue": 267019000,
        "costOfRevenue": 753908000,
        "grossProfit": -486889000,
        "grossProfitRatio": -1.8234245503,
        "researchAndDevelopmentExpenses": 0,
        "generalAndAdministrativeExpenses": 28837000,
        "sellingAndMarketingExpenses": 16809000,
        "sellingGeneralAndAdministrativeExpenses": 45646000,
        "otherExpenses": 0,
        "operatingExpenses": 63541000,
        "costAndExpenses": 817449000,
        "interestIncome": 4600000,
        "interestExpense": 22138000,
        "depreciationAndAmortization": 647124000,
        "ebitda": 70861000,
        "ebitdaratio": 0.2653781192,
        "operatingIncome": -251633000,
        "operatingIncomeRatio": -0.9423786322,
        "totalOtherIncomeExpensesNet": -345638000,
        "incomeBeforeTax": -597271000,
        "incomeBeforeTaxRatio": -2.2368108636,
        "incomeTaxExpense": -211545000,
        "netIncome": -385726000,
        "netIncomeRatio": -1.44456387,
        "eps": -0.99,
        "epsdiluted": -0.99,
        "weightedAverageShsOut": 388847000,
        "weightedAverageShsOutDil": 388847000,
        "link": "https://www.sec.gov/Archives/edgar/data/945764/000094576417000013/0000945764-17-000013-index.htm",
        "finalLink": "https://www.sec.gov/Archives/edgar/data/945764/000094576417000013/dnr-20161231x10k.htm"
    },
    {
        "date": "2016-09-30",
        "symbol": "DEN",
        "reportedCurrency": "USD",
        "cik": "0000945764",
        "fillingDate": "2016-11-07",
        "acceptedDate": "2016-11-07 17:30:38",
        "calendarYear": "2016",
        "period": "Q3",
        "revenue": 246183000,
        "costOfRevenue": 162395000,
        "grossProfit": 83788000,
        "grossProfitRatio": 0.34034844,
        "researchAndDevelopmentExpenses": 0,
        "generalAndAdministrativeExpenses": 24643000,
        "sellingAndMarketingExpenses": 14452000,
        "sellingGeneralAndAdministrativeExpenses": 39095000,
        "otherExpenses": 15688000,
        "operatingExpenses": 59496000,
        "costAndExpenses": 221891000,
        "interestIncome": 7802000,
        "interestExpense": 24778000,
        "depreciationAndAmortization": 55012000,
        "ebitda": 15857000,
        "ebitdaratio": 0.0644114338,
        "operatingIncome": 45516000,
        "operatingIncomeRatio": 0.1848868525,
        "totalOtherIncomeExpensesNet": -84671000,
        "incomeBeforeTax": -39155000,
        "incomeBeforeTaxRatio": -0.1590483502,
        "incomeTaxExpense": -14565000,
        "netIncome": -24590000,
        "netIncomeRatio": -0.0998850449,
        "eps": -0.0633,
        "epsdiluted": -0.0633,
        "weightedAverageShsOut": 388572000,
        "weightedAverageShsOutDil": 388572000,
        "link": "https://www.sec.gov/Archives/edgar/data/945764/000094576416000136/0000945764-16-000136-index.htm",
        "finalLink": "https://www.sec.gov/Archives/edgar/data/945764/000094576416000136/dnr-20160930x10q.htm"
    },
    {
        "date": "2016-06-30",
        "symbol": "DEN",
        "reportedCurrency": "USD",
        "cik": "0000945764",
        "fillingDate": "2016-08-05",
        "acceptedDate": "2016-08-05 16:13:52",
        "calendarYear": "2016",
        "period": "Q2",
        "revenue": 253290000,
        "costOfRevenue": 167631000,
        "grossProfit": 85659000,
        "grossProfitRatio": 0.3381854791,
        "researchAndDevelopmentExpenses": 0,
        "generalAndAdministrativeExpenses": 22545000,
        "sellingAndMarketingExpenses": 12999000,
        "sellingGeneralAndAdministrativeExpenses": 35544000,
        "otherExpenses": 85949000,
        "operatingExpenses": 100019000,
        "costAndExpenses": 222679000,
        "interestIncome": 1858000,
        "interestExpense": 36058000,
        "depreciationAndAmortization": 66541000,
        "ebitda": -537067000,
        "ebitdaratio": -2.1203640096,
        "operatingIncome": -67598000,
        "operatingIncomeRatio": -0.266879861,
        "totalOtherIncomeExpensesNet": -536010000,
        "incomeBeforeTax": -603608000,
        "incomeBeforeTaxRatio": -2.3830707884,
        "incomeTaxExpense": -222940000,
        "netIncome": -380668000,
        "netIncomeRatio": -1.5028939161,
        "eps": -1.03,
        "epsdiluted": -1.03,
        "weightedAverageShsOut": 369580582,
        "weightedAverageShsOutDil": 370566000,
        "link": "https://www.sec.gov/Archives/edgar/data/945764/000094576416000128/0000945764-16-000128-index.htm",
        "finalLink": "https://www.sec.gov/Archives/edgar/data/945764/000094576416000128/dnr-20160630x10q.htm"
    },
    {
        "date": "2016-03-31",
        "symbol": "DEN",
        "reportedCurrency": "USD",
        "cik": "0000945764",
        "fillingDate": "2016-05-06",
        "acceptedDate": "2016-05-06 15:08:39",
        "calendarYear": "2016",
        "period": "Q1",
        "revenue": 194075000,
        "costOfRevenue": 180420000,
        "grossProfit": 13655000,
        "grossProfitRatio": 0.0703593971,
        "researchAndDevelopmentExpenses": 0,
        "generalAndAdministrativeExpenses": 33901000,
        "sellingAndMarketingExpenses": 13194000,
        "sellingGeneralAndAdministrativeExpenses": 47095000,
        "otherExpenses": 0,
        "operatingExpenses": 102447000,
        "costAndExpenses": 358447000,
        "interestIncome": 769000,
        "interestExpense": 42171000,
        "depreciationAndAmortization": 77366000,
        "ebitda": -202947000,
        "ebitdaratio": -1.0457142857,
        "operatingIncome": -67058000,
        "operatingIncomeRatio": -0.3455262141,
        "totalOtherIncomeExpensesNet": -213255000,
        "incomeBeforeTax": -280313000,
        "incomeBeforeTaxRatio": -1.4443539869,
        "incomeTaxExpense": -95120000,
        "netIncome": -185193000,
        "netIncomeRatio": -0.9542341878,
        "eps": -0.53,
        "epsdiluted": -0.53,
        "weightedAverageShsOut": 347235000,
        "weightedAverageShsOutDil": 347235000,
        "link": "https://www.sec.gov/Archives/edgar/data/945764/000094576416000107/0000945764-16-000107-index.htm",
        "finalLink": "https://www.sec.gov/Archives/edgar/data/945764/000094576416000107/dnr-20160331x10q.htm"
    },
    {
        "date": "2015-12-31",
        "symbol": "DEN",
        "reportedCurrency": "USD",
        "cik": "0000945764",
        "fillingDate": "2016-02-26",
        "acceptedDate": "2016-02-26 12:52:05",
        "calendarYear": "2015",
        "period": "Q4",
        "revenue": 265635000,
        "costOfRevenue": 241891000,
        "grossProfit": 23744000,
        "grossProfitRatio": 0.0893858114,
        "researchAndDevelopmentExpenses": 0,
        "generalAndAdministrativeExpenses": 27430000,
        "sellingAndMarketingExpenses": 15388000,
        "sellingGeneralAndAdministrativeExpenses": 42818000,
        "otherExpenses": 0,
        "operatingExpenses": 66969000,
        "costAndExpenses": 308860000,
        "interestIncome": 3982000,
        "interestExpense": 40081000,
        "depreciationAndAmortization": 112356000,
        "ebitda": -1400933000,
        "ebitdaratio": -5.273902159,
        "operatingIncome": -161198000,
        "operatingIncomeRatio": -0.6068402131,
        "totalOtherIncomeExpensesNet": -1232904000,
        "incomeBeforeTax": -1394102000,
        "incomeBeforeTaxRatio": -5.2481864212,
        "incomeTaxExpense": -509025000,
        "netIncome": -885077000,
        "netIncomeRatio": -3.3319291509,
        "eps": -2.56,
        "epsdiluted": -2.56,
        "weightedAverageShsOut": 345847000,
        "weightedAverageShsOutDil": 345847000,
        "link": "https://www.sec.gov/Archives/edgar/data/945764/000094576416000092/0000945764-16-000092-index.htm",
        "finalLink": "https://www.sec.gov/Archives/edgar/data/945764/000094576416000092/dnr-20151231x10k.htm"
    },
    {
        "date": "2015-09-30",
        "symbol": "DEN",
        "reportedCurrency": "USD",
        "cik": "0000945764",
        "fillingDate": "2015-11-06",
        "acceptedDate": "2015-11-06 16:56:27",
        "calendarYear": "2015",
        "period": "Q3",
        "revenue": 299532000,
        "costOfRevenue": 236325000,
        "grossProfit": 63207000,
        "grossProfitRatio": 0.2110191899,
        "researchAndDevelopmentExpenses": 0,
        "generalAndAdministrativeExpenses": 32907000,
        "sellingAndMarketingExpenses": 14458000,
        "sellingGeneralAndAdministrativeExpenses": 47365000,
        "otherExpenses": 0,
        "operatingExpenses": 113902000,
        "costAndExpenses": 309297000,
        "interestIncome": 4068000,
        "interestExpense": 39225000,
        "depreciationAndAmortization": 121406000,
        "ebitda": -2853600000,
        "ebitdaratio": -9.5268619046,
        "operatingIncome": -127103000,
        "operatingIncomeRatio": -0.4243386349,
        "totalOtherIncomeExpensesNet": -2847903000,
        "incomeBeforeTax": -2975006000,
        "incomeBeforeTaxRatio": -9.9321808688,
        "incomeTaxExpense": -730880000,
        "netIncome": -2244126000,
        "netIncomeRatio": -7.492107688,
        "eps": -6.41,
        "epsdiluted": -6.41,
        "weightedAverageShsOut": 350052000,
        "weightedAverageShsOutDil": 350052000,
        "link": "https://www.sec.gov/Archives/edgar/data/945764/000094576415000067/0000945764-15-000067-index.htm",
        "finalLink": "https://www.sec.gov/Archives/edgar/data/945764/000094576415000067/dnr-20150930x10q.htm"
    },
    {
        "date": "2015-06-30",
        "symbol": "DEN",
        "reportedCurrency": "USD",
        "cik": "0000945764",
        "fillingDate": "2015-08-06",
        "acceptedDate": "2015-08-06 17:19:17",
        "calendarYear": "2015",
        "period": "Q2",
        "revenue": 374043000,
        "costOfRevenue": 281055000,
        "grossProfit": 92988000,
        "grossProfitRatio": 0.2486024334,
        "researchAndDevelopmentExpenses": 0,
        "generalAndAdministrativeExpenses": 37947000,
        "sellingAndMarketingExpenses": 14215000,
        "sellingGeneralAndAdministrativeExpenses": 52162000,
        "otherExpenses": 0,
        "operatingExpenses": 132170000,
        "costAndExpenses": 366772000,
        "interestIncome": 2651000,
        "interestExpense": 39863000,
        "depreciationAndAmortization": 147940000,
        "ebitda": -1636727000,
        "ebitdaratio": -4.3757723043,
        "operatingIncome": -138018000,
        "operatingIncomeRatio": -0.3689896616,
        "totalOtherIncomeExpensesNet": -1646649000,
        "incomeBeforeTax": -1784667000,
        "incomeBeforeTaxRatio": -4.7712883278,
        "incomeTaxExpense": -636168000,
        "netIncome": -1148499000,
        "netIncomeRatio": -3.0704999158,
        "eps": -3.28,
        "epsdiluted": -3.28,
        "weightedAverageShsOut": 350039000,
        "weightedAverageShsOutDil": 350039000,
        "link": "https://www.sec.gov/Archives/edgar/data/945764/000094576415000046/0000945764-15-000046-index.htm",
        "finalLink": "https://www.sec.gov/Archives/edgar/data/945764/000094576415000046/dnr-20150630x10q.htm"
    },
    {
        "date": "2015-03-31",
        "symbol": "DEN",
        "reportedCurrency": "USD",
        "cik": "0000945764",
        "fillingDate": "2015-05-06",
        "acceptedDate": "2015-05-06 17:21:23",
        "calendarYear": "2015",
        "period": "Q1",
        "revenue": 304442000,
        "costOfRevenue": 291989000,
        "grossProfit": 12453000,
        "grossProfitRatio": 0.040904343,
        "researchAndDevelopmentExpenses": 0,
        "generalAndAdministrativeExpenses": 106339000,
        "sellingAndMarketingExpenses": 11685000,
        "sellingGeneralAndAdministrativeExpenses": 118024000,
        "otherExpenses": 128452000,
        "operatingExpenses": 84644000,
        "costAndExpenses": 287284000,
        "interestIncome": 3207000,
        "interestExpense": 40099000,
        "depreciationAndAmortization": 149958000,
        "ebitda": -22249000,
        "ebitdaratio": -0.0730812437,
        "operatingIncome": -68984000,
        "operatingIncomeRatio": -0.2265916004,
        "totalOtherIncomeExpensesNet": -103223000,
        "incomeBeforeTax": -172207000,
        "incomeBeforeTaxRatio": -0.5656479724,
        "incomeTaxExpense": -64461000,
        "netIncome": -107746000,
        "netIncomeRatio": -0.3539130606,
        "eps": -0.31,
        "epsdiluted": -0.31,
        "weightedAverageShsOut": 347567741,
        "weightedAverageShsOutDil": 350688000,
        "link": "https://www.sec.gov/Archives/edgar/data/945764/000094576415000035/0000945764-15-000035-index.htm",
        "finalLink": "https://www.sec.gov/Archives/edgar/data/945764/000094576415000035/dnr-20150331x10q.htm"
    },
    {
        "date": "2014-12-31",
        "symbol": "DEN",
        "reportedCurrency": "USD",
        "cik": "0000945764",
        "fillingDate": "2015-02-27",
        "acceptedDate": "2015-02-27 13:55:30",
        "calendarYear": "2014",
        "period": "Q4",
        "revenue": 480275000,
        "costOfRevenue": 318843000,
        "grossProfit": 161432000,
        "grossProfitRatio": 0.3361240956,
        "researchAndDevelopmentExpenses": 0,
        "generalAndAdministrativeExpenses": 35332000,
        "sellingAndMarketingExpenses": 14116000,
        "sellingGeneralAndAdministrativeExpenses": 49448000,
        "otherExpenses": 0,
        "operatingExpenses": 82388000,
        "costAndExpenses": 542065000,
        "interestIncome": 3409000,
        "interestExpense": 42867000,
        "depreciationAndAmortization": 157118000,
        "ebitda": 598182000,
        "ebitdaratio": 1.2454989329,
        "operatingIncome": -87481000,
        "operatingIncomeRatio": -0.1821477279,
        "totalOtherIncomeExpensesNet": 668681000,
        "incomeBeforeTax": 581200000,
        "incomeBeforeTaxRatio": 1.2101400239,
        "incomeTaxExpense": 217567000,
        "netIncome": 363633000,
        "netIncomeRatio": 0.7571349748,
        "eps": 1.04,
        "epsdiluted": 1.04,
        "weightedAverageShsOut": 349242128,
        "weightedAverageShsOutDil": 350627000,
        "link": "https://www.sec.gov/Archives/edgar/data/945764/000094576415000013/0000945764-15-000013-index.htm",
        "finalLink": "https://www.sec.gov/Archives/edgar/data/945764/000094576415000013/dnr-20141231x10k.htm"
    },
    {
        "date": "2014-09-30",
        "symbol": "DEN",
        "reportedCurrency": "USD",
        "cik": "0000945764",
        "fillingDate": "2014-11-07",
        "acceptedDate": "2014-11-07 14:52:18",
        "calendarYear": "2014",
        "period": "Q3",
        "revenue": 633383000,
        "costOfRevenue": 313192000,
        "grossProfit": 320191000,
        "grossProfitRatio": 0.505525093,
        "researchAndDevelopmentExpenses": 0,
        "generalAndAdministrativeExpenses": 40366000,
        "sellingAndMarketingExpenses": 15328000,
        "sellingGeneralAndAdministrativeExpenses": 55694000,
        "otherExpenses": 128436000,
        "operatingExpenses": 155198000,
        "costAndExpenses": 408852000,
        "interestIncome": 4274000,
        "interestExpense": 44752000,
        "depreciationAndAmortization": 146560000,
        "ebitda": 228805000,
        "ebitdaratio": 0.3612427236,
        "operatingIncome": 82245000,
        "operatingIncomeRatio": 0.1298503433,
        "totalOtherIncomeExpensesNet": 354073000,
        "incomeBeforeTax": 436318000,
        "incomeBeforeTaxRatio": 0.6888691361,
        "incomeTaxExpense": 167570000,
        "netIncome": 268748000,
        "netIncomeRatio": 0.4243056729,
        "eps": 0.77,
        "epsdiluted": 0.77,
        "weightedAverageShsOut": 348454000,
        "weightedAverageShsOutDil": 350918000,
        "link": "https://www.sec.gov/Archives/edgar/data/945764/000094576414000056/0000945764-14-000056-index.htm",
        "finalLink": "https://www.sec.gov/Archives/edgar/data/945764/000094576414000056/dnr-20140930x10q.htm"
    },
    {
        "date": "2014-06-30",
        "symbol": "DEN",
        "reportedCurrency": "USD",
        "cik": "0000945764",
        "fillingDate": "2014-08-07",
        "acceptedDate": "2014-08-07 12:30:29",
        "calendarYear": "2014",
        "period": "Q2",
        "revenue": 668851000,
        "costOfRevenue": 317004000,
        "grossProfit": 351847000,
        "grossProfitRatio": 0.5260469073,
        "researchAndDevelopmentExpenses": 0,
        "generalAndAdministrativeExpenses": 38952000,
        "sellingAndMarketingExpenses": 18149000,
        "sellingGeneralAndAdministrativeExpenses": 57101000,
        "otherExpenses": 139511000,
        "operatingExpenses": 163250000,
        "costAndExpenses": 424955000,
        "interestIncome": 3269000,
        "interestExpense": 46550000,
        "depreciationAndAmortization": 148164000,
        "ebitda": 60100000,
        "ebitdaratio": 0.0898555882,
        "operatingIncome": 69125000,
        "operatingIncomeRatio": 0.1033488774,
        "totalOtherIncomeExpensesNet": -157189000,
        "incomeBeforeTax": -88064000,
        "incomeBeforeTaxRatio": -0.1316646009,
        "incomeTaxExpense": -32864000,
        "netIncome": -55200000,
        "netIncomeRatio": -0.0825295918,
        "eps": -0.16,
        "epsdiluted": -0.16,
        "weightedAverageShsOut": 345000000,
        "weightedAverageShsOutDil": 347803000,
        "link": "https://www.sec.gov/Archives/edgar/data/945764/000094576414000045/0000945764-14-000045-index.htm",
        "finalLink": "https://www.sec.gov/Archives/edgar/data/945764/000094576414000045/dnr-20140630x10q.htm"
    },
    {
        "date": "2014-03-31",
        "symbol": "DEN",
        "reportedCurrency": "USD",
        "cik": "0000945764",
        "fillingDate": "2014-05-12",
        "acceptedDate": "2014-05-12 14:47:01",
        "calendarYear": "2014",
        "period": "Q1",
        "revenue": 634607000,
        "costOfRevenue": 316714000,
        "grossProfit": 317893000,
        "grossProfitRatio": 0.5009289214,
        "researchAndDevelopmentExpenses": 0,
        "generalAndAdministrativeExpenses": 43693000,
        "sellingAndMarketingExpenses": 16786000,
        "sellingGeneralAndAdministrativeExpenses": 60479000,
        "otherExpenses": 148388000,
        "operatingExpenses": 170379000,
        "costAndExpenses": 423138000,
        "interestIncome": 7137000,
        "interestExpense": 48834000,
        "depreciationAndAmortization": 141130000,
        "ebitda": 275930000,
        "ebitdaratio": 0.4348045326,
        "operatingIncome": 134800000,
        "operatingIncomeRatio": 0.2124149277,
        "totalOtherIncomeExpensesNet": -41697000,
        "incomeBeforeTax": 93103000,
        "incomeBeforeTaxRatio": 0.1467096959,
        "incomeTaxExpense": 34793000,
        "netIncome": 58310000,
        "netIncomeRatio": 0.0918836382,
        "eps": 0.17,
        "epsdiluted": 0.17,
        "weightedAverageShsOut": 350747000,
        "weightedAverageShsOutDil": 352925000,
        "link": "https://www.sec.gov/Archives/edgar/data/945764/000094576414000033/0000945764-14-000033-index.htm",
        "finalLink": "https://www.sec.gov/Archives/edgar/data/945764/000094576414000033/dnr-20140331x10q.htm"
    },
    {
        "date": "2013-12-31",
        "symbol": "DEN",
        "reportedCurrency": "USD",
        "cik": "0000945764",
        "fillingDate": "2014-02-28",
        "acceptedDate": "2014-02-28 17:04:36",
        "calendarYear": "2013",
        "period": "Q4",
        "revenue": 595681000,
        "costOfRevenue": 338705000,
        "grossProfit": 256976000,
        "grossProfitRatio": 0.4313986849,
        "researchAndDevelopmentExpenses": 0,
        "generalAndAdministrativeExpenses": 33971000,
        "sellingAndMarketingExpenses": 12987000,
        "sellingGeneralAndAdministrativeExpenses": 46958000,
        "otherExpenses": 0,
        "operatingExpenses": 90971000,
        "costAndExpenses": 429676000,
        "interestIncome": 3441000,
        "interestExpense": 39572000,
        "depreciationAndAmortization": 144543000,
        "ebitda": 163496000,
        "ebitdaratio": 0.2744690531,
        "operatingIncome": 171855000,
        "operatingIncomeRatio": 0.2885017316,
        "totalOtherIncomeExpensesNet": -42081000,
        "incomeBeforeTax": 129774000,
        "incomeBeforeTaxRatio": 0.2178582161,
        "incomeTaxExpense": 39782000,
        "netIncome": 89992000,
        "netIncomeRatio": 0.1510741487,
        "eps": 0.25,
        "epsdiluted": 0.25,
        "weightedAverageShsOut": 362333000,
        "weightedAverageShsOutDil": 365560000,
        "link": "https://www.sec.gov/Archives/edgar/data/945764/000094576414000014/0000945764-14-000014-index.htm",
        "finalLink": "https://www.sec.gov/Archives/edgar/data/945764/000094576414000014/dnr-20131231x10k.htm"
    },
    {
        "date": "2013-09-30",
        "symbol": "DEN",
        "reportedCurrency": "USD",
        "cik": "0000945764",
        "fillingDate": "2013-11-07",
        "acceptedDate": "2013-11-07 15:58:50",
        "calendarYear": "2013",
        "period": "Q3",
        "revenue": 673542000,
        "costOfRevenue": 310682000,
        "grossProfit": 362860000,
        "grossProfitRatio": 0.5387340359,
        "researchAndDevelopmentExpenses": 0,
        "generalAndAdministrativeExpenses": 35969000,
        "sellingAndMarketingExpenses": 13131000,
        "sellingGeneralAndAdministrativeExpenses": 49100000,
        "otherExpenses": 163716000,
        "operatingExpenses": 180967000,
        "costAndExpenses": 409049000,
        "interestIncome": 11293000,
        "interestExpense": 34501000,
        "depreciationAndAmortization": 125595000,
        "ebitda": 309642000,
        "ebitdaratio": 0.4597218882,
        "operatingIncome": 184047000,
        "operatingIncomeRatio": 0.2732524475,
        "totalOtherIncomeExpensesNet": -24682000,
        "incomeBeforeTax": 159365000,
        "incomeBeforeTaxRatio": 0.2366073682,
        "incomeTaxExpense": 57311000,
        "netIncome": 102054000,
        "netIncomeRatio": 0.1515183908,
        "eps": 0.28,
        "epsdiluted": 0.28,
        "weightedAverageShsOut": 366088000,
        "weightedAverageShsOutDil": 369142000,
        "link": "https://www.sec.gov/Archives/edgar/data/945764/000094576413000068/0000945764-13-000068-index.htm",
        "finalLink": "https://www.sec.gov/Archives/edgar/data/945764/000094576413000068/dnr-20130930x10q.htm"
    },
    {
        "date": "2013-06-30",
        "symbol": "DEN",
        "reportedCurrency": "USD",
        "cik": "0000945764",
        "fillingDate": "2013-08-06",
        "acceptedDate": "2013-08-06 17:17:03",
        "calendarYear": "2013",
        "period": "Q2",
        "revenue": 644750000,
        "costOfRevenue": 350884000,
        "grossProfit": 293866000,
        "grossProfitRatio": 0.4557828616,
        "researchAndDevelopmentExpenses": 0,
        "generalAndAdministrativeExpenses": 90507000,
        "sellingAndMarketingExpenses": 13332000,
        "sellingGeneralAndAdministrativeExpenses": 103839000,
        "otherExpenses": -10711000,
        "operatingExpenses": 91654000,
        "costAndExpenses": 442538000,
        "interestIncome": 5334000,
        "interestExpense": 30602000,
        "depreciationAndAmortization": 126907000,
        "ebitda": 372720000,
        "ebitdaratio": 0.5780845289,
        "operatingIncome": 245813000,
        "operatingIncomeRatio": 0.3812531989,
        "totalOtherIncomeExpensesNet": -34507000,
        "incomeBeforeTax": 211306000,
        "incomeBeforeTaxRatio": 0.3277332299,
        "incomeTaxExpense": 81326000,
        "netIncome": 129980000,
        "netIncomeRatio": 0.2015975184,
        "eps": 0.35,
        "epsdiluted": 0.35,
        "weightedAverageShsOut": 368850000,
        "weightedAverageShsOutDil": 371969000,
        "link": "https://www.sec.gov/Archives/edgar/data/945764/000094576413000061/0000945764-13-000061-index.htm",
        "finalLink": "https://www.sec.gov/Archives/edgar/data/945764/000094576413000061/dnr-20130630x10q.htm"
    },
    {
        "date": "2013-03-31",
        "symbol": "DEN",
        "reportedCurrency": "USD",
        "cik": "0000945764",
        "fillingDate": "2013-05-10",
        "acceptedDate": "2013-05-10 12:06:59",
        "calendarYear": "2013",
        "period": "Q1",
        "revenue": 580211000,
        "costOfRevenue": 257162000,
        "grossProfit": 323049000,
        "grossProfitRatio": 0.5567784823,
        "researchAndDevelopmentExpenses": 0,
        "generalAndAdministrativeExpenses": 41889000,
        "sellingAndMarketingExpenses": 9796000,
        "sellingGeneralAndAdministrativeExpenses": 51685000,
        "otherExpenses": 127024000,
        "operatingExpenses": 140542000,
        "costAndExpenses": 346858000,
        "interestIncome": 2875000,
        "interestExpense": 36034000,
        "depreciationAndAmortization": 112898000,
        "ebitda": 254833000,
        "ebitdaratio": 0.4392074607,
        "operatingIncome": 221424000,
        "operatingIncomeRatio": 0.3816266841,
        "totalOtherIncomeExpensesNet": -79489000,
        "incomeBeforeTax": 141935000,
        "incomeBeforeTaxRatio": 0.2446265238,
        "incomeTaxExpense": 54364000,
        "netIncome": 87571000,
        "netIncomeRatio": 0.1509295756,
        "eps": 0.24,
        "epsdiluted": 0.23,
        "weightedAverageShsOut": 369396000,
        "weightedAverageShsOutDil": 372867000,
        "link": "https://www.sec.gov/Archives/edgar/data/945764/000094576413000042/0000945764-13-000042-index.htm",
        "finalLink": "https://www.sec.gov/Archives/edgar/data/945764/000094576413000042/dnr-20130331x10q.htm"
    },
    {
        "date": "2012-12-31",
        "symbol": "DEN",
        "reportedCurrency": "USD",
        "cik": "0000945764",
        "fillingDate": "2013-02-28",
        "acceptedDate": "2013-02-28 13:56:48",
        "calendarYear": "2012",
        "period": "Q4",
        "revenue": 603266000,
        "costOfRevenue": 263069000,
        "grossProfit": 340197000,
        "grossProfitRatio": 0.5639253663,
        "researchAndDevelopmentExpenses": 0,
        "generalAndAdministrativeExpenses": 34388000,
        "sellingAndMarketingExpenses": 15060000,
        "sellingGeneralAndAdministrativeExpenses": 49448000,
        "otherExpenses": 1381000,
        "operatingExpenses": 86946000,
        "costAndExpenses": 350015000,
        "interestIncome": 5938000,
        "interestExpense": 37836000,
        "depreciationAndAmortization": 117419000,
        "ebitda": 260570000,
        "ebitdaratio": 0.4319321825,
        "operatingIncome": 225882000,
        "operatingIncomeRatio": 0.3744318427,
        "totalOtherIncomeExpensesNet": -30517000,
        "incomeBeforeTax": 195365000,
        "incomeBeforeTaxRatio": 0.3238455341,
        "incomeTaxExpense": 80704000,
        "netIncome": 114661000,
        "netIncomeRatio": 0.1900670683,
        "eps": 0.3,
        "epsdiluted": 0.3,
        "weightedAverageShsOut": 383203494,
        "weightedAverageShsOutDil": 383231000,
        "link": "https://www.sec.gov/Archives/edgar/data/945764/000094576413000027/0000945764-13-000027-index.htm",
        "finalLink": "https://www.sec.gov/Archives/edgar/data/945764/000094576413000027/dnr-20121231x10k.htm"
    },
    {
        "date": "2012-09-30",
        "symbol": "DEN",
        "reportedCurrency": "USD",
        "cik": "0000945764",
        "fillingDate": "2012-11-08",
        "acceptedDate": "2012-11-08 13:34:23",
        "calendarYear": "2012",
        "period": "Q3",
        "revenue": 595316000,
        "costOfRevenue": 268596000,
        "grossProfit": 326720000,
        "grossProfitRatio": 0.5488177707,
        "researchAndDevelopmentExpenses": 0,
        "generalAndAdministrativeExpenses": 38198000,
        "sellingAndMarketingExpenses": 14728000,
        "sellingGeneralAndAdministrativeExpenses": 52926000,
        "otherExpenses": 92287000,
        "operatingExpenses": 130485000,
        "costAndExpenses": 361534000,
        "interestIncome": 5055000,
        "interestExpense": 37827000,
        "depreciationAndAmortization": 136935000,
        "ebitda": 309086000,
        "ebitdaratio": 0.5191965276,
        "operatingIncome": 172151000,
        "operatingIncomeRatio": 0.2891758327,
        "totalOtherIncomeExpensesNet": -32772000,
        "incomeBeforeTax": 139379000,
        "incomeBeforeTaxRatio": 0.2341260776,
        "incomeTaxExpense": 54012000,
        "netIncome": 85367000,
        "netIncomeRatio": 0.1433977921,
        "eps": 0.22,
        "epsdiluted": 0.22,
        "weightedAverageShsOut": 387512000,
        "weightedAverageShsOutDil": 390909000,
        "link": "https://www.sec.gov/Archives/edgar/data/945764/000094576412000080/0000945764-12-000080-index.htm",
        "finalLink": "https://www.sec.gov/Archives/edgar/data/945764/000094576412000080/form10q.htm"
    },
    {
        "date": "2012-06-30",
        "symbol": "DEN",
        "reportedCurrency": "USD",
        "cik": "0000945764",
        "fillingDate": "2012-08-08",
        "acceptedDate": "2012-08-08 17:01:32",
        "calendarYear": "2012",
        "period": "Q2",
        "revenue": 597442000,
        "costOfRevenue": 257862000,
        "grossProfit": 339580000,
        "grossProfitRatio": 0.5683899023,
        "researchAndDevelopmentExpenses": 0,
        "generalAndAdministrativeExpenses": 34826000,
        "sellingAndMarketingExpenses": 12218000,
        "sellingGeneralAndAdministrativeExpenses": 47044000,
        "otherExpenses": 89685000,
        "operatingExpenses": 124511000,
        "costAndExpenses": 343718000,
        "interestIncome": 4339000,
        "interestExpense": 41604000,
        "depreciationAndAmortization": 132289000,
        "ebitda": 475090000,
        "ebitdaratio": 0.7952068987,
        "operatingIncome": 258063000,
        "operatingIncomeRatio": 0.431946532,
        "totalOtherIncomeExpensesNet": 84738000,
        "incomeBeforeTax": 342801000,
        "incomeBeforeTaxRatio": 0.5737812206,
        "incomeTaxExpense": 130936000,
        "netIncome": 211865000,
        "netIncomeRatio": 0.3546201974,
        "eps": 0.55,
        "epsdiluted": 0.54,
        "weightedAverageShsOut": 387159000,
        "weightedAverageShsOutDil": 390702000,
        "link": "https://www.sec.gov/Archives/edgar/data/945764/000094576412000067/0000945764-12-000067-index.htm",
        "finalLink": "https://www.sec.gov/Archives/edgar/data/945764/000094576412000067/form10q.htm"
    },
    {
        "date": "2012-03-31",
        "symbol": "DEN",
        "reportedCurrency": "USD",
        "cik": "0000945764",
        "fillingDate": "2012-05-10",
        "acceptedDate": "2012-05-10 15:56:40",
        "calendarYear": "2012",
        "period": "Q1",
        "revenue": 640296000,
        "costOfRevenue": 265064000,
        "grossProfit": 375232000,
        "grossProfitRatio": 0.5860289616,
        "researchAndDevelopmentExpenses": 0,
        "generalAndAdministrativeExpenses": 36607000,
        "sellingAndMarketingExpenses": 10830000,
        "sellingGeneralAndAdministrativeExpenses": 47437000,
        "otherExpenses": 101357000,
        "operatingExpenses": 137964000,
        "costAndExpenses": 356195000,
        "interestIncome": 4820000,
        "interestExpense": 36314000,
        "depreciationAndAmortization": 120895000,
        "ebitda": 300207000,
        "ebitdaratio": 0.4688565913,
        "operatingIncome": 288921000,
        "operatingIncomeRatio": 0.4512303685,
        "totalOtherIncomeExpensesNet": -109609000,
        "incomeBeforeTax": 179312000,
        "incomeBeforeTaxRatio": 0.280045479,
        "incomeTaxExpense": 65845000,
        "netIncome": 113467000,
        "netIncomeRatio": 0.1772102278,
        "eps": 0.29,
        "epsdiluted": 0.29,
        "weightedAverageShsOut": 386367000,
        "weightedAverageShsOutDil": 390943000,
        "link": "https://www.sec.gov/Archives/edgar/data/945764/000094576412000044/0000945764-12-000044-index.htm",
        "finalLink": "https://www.sec.gov/Archives/edgar/data/945764/000094576412000044/form10q.htm"
    },
    {
        "date": "2011-12-31",
        "symbol": "DEN",
        "reportedCurrency": "USD",
        "cik": "0000945764",
        "fillingDate": "2012-02-28",
        "acceptedDate": "2012-02-28 17:09:54",
        "calendarYear": "2011",
        "period": "Q4",
        "revenue": 612240000,
        "costOfRevenue": 64193000,
        "grossProfit": 548047000,
        "grossProfitRatio": 0.8951505945,
        "researchAndDevelopmentExpenses": 0,
        "generalAndAdministrativeExpenses": 14258000,
        "sellingAndMarketingExpenses": 26047000,
        "sellingGeneralAndAdministrativeExpenses": 30750000,
        "otherExpenses": 0,
        "operatingExpenses": 254716000,
        "costAndExpenses": 318909000,
        "interestIncome": 5017000,
        "interestExpense": 17864000,
        "depreciationAndAmortization": 110129000,
        "ebitda": 390624000,
        "ebitdaratio": 0.6380243042,
        "operatingIncome": -776642000,
        "operatingIncomeRatio": -1.2685254149,
        "totalOtherIncomeExpensesNet": 856511000,
        "incomeBeforeTax": 79869000,
        "incomeBeforeTaxRatio": 0.1304537436,
        "incomeTaxExpense": 27262000,
        "netIncome": 52607000,
        "netIncomeRatio": 0.0859254541,
        "eps": 0.14,
        "epsdiluted": 0.14,
        "weightedAverageShsOut": 388979000,
        "weightedAverageShsOutDil": 393107000,
        "link": "https://www.sec.gov/Archives/edgar/data/945764/000094576412000013/0000945764-12-000013-index.htm",
        "finalLink": "https://www.sec.gov/Archives/edgar/data/945764/000094576412000013/form10k.htm"
    },
    {
        "date": "2011-09-30",
        "symbol": "DEN",
        "reportedCurrency": "USD",
        "cik": "0000945764",
        "fillingDate": "2011-11-08",
        "acceptedDate": "2011-11-08 17:12:40",
        "calendarYear": "2011",
        "period": "Q3",
        "revenue": 576505000,
        "costOfRevenue": 174838000,
        "grossProfit": 401667000,
        "grossProfitRatio": 0.6967276953,
        "researchAndDevelopmentExpenses": 0,
        "generalAndAdministrativeExpenses": 1358000,
        "sellingAndMarketingExpenses": 36949000,
        "sellingGeneralAndAdministrativeExpenses": 28906000,
        "otherExpenses": 107625000,
        "operatingExpenses": -79270000,
        "costAndExpenses": 95568000,
        "interestIncome": 4441000,
        "interestExpense": 37617000,
        "depreciationAndAmortization": 101978000,
        "ebitda": 582915000,
        "ebitdaratio": 1.011118724,
        "operatingIncome": 270783000,
        "operatingIncomeRatio": 0.4696975742,
        "totalOtherIncomeExpensesNet": 172537000,
        "incomeBeforeTax": 443320000,
        "incomeBeforeTaxRatio": 0.7689785865,
        "incomeTaxExpense": 167650000,
        "netIncome": 275670000,
        "netIncomeRatio": 0.4781745171,
        "eps": 0.69,
        "epsdiluted": 0.68,
        "weightedAverageShsOut": 399040000,
        "weightedAverageShsOutDil": 403311000,
        "link": "https://www.sec.gov/Archives/edgar/data/945764/000094576411000023/0000945764-11-000023-index.htm",
        "finalLink": "https://www.sec.gov/Archives/edgar/data/945764/000094576411000023/form10q.htm"
    },
    {
        "date": "2011-06-30",
        "symbol": "DEN",
        "reportedCurrency": "USD",
        "cik": "0000945764",
        "fillingDate": "2011-08-08",
        "acceptedDate": "2011-08-08 16:50:41",
        "calendarYear": "2011",
        "period": "Q2",
        "revenue": 596442000,
        "costOfRevenue": 171489000,
        "grossProfit": 424953000,
        "grossProfitRatio": 0.7124800064,
        "researchAndDevelopmentExpenses": 0,
        "generalAndAdministrativeExpenses": 1869000,
        "sellingAndMarketingExpenses": 39688000,
        "sellingGeneralAndAdministrativeExpenses": 30900000,
        "otherExpenses": 99032000,
        "operatingExpenses": -38161000,
        "costAndExpenses": 133328000,
        "interestIncome": 4955000,
        "interestExpense": 42249000,
        "depreciationAndAmortization": 103495000,
        "ebitda": 527297000,
        "ebitdaratio": 0.8840708736,
        "operatingIncome": 293495000,
        "operatingIncomeRatio": 0.4920763461,
        "totalOtherIncomeExpensesNet": 130307000,
        "incomeBeforeTax": 423802000,
        "incomeBeforeTaxRatio": 0.7105502295,
        "incomeTaxExpense": 164556000,
        "netIncome": 259246000,
        "netIncomeRatio": 0.4346541659,
        "eps": 0.65,
        "epsdiluted": 0.64,
        "weightedAverageShsOut": 398631000,
        "weightedAverageShsOutDil": 403919000,
        "link": "https://www.sec.gov/Archives/edgar/data/945764/000095012311074466/0000950123-11-074466-index.htm",
        "finalLink": "https://www.sec.gov/Archives/edgar/data/945764/000095012311074466/d84009qe10vq.htm"
    },
    {
        "date": "2011-03-31",
        "symbol": "DEN",
        "reportedCurrency": "USD",
        "cik": "0000945764",
        "fillingDate": "2011-05-10",
        "acceptedDate": "2011-05-10 17:13:18",
        "calendarYear": "2011",
        "period": "Q1",
        "revenue": 512972000,
        "costOfRevenue": 162002000,
        "grossProfit": 350970000,
        "grossProfitRatio": 0.6841893905,
        "researchAndDevelopmentExpenses": 0,
        "generalAndAdministrativeExpenses": 1809000,
        "sellingAndMarketingExpenses": 32751000,
        "sellingGeneralAndAdministrativeExpenses": 42553000,
        "otherExpenses": 103170000,
        "operatingExpenses": 323973000,
        "costAndExpenses": 485975000,
        "interestIncome": 3049000,
        "interestExpense": 48777000,
        "depreciationAndAmortization": 93594000,
        "ebitda": 104380000,
        "ebitdaratio": 0.2034808917,
        "operatingIncome": 212364000,
        "operatingIncomeRatio": 0.4139875081,
        "totalOtherIncomeExpensesNet": -235310000,
        "incomeBeforeTax": -22946000,
        "incomeBeforeTaxRatio": -0.0447314863,
        "incomeTaxExpense": 3574000,
        "netIncome": -14190000,
        "netIncomeRatio": -0.0276623285,
        "eps": -0.04,
        "epsdiluted": -0.04,
        "weightedAverageShsOut": 397386000,
        "weightedAverageShsOutDil": 397386000,
        "link": "https://www.sec.gov/Archives/edgar/data/945764/000095012311048447/0000950123-11-048447-index.htm",
        "finalLink": "https://www.sec.gov/Archives/edgar/data/945764/000095012311048447/d81113e10vq.htm"
    },
    {
        "date": "2010-12-31",
        "symbol": "DEN",
        "reportedCurrency": "USD",
        "cik": "0000945764",
        "fillingDate": "2011-03-30",
        "acceptedDate": "2011-03-29 19:14:08",
        "calendarYear": "2010",
        "period": "Q4",
        "revenue": 417420000,
        "costOfRevenue": -325181000,
        "grossProfit": 742601000,
        "grossProfitRatio": 1.7790259211,
        "researchAndDevelopmentExpenses": 0,
        "generalAndAdministrativeExpenses": 8212000,
        "sellingAndMarketingExpenses": 38666000,
        "sellingGeneralAndAdministrativeExpenses": 46878000,
        "otherExpenses": 24139000,
        "operatingExpenses": 58700000,
        "costAndExpenses": -173832000,
        "interestIncome": 100000,
        "interestExpense": 52883000,
        "depreciationAndAmortization": 111624000,
        "ebitda": 27502000,
        "ebitdaratio": 0.0658856787,
        "operatingIncome": 591252000,
        "operatingIncomeRatio": 1.4164438695,
        "totalOtherIncomeExpensesNet": -572552000,
        "incomeBeforeTax": 18700000,
        "incomeBeforeTaxRatio": 0.0447990034,
        "incomeTaxExpense": 14940000,
        "netIncome": 10364000,
        "netIncomeRatio": 0.0248287097,
        "eps": 0.01,
        "epsdiluted": 0.01,
        "weightedAverageShsOut": 396781000,
        "weightedAverageShsOutDil": 402718000,
        "link": "https://www.sec.gov/Archives/edgar/data/945764/000095012311030319/0000950123-11-030319-index.htm",
        "finalLink": "https://www.sec.gov/Archives/edgar/data/945764/000095012311030319/d77748ae10vkza.htm"
    },
    {
        "date": "2010-09-30",
        "symbol": "DEN",
        "reportedCurrency": "USD",
        "cik": "0000945764",
        "fillingDate": "2010-11-09",
        "acceptedDate": "2010-11-09 16:37:34",
        "calendarYear": "2010",
        "period": "Q3",
        "revenue": 466703000,
        "costOfRevenue": 169798000,
        "grossProfit": 296905000,
        "grossProfitRatio": 0.6361754692,
        "researchAndDevelopmentExpenses": 0,
        "generalAndAdministrativeExpenses": 0,
        "sellingAndMarketingExpenses": 0,
        "sellingGeneralAndAdministrativeExpenses": 68969000,
        "otherExpenses": 0,
        "operatingExpenses": 180571000,
        "costAndExpenses": 350369000,
        "interestIncome": 1265000,
        "interestExpense": 53331000,
        "depreciationAndAmortization": 111602000,
        "ebitda": 227936000,
        "ebitdaratio": 0.4883962606,
        "operatingIncome": 116334000,
        "operatingIncomeRatio": 0.2492677356,
        "totalOtherIncomeExpensesNet": -87230000,
        "incomeBeforeTax": 29104000,
        "incomeBeforeTaxRatio": 0.062360859,
        "incomeTaxExpense": 0,
        "netIncome": 29104000,
        "netIncomeRatio": 0.062360859,
        "eps": 0.07,
        "epsdiluted": 0.07,
        "weightedAverageShsOut": 395913000,
        "weightedAverageShsOutDil": 401093000,
        "link": "https://www.sec.gov/Archives/edgar/data/945764/000095012310103304/0000950123-10-103304-index.htm",
        "finalLink": "https://www.sec.gov/Archives/edgar/data/945764/000095012310103304/d77030e10vq.htm"
    },
    {
        "date": "2010-06-30",
        "symbol": "DEN",
        "reportedCurrency": "USD",
        "cik": "0000945764",
        "fillingDate": "2010-08-09",
        "acceptedDate": "2010-08-09 16:17:10",
        "calendarYear": "2010",
        "period": "Q2",
        "revenue": 497210000,
        "costOfRevenue": 167524000,
        "grossProfit": 329686000,
        "grossProfitRatio": 0.6630719414,
        "researchAndDevelopmentExpenses": 0,
        "generalAndAdministrativeExpenses": 31192000,
        "sellingAndMarketingExpenses": 38100000,
        "sellingGeneralAndAdministrativeExpenses": 69292000,
        "otherExpenses": 0,
        "operatingExpenses": 31727000,
        "costAndExpenses": 199251000,
        "interestIncome": 4520000,
        "interestExpense": 43483000,
        "depreciationAndAmortization": 129209000,
        "ebitda": 360901000,
        "ebitdaratio": 0.7258522556,
        "operatingIncome": 231692000,
        "operatingIncomeRatio": 0.4659841918,
        "totalOtherIncomeExpensesNet": 0,
        "incomeBeforeTax": 231692000,
        "incomeBeforeTaxRatio": 0.4659841918,
        "incomeTaxExpense": 96325000,
        "netIncome": 135367000,
        "netIncomeRatio": 0.2722531727,
        "eps": 0.34,
        "epsdiluted": 0.34,
        "weightedAverageShsOut": 395548000,
        "weightedAverageShsOutDil": 400867000,
        "link": "https://www.sec.gov/Archives/edgar/data/945764/000095012310075034/0000950123-10-075034-index.htm",
        "finalLink": "https://www.sec.gov/Archives/edgar/data/945764/000095012310075034/d74438e10vq.htm"
    },
    {
        "date": "2010-03-31",
        "symbol": "DEN",
        "reportedCurrency": "USD",
        "cik": "0000945764",
        "fillingDate": "2010-05-10",
        "acceptedDate": "2010-05-10 17:24:31",
        "calendarYear": "2010",
        "period": "Q1",
        "revenue": 438821000,
        "costOfRevenue": 97588000,
        "grossProfit": 341233000,
        "grossProfitRatio": 0.7776131954,
        "researchAndDevelopmentExpenses": 0,
        "generalAndAdministrativeExpenses": 0,
        "sellingAndMarketingExpenses": 0,
        "sellingGeneralAndAdministrativeExpenses": 52026000,
        "otherExpenses": 0,
        "operatingExpenses": 164088000,
        "costAndExpenses": 261676000,
        "interestIncome": 1870000,
        "interestExpense": 26416000,
        "depreciationAndAmortization": 81872000,
        "ebitda": 259017000,
        "ebitdaratio": 0.5902566194,
        "operatingIncome": 244208000,
        "operatingIncomeRatio": 0.556509374,
        "totalOtherIncomeExpensesNet": -67063000,
        "incomeBeforeTax": 177145000,
        "incomeBeforeTaxRatio": 0.4036839623,
        "incomeTaxExpense": 80257000,
        "netIncome": 96888000,
        "netIncomeRatio": 0.2207916212,
        "eps": 0.33,
        "epsdiluted": 0.32,
        "weightedAverageShsOut": 294143000,
        "weightedAverageShsOutDil": 299224000,
        "link": "https://www.sec.gov/Archives/edgar/data/945764/000095012310047349/0000950123-10-047349-index.htm",
        "finalLink": "https://www.sec.gov/Archives/edgar/data/945764/000095012310047349/d72932e10vq.htm"
    },
    {
        "date": "2009-12-31",
        "symbol": "DEN",
        "reportedCurrency": "USD",
        "cik": "0000945764",
        "fillingDate": "2010-03-01",
        "acceptedDate": "2010-03-01 17:25:11",
        "calendarYear": "2009",
        "period": "Q4",
        "revenue": 269895000,
        "costOfRevenue": 97478000,
        "grossProfit": 172417000,
        "grossProfitRatio": 0.6388299153,
        "researchAndDevelopmentExpenses": 0,
        "generalAndAdministrativeExpenses": 116095000,
        "sellingAndMarketingExpenses": -20663000,
        "sellingGeneralAndAdministrativeExpenses": 95432000,
        "otherExpenses": 0,
        "operatingExpenses": 156610000,
        "costAndExpenses": 254088000,
        "interestIncome": 0,
        "interestExpense": 10470000,
        "depreciationAndAmortization": 61178000,
        "ebitda": 77840000,
        "ebitdaratio": 0.2884084551,
        "operatingIncome": 16662000,
        "operatingIncomeRatio": 0.0617351192,
        "totalOtherIncomeExpensesNet": -10470000,
        "incomeBeforeTax": 6192000,
        "incomeBeforeTaxRatio": 0.0229422553,
        "incomeTaxExpense": 2696000,
        "netIncome": 3496000,
        "netIncomeRatio": 0.0129531855,
        "eps": 0.02,
        "epsdiluted": 0.02,
        "weightedAverageShsOut": 246917000,
        "weightedAverageShsOutDil": 246917000,
        "link": "https://www.sec.gov/Archives/edgar/data/945764/000095012310019490/0000950123-10-019490-index.htm",
        "finalLink": "https://www.sec.gov/Archives/edgar/data/945764/000095012310019490/d71173e10vk.htm"
    },
    {
        "date": "2009-09-30",
        "symbol": "DEN",
        "reportedCurrency": "USD",
        "cik": "0000945764",
        "fillingDate": "2009-11-09",
        "acceptedDate": "2009-11-09 17:11:37",
        "calendarYear": "2009",
        "period": "Q3",
        "revenue": 225414000,
        "costOfRevenue": 94808000,
        "grossProfit": 130606000,
        "grossProfitRatio": 0.5794050059,
        "researchAndDevelopmentExpenses": 0,
        "generalAndAdministrativeExpenses": 24038000,
        "sellingAndMarketingExpenses": 8555000,
        "sellingGeneralAndAdministrativeExpenses": 32593000,
        "otherExpenses": 49660000,
        "operatingExpenses": 81320000,
        "costAndExpenses": 176128000,
        "interestIncome": 434000,
        "interestExpense": 9859000,
        "depreciationAndAmortization": 53525000,
        "ebitda": 104646000,
        "ebitdaratio": 0.4642391333,
        "operatingIncome": 51121000,
        "operatingIncomeRatio": 0.2267871561,
        "totalOtherIncomeExpensesNet": -9859000,
        "incomeBeforeTax": 41262000,
        "incomeBeforeTaxRatio": 0.1830498549,
        "incomeTaxExpense": 14377000,
        "netIncome": 26885000,
        "netIncomeRatio": 0.1192694331,
        "eps": 0.11,
        "epsdiluted": 0.11,
        "weightedAverageShsOut": 246795000,
        "weightedAverageShsOutDil": 252189000,
        "link": "https://www.sec.gov/Archives/edgar/data/945764/000095012309060293/0000950123-09-060293-index.htm",
        "finalLink": "https://www.sec.gov/Archives/edgar/data/945764/000095012309060293/d70030e10vq.htm"
    },
    {
        "date": "2009-06-30",
        "symbol": "DEN",
        "reportedCurrency": "USD",
        "cik": "0000945764",
        "fillingDate": "2009-08-10",
        "acceptedDate": "2009-08-10 12:33:49",
        "calendarYear": "2009",
        "period": "Q2",
        "revenue": 217392000,
        "costOfRevenue": 95537000,
        "grossProfit": 121855000,
        "grossProfitRatio": 0.5605312063,
        "researchAndDevelopmentExpenses": 0,
        "generalAndAdministrativeExpenses": 33135000,
        "sellingAndMarketingExpenses": 8739000,
        "sellingGeneralAndAdministrativeExpenses": 41874000,
        "otherExpenses": 205745000,
        "operatingExpenses": 247619000,
        "costAndExpenses": 343156000,
        "interestIncome": 2956000,
        "interestExpense": 14904000,
        "depreciationAndAmortization": 61695000,
        "ebitda": -64069000,
        "ebitdaratio": -0.2947164569,
        "operatingIncome": -125764000,
        "operatingIncomeRatio": -0.5785125488,
        "totalOtherIncomeExpensesNet": -14904000,
        "incomeBeforeTax": -140668000,
        "incomeBeforeTaxRatio": -0.6470707294,
        "incomeTaxExpense": -53428000,
        "netIncome": -87240000,
        "netIncomeRatio": -0.4013027158,
        "eps": -0.35,
        "epsdiluted": -0.35,
        "weightedAverageShsOut": 246084000,
        "weightedAverageShsOutDil": 246084000,
        "link": "https://www.sec.gov/Archives/edgar/data/945764/000095012309032668/0000950123-09-032668-index.htm",
        "finalLink": "https://www.sec.gov/Archives/edgar/data/945764/000095012309032668/d68534e10vq.htm"
    },
    {
        "date": "2009-03-31",
        "symbol": "DEN",
        "reportedCurrency": "USD",
        "cik": "0000945764",
        "fillingDate": "2009-05-11",
        "acceptedDate": "2009-05-11 16:23:00",
        "calendarYear": "2009",
        "period": "Q1",
        "revenue": 173759000,
        "costOfRevenue": 85442000,
        "grossProfit": 88317000,
        "grossProfitRatio": 0.5082729528,
        "researchAndDevelopmentExpenses": 0,
        "generalAndAdministrativeExpenses": 22655000,
        "sellingAndMarketingExpenses": 7000000,
        "sellingGeneralAndAdministrativeExpenses": 29655000,
        "otherExpenses": 75440000,
        "operatingExpenses": 105095000,
        "costAndExpenses": 190537000,
        "interestIncome": 2525000,
        "interestExpense": 12197000,
        "depreciationAndAmortization": 61925000,
        "ebitda": 45147000,
        "ebitdaratio": 0.2598253903,
        "operatingIncome": -16778000,
        "operatingIncomeRatio": -0.0965590272,
        "totalOtherIncomeExpensesNet": -12197000,
        "incomeBeforeTax": -28975000,
        "incomeBeforeTaxRatio": -0.1667539523,
        "incomeTaxExpense": -10678000,
        "netIncome": -18297000,
        "netIncomeRatio": -0.1053010204,
        "eps": -0.0745,
        "epsdiluted": -0.0745,
        "weightedAverageShsOut": 245573000,
        "weightedAverageShsOutDil": 245573000,
        "link": "https://www.sec.gov/Archives/edgar/data/945764/000095013409010284/0000950134-09-010284-index.htm",
        "finalLink": "https://www.sec.gov/Archives/edgar/data/945764/000095013409010284/d67652e10vq.htm"
    },
    {
        "date": "2008-12-31",
        "symbol": "DEN",
        "reportedCurrency": "USD",
        "cik": "0000945764",
        "fillingDate": "2009-03-02",
        "acceptedDate": "2009-03-02 16:03:51",
        "calendarYear": "2008",
        "period": "Q4",
        "revenue": 220128000,
        "costOfRevenue": 138925000,
        "grossProfit": 81203000,
        "grossProfitRatio": 0.3688899186,
        "researchAndDevelopmentExpenses": 0,
        "generalAndAdministrativeExpenses": 60374000,
        "sellingAndMarketingExpenses": 9949000,
        "sellingGeneralAndAdministrativeExpenses": 70323000,
        "otherExpenses": 0,
        "operatingExpenses": -175582000,
        "costAndExpenses": -36657000,
        "interestIncome": 0,
        "interestExpense": 0,
        "depreciationAndAmortization": 63817000,
        "ebitda": 134764000,
        "ebitdaratio": 0.6122074429,
        "operatingIncome": 207076000,
        "operatingIncomeRatio": 0.9407072249,
        "totalOtherIncomeExpensesNet": -136129000,
        "incomeBeforeTax": 70947000,
        "incomeBeforeTaxRatio": 0.3222988443,
        "incomeTaxExpense": 27154000,
        "netIncome": 43793000,
        "netIncomeRatio": 0.1989433421,
        "eps": 0.18,
        "epsdiluted": 0.18,
        "weightedAverageShsOut": 243935000,
        "weightedAverageShsOutDil": 251996000,
        "link": "https://www.sec.gov/Archives/edgar/data/945764/000095013409004231/0000950134-09-004231-index.htm",
        "finalLink": "https://www.sec.gov/Archives/edgar/data/945764/000095013409004231/d66582e10vk.htm"
    },
    {
        "date": "2008-09-30",
        "symbol": "DEN",
        "reportedCurrency": "USD",
        "cik": "0000945764",
        "fillingDate": "2008-11-07",
        "acceptedDate": "2008-11-07 17:00:03",
        "calendarYear": "2008",
        "period": "Q3",
        "revenue": 410254000,
        "costOfRevenue": 88779000,
        "grossProfit": 321475000,
        "grossProfitRatio": 0.7835999161,
        "researchAndDevelopmentExpenses": 0,
        "generalAndAdministrativeExpenses": 15005000,
        "sellingAndMarketingExpenses": 17104000,
        "sellingGeneralAndAdministrativeExpenses": 32109000,
        "otherExpenses": 51959000,
        "operatingExpenses": 88433000,
        "costAndExpenses": 177212000,
        "interestIncome": 0,
        "interestExpense": 0,
        "depreciationAndAmortization": 56324000,
        "ebitda": 257785000,
        "ebitdaratio": 0.6283546291,
        "operatingIncome": 202616000,
        "operatingIncomeRatio": 0.4938794015,
        "totalOtherIncomeExpensesNet": 51101000,
        "incomeBeforeTax": 253717000,
        "incomeBeforeTaxRatio": 0.6184388208,
        "incomeTaxExpense": 96169000,
        "netIncome": 157548000,
        "netIncomeRatio": 0.3840255061,
        "eps": 0.64,
        "epsdiluted": 0.63,
        "weightedAverageShsOut": 244426000,
        "weightedAverageShsOutDil": 251831000,
        "link": "https://www.sec.gov/Archives/edgar/data/945764/000095013408019889/0000950134-08-019889-index.htm",
        "finalLink": "https://www.sec.gov/Archives/edgar/data/945764/000095013408019889/d65005e10vq.htm"
    },
    {
        "date": "2008-06-30",
        "symbol": "DEN",
        "reportedCurrency": "USD",
        "cik": "0000945764",
        "fillingDate": "2008-08-07",
        "acceptedDate": "2008-08-07 16:58:03",
        "calendarYear": "2008",
        "period": "Q2",
        "revenue": 417985000,
        "costOfRevenue": 79120000,
        "grossProfit": 338865000,
        "grossProfitRatio": 0.8107109107,
        "researchAndDevelopmentExpenses": 0,
        "generalAndAdministrativeExpenses": 14811000,
        "sellingAndMarketingExpenses": 18688000,
        "sellingGeneralAndAdministrativeExpenses": 33499000,
        "otherExpenses": 54733000,
        "operatingExpenses": 88232000,
        "costAndExpenses": 167352000,
        "interestIncome": 0,
        "interestExpense": 0,
        "depreciationAndAmortization": 54056000,
        "ebitda": 364183000,
        "ebitdaratio": 0.8712824623,
        "operatingIncome": 250633000,
        "operatingIncomeRatio": 0.599621996,
        "totalOtherIncomeExpensesNet": -66958000,
        "incomeBeforeTax": 183675000,
        "incomeBeforeTaxRatio": 0.4394296446,
        "incomeTaxExpense": 69622000,
        "netIncome": 114053000,
        "netIncomeRatio": 0.2728638588,
        "eps": 0.47,
        "epsdiluted": 0.45,
        "weightedAverageShsOut": 243623000,
        "weightedAverageShsOutDil": 252401000,
        "link": "https://www.sec.gov/Archives/edgar/data/945764/000095013408014570/0000950134-08-014570-index.htm",
        "finalLink": "https://www.sec.gov/Archives/edgar/data/945764/000095013408014570/d59266e10vq.htm"
    },
    {
        "date": "2008-03-31",
        "symbol": "DEN",
        "reportedCurrency": "USD",
        "cik": "0000945764",
        "fillingDate": "2008-05-06",
        "acceptedDate": "2008-05-06 17:17:12",
        "calendarYear": "2008",
        "period": "Q1",
        "revenue": 317335000,
        "costOfRevenue": 68694000,
        "grossProfit": 248641000,
        "grossProfitRatio": 0.7835284479,
        "researchAndDevelopmentExpenses": 0,
        "generalAndAdministrativeExpenses": 16005000,
        "sellingAndMarketingExpenses": 0,
        "sellingGeneralAndAdministrativeExpenses": 16005000,
        "otherExpenses": 65025000,
        "operatingExpenses": 81030000,
        "costAndExpenses": 149724000,
        "interestIncome": 0,
        "interestExpense": 0,
        "depreciationAndAmortization": 49839000,
        "ebitda": 264512000,
        "ebitdaratio": 0.8335418406,
        "operatingIncome": 167611000,
        "operatingIncomeRatio": 0.5281831503,
        "totalOtherIncomeExpensesNet": -51722000,
        "incomeBeforeTax": 115889000,
        "incomeBeforeTaxRatio": 0.3651945105,
        "incomeTaxExpense": 42887000,
        "netIncome": 73002000,
        "netIncomeRatio": 0.2300471111,
        "eps": 0.3,
        "epsdiluted": 0.29,
        "weightedAverageShsOut": 242757000,
        "weightedAverageShsOutDil": 252109000,
        "link": "https://www.sec.gov/Archives/edgar/data/945764/000095013408008586/0000950134-08-008586-index.htm",
        "finalLink": "https://www.sec.gov/Archives/edgar/data/945764/000095013408008586/d56433e10vq.htm"
    },
    {
        "date": "2007-12-31",
        "symbol": "DEN",
        "reportedCurrency": "USD",
        "cik": "0000945764",
        "fillingDate": "2008-02-29",
        "acceptedDate": "2008-02-29 12:32:21",
        "calendarYear": "2007",
        "period": "Q4",
        "revenue": 321776000,
        "costOfRevenue": 66362000,
        "grossProfit": 255414000,
        "grossProfitRatio": 0.7937633633,
        "researchAndDevelopmentExpenses": 0,
        "generalAndAdministrativeExpenses": 0,
        "sellingAndMarketingExpenses": 0,
        "sellingGeneralAndAdministrativeExpenses": 58173000,
        "otherExpenses": 0,
        "operatingExpenses": 84455000,
        "costAndExpenses": 150817000,
        "interestIncome": 0,
        "interestExpense": 0,
        "depreciationAndAmortization": 57568000,
        "ebitda": 239239000,
        "ebitdaratio": 0.7434954751,
        "operatingIncome": 170959000,
        "operatingIncomeRatio": 0.5312981702,
        "totalOtherIncomeExpensesNet": -18483000,
        "incomeBeforeTax": 152476000,
        "incomeBeforeTaxRatio": 0.4738575904,
        "incomeTaxExpense": 46500000,
        "netIncome": 105976000,
        "netIncomeRatio": 0.3293471235,
        "eps": 0.43,
        "epsdiluted": 0.43,
        "weightedAverageShsOut": 244749156,
        "weightedAverageShsOutDil": 244749156,
        "link": "https://www.sec.gov/Archives/edgar/data/945764/000095013408003807/0000950134-08-003807-index.htm",
        "finalLink": "https://www.sec.gov/Archives/edgar/data/945764/000095013408003807/d54412e10vk.htm"
    },
    {
        "date": "2007-09-30",
        "symbol": "DEN",
        "reportedCurrency": "USD",
        "cik": "0000945764",
        "fillingDate": "2007-11-06",
        "acceptedDate": "2007-11-06 14:41:15",
        "calendarYear": "2007",
        "period": "Q3",
        "revenue": 253509000,
        "costOfRevenue": 62347000,
        "grossProfit": 191162000,
        "grossProfitRatio": 0.7540639583,
        "researchAndDevelopmentExpenses": 0,
        "generalAndAdministrativeExpenses": 11541000,
        "sellingAndMarketingExpenses": 0,
        "sellingGeneralAndAdministrativeExpenses": 11541000,
        "otherExpenses": 63753000,
        "operatingExpenses": 75294000,
        "costAndExpenses": 137641000,
        "interestIncome": 0,
        "interestExpense": 0,
        "depreciationAndAmortization": 52797000,
        "ebitda": 165569000,
        "ebitdaratio": 0.6531089626,
        "operatingIncome": 115868000,
        "operatingIncomeRatio": 0.4570567514,
        "totalOtherIncomeExpensesNet": -4655000,
        "incomeBeforeTax": 111213000,
        "incomeBeforeTaxRatio": 0.4386944842,
        "incomeTaxExpense": 43225000,
        "netIncome": 67988000,
        "netIncomeRatio": 0.2681877172,
        "eps": 0.56,
        "epsdiluted": 0.54,
        "weightedAverageShsOut": 120434000,
        "weightedAverageShsOutDil": 125225000,
        "link": "https://www.sec.gov/Archives/edgar/data/945764/000095013407022981/0000950134-07-022981-index.htm",
        "finalLink": "https://www.sec.gov/Archives/edgar/data/945764/000095013407022981/d51127e10vq.htm"
    },
    {
        "date": "2007-06-30",
        "symbol": "DEN",
        "reportedCurrency": "USD",
        "cik": "0000945764",
        "fillingDate": "2007-08-06",
        "acceptedDate": "2007-08-06 16:38:59",
        "calendarYear": "2007",
        "period": "Q2",
        "revenue": 222637000,
        "costOfRevenue": 59762000,
        "grossProfit": 162875000,
        "grossProfitRatio": 0.7315720208,
        "researchAndDevelopmentExpenses": 0,
        "generalAndAdministrativeExpenses": 11694000,
        "sellingAndMarketingExpenses": 9035000,
        "sellingGeneralAndAdministrativeExpenses": 20729000,
        "otherExpenses": 46235000,
        "operatingExpenses": 66964000,
        "costAndExpenses": 126726000,
        "interestIncome": 0,
        "interestExpense": 0,
        "depreciationAndAmortization": 47198000,
        "ebitda": 128060000,
        "ebitdaratio": 0.5751963959,
        "operatingIncome": 95911000,
        "operatingIncomeRatio": 0.4307954203,
        "totalOtherIncomeExpensesNet": 6566000,
        "incomeBeforeTax": 102477000,
        "incomeBeforeTaxRatio": 0.4602873736,
        "incomeTaxExpense": 39910000,
        "netIncome": 62567000,
        "netIncomeRatio": 0.2810269632,
        "eps": 0.52,
        "epsdiluted": 0.5,
        "weightedAverageShsOut": 119793000,
        "weightedAverageShsOutDil": 124769000,
        "link": "https://www.sec.gov/Archives/edgar/data/945764/000095013407016992/0000950134-07-016992-index.htm",
        "finalLink": "https://www.sec.gov/Archives/edgar/data/945764/000095013407016992/d48775e10vq.htm"
    },
    {
        "date": "2007-03-31",
        "symbol": "DEN",
        "reportedCurrency": "USD",
        "cik": "0000945764",
        "fillingDate": "2007-05-07",
        "acceptedDate": "2007-05-07 11:50:43",
        "calendarYear": "2007",
        "period": "Q1",
        "revenue": 174008000,
        "costOfRevenue": 52361000,
        "grossProfit": 121647000,
        "grossProfitRatio": 0.6990885477,
        "researchAndDevelopmentExpenses": 0,
        "generalAndAdministrativeExpenses": 11434000,
        "sellingAndMarketingExpenses": 0,
        "sellingGeneralAndAdministrativeExpenses": 11434000,
        "otherExpenses": 50130000,
        "operatingExpenses": 61564000,
        "costAndExpenses": 113925000,
        "interestIncome": 0,
        "interestExpense": 0,
        "depreciationAndAmortization": 41027000,
        "ebitda": 128599000,
        "ebitdaratio": 0.7390407338,
        "operatingIncome": 60083000,
        "operatingIncomeRatio": 0.3452887224,
        "totalOtherIncomeExpensesNet": -32835000,
        "incomeBeforeTax": 27248000,
        "incomeBeforeTaxRatio": 0.1565905016,
        "incomeTaxExpense": 10632000,
        "netIncome": 16616000,
        "netIncomeRatio": 0.0954898625,
        "eps": 0.14,
        "epsdiluted": 0.13,
        "weightedAverageShsOut": 118992000,
        "weightedAverageShsOutDil": 123954000,
        "link": "https://www.sec.gov/Archives/edgar/data/945764/000095013407010411/0000950134-07-010411-index.htm",
        "finalLink": "https://www.sec.gov/Archives/edgar/data/945764/000095013407010411/d46291e10vq.htm"
    },
    {
        "date": "2006-12-31",
        "symbol": "DEN",
        "reportedCurrency": "USD",
        "cik": "0000945764",
        "fillingDate": "2007-03-01",
        "acceptedDate": "2007-02-28 19:35:54",
        "calendarYear": "2006",
        "period": "Q4",
        "revenue": 167339000,
        "costOfRevenue": 49124000,
        "grossProfit": 118215000,
        "grossProfitRatio": 0.7064402202,
        "researchAndDevelopmentExpenses": 0,
        "generalAndAdministrativeExpenses": 0,
        "sellingAndMarketingExpenses": 0,
        "sellingGeneralAndAdministrativeExpenses": 32879000,
        "otherExpenses": 0,
        "operatingExpenses": 55052000,
        "costAndExpenses": 104176000,
        "interestIncome": 0,
        "interestExpense": 0,
        "depreciationAndAmortization": 39698000,
        "ebitda": 72249000,
        "ebitdaratio": 0.4317523112,
        "operatingIncome": 63163000,
        "operatingIncomeRatio": 0.3774553451,
        "totalOtherIncomeExpensesNet": 26111000,
        "incomeBeforeTax": 89274000,
        "incomeBeforeTaxRatio": 0.5334918937,
        "incomeTaxExpense": 34151000,
        "netIncome": 55123000,
        "netIncomeRatio": 0.3294091634,
        "eps": 0.46,
        "epsdiluted": 0.46,
        "weightedAverageShsOut": 120136488,
        "weightedAverageShsOutDil": 120136488,
        "link": "https://www.sec.gov/Archives/edgar/data/945764/000095013407004432/0000950134-07-004432-index.htm",
        "finalLink": "https://www.sec.gov/Archives/edgar/data/945764/000095013407004432/d43971e10vk.htm"
    },
    {
        "date": "2006-09-30",
        "symbol": "DEN",
        "reportedCurrency": "USD",
        "cik": "0000945764",
        "fillingDate": "2006-11-03",
        "acceptedDate": "2006-11-03 17:26:52",
        "calendarYear": "2006",
        "period": "Q3",
        "revenue": 192044000,
        "costOfRevenue": 44205000,
        "grossProfit": 147839000,
        "grossProfitRatio": 0.769818375,
        "researchAndDevelopmentExpenses": 0,
        "generalAndAdministrativeExpenses": 10599000,
        "sellingAndMarketingExpenses": 0,
        "sellingGeneralAndAdministrativeExpenses": 10599000,
        "otherExpenses": 49799000,
        "operatingExpenses": 60398000,
        "costAndExpenses": 104603000,
        "interestIncome": 0,
        "interestExpense": 0,
        "depreciationAndAmortization": 41758000,
        "ebitda": 116824000,
        "ebitdaratio": 0.6083189269,
        "operatingIncome": 87441000,
        "operatingIncomeRatio": 0.4553175314,
        "totalOtherIncomeExpensesNet": 7523000,
        "incomeBeforeTax": 94964000,
        "incomeBeforeTaxRatio": 0.4944908458,
        "incomeTaxExpense": 35670000,
        "netIncome": 59294000,
        "netIncomeRatio": 0.308752161,
        "eps": 0.5,
        "epsdiluted": 0.48,
        "weightedAverageShsOut": 117917000,
        "weightedAverageShsOutDil": 123966000,
        "link": "https://www.sec.gov/Archives/edgar/data/945764/000095013406020447/0000950134-06-020447-index.htm",
        "finalLink": "https://www.sec.gov/Archives/edgar/data/945764/000095013406020447/d40889e10vq.htm"
    },
    {
        "date": "2006-06-30",
        "symbol": "DEN",
        "reportedCurrency": "USD",
        "cik": "0000945764",
        "fillingDate": "2006-08-07",
        "acceptedDate": "2006-08-07 17:14:34",
        "calendarYear": "2006",
        "period": "Q2",
        "revenue": 193247000,
        "costOfRevenue": 43531000,
        "grossProfit": 149716000,
        "grossProfitRatio": 0.7747390645,
        "researchAndDevelopmentExpenses": 0,
        "generalAndAdministrativeExpenses": 14574000,
        "sellingAndMarketingExpenses": 0,
        "sellingGeneralAndAdministrativeExpenses": 14574000,
        "otherExpenses": 44593000,
        "operatingExpenses": 59167000,
        "costAndExpenses": 102698000,
        "interestIncome": 0,
        "interestExpense": 0,
        "depreciationAndAmortization": 36319000,
        "ebitda": 109740000,
        "ebitdaratio": 0.5678742749,
        "operatingIncome": 90549000,
        "operatingIncomeRatio": 0.4685661356,
        "totalOtherIncomeExpensesNet": -16961000,
        "incomeBeforeTax": 73588000,
        "incomeBeforeTaxRatio": 0.380797632,
        "incomeTaxExpense": 29326000,
        "netIncome": 44262000,
        "netIncomeRatio": 0.2290436592,
        "eps": 0.38,
        "epsdiluted": 0.36,
        "weightedAverageShsOut": 116471000,
        "weightedAverageShsOutDil": 122988000,
        "link": "https://www.sec.gov/Archives/edgar/data/945764/000095013406015059/0000950134-06-015059-index.htm",
        "finalLink": "https://www.sec.gov/Archives/edgar/data/945764/000095013406015059/d38453e10vq.htm"
    },
    {
        "date": "2006-03-31",
        "symbol": "DEN",
        "reportedCurrency": "USD",
        "cik": "0000945764",
        "fillingDate": "2006-05-05",
        "acceptedDate": "2006-05-05 17:29:08",
        "calendarYear": "2006",
        "period": "Q1",
        "revenue": 178906000,
        "costOfRevenue": 37816000,
        "grossProfit": 141090000,
        "grossProfitRatio": 0.7886264295,
        "researchAndDevelopmentExpenses": 0,
        "generalAndAdministrativeExpenses": 9867000,
        "sellingAndMarketingExpenses": 7088000,
        "sellingGeneralAndAdministrativeExpenses": 16955000,
        "otherExpenses": 32743000,
        "operatingExpenses": 49698000,
        "costAndExpenses": 87514000,
        "interestIncome": 0,
        "interestExpense": 0,
        "depreciationAndAmortization": 32993000,
        "ebitda": 136015000,
        "ebitdaratio": 0.7602595777,
        "operatingIncome": 91392000,
        "operatingIncomeRatio": 0.5108380937,
        "totalOtherIncomeExpensesNet": -19644000,
        "incomeBeforeTax": 71748000,
        "incomeBeforeTaxRatio": 0.4010374163,
        "incomeTaxExpense": 27970000,
        "netIncome": 43778000,
        "netIncomeRatio": 0.2446983332,
        "eps": 0.39,
        "epsdiluted": 0.37,
        "weightedAverageShsOut": 113151000,
        "weightedAverageShsOutDil": 119925000,
        "link": "https://www.sec.gov/Archives/edgar/data/945764/000095013406008918/0000950134-06-008918-index.htm",
        "finalLink": "https://www.sec.gov/Archives/edgar/data/945764/000095013406008918/d35749e10vq.htm"
    },
    {
        "date": "2005-12-31",
        "symbol": "DEN",
        "reportedCurrency": "USD",
        "cik": "0000945764",
        "fillingDate": "2006-03-08",
        "acceptedDate": "2006-03-07 18:35:05",
        "calendarYear": "2005",
        "period": "Q4",
        "revenue": 179529000,
        "costOfRevenue": 34693000,
        "grossProfit": 144836000,
        "grossProfitRatio": 0.8067554546,
        "researchAndDevelopmentExpenses": 0,
        "generalAndAdministrativeExpenses": 0,
        "sellingAndMarketingExpenses": 0,
        "sellingGeneralAndAdministrativeExpenses": 22833000,
        "otherExpenses": 0,
        "operatingExpenses": 42470000,
        "costAndExpenses": 77163000,
        "interestIncome": 0,
        "interestExpense": 0,
        "depreciationAndAmortization": -71276000,
        "ebitda": 141497000,
        "ebitdaratio": 0.788156788,
        "operatingIncome": 102366000,
        "operatingIncomeRatio": 0.5701920024,
        "totalOtherIncomeExpensesNet": -17310000,
        "incomeBeforeTax": 85056000,
        "incomeBeforeTaxRatio": 0.4737730395,
        "incomeTaxExpense": 27870000,
        "netIncome": 57186000,
        "netIncomeRatio": 0.318533496,
        "eps": 0.51,
        "epsdiluted": 0.47,
        "weightedAverageShsOut": 111743000,
        "weightedAverageShsOutDil": 121242000,
        "link": "https://www.sec.gov/Archives/edgar/data/945764/000095013406004437/0000950134-06-004437-index.htm",
        "finalLink": "https://www.sec.gov/Archives/edgar/data/945764/000095013406004437/d33594e10vk.htm"
    },
    {
        "date": "2005-09-30",
        "symbol": "DEN",
        "reportedCurrency": "USD",
        "cik": "0000945764",
        "fillingDate": "2005-11-08",
        "acceptedDate": "2005-11-07 18:45:16",
        "calendarYear": "2005",
        "period": "Q3",
        "revenue": 141142000,
        "costOfRevenue": 27637000,
        "grossProfit": 113505000,
        "grossProfitRatio": 0.8041901064,
        "researchAndDevelopmentExpenses": 0,
        "generalAndAdministrativeExpenses": 0,
        "sellingAndMarketingExpenses": 0,
        "sellingGeneralAndAdministrativeExpenses": 8952000,
        "otherExpenses": 0,
        "operatingExpenses": 39287000,
        "costAndExpenses": 66924000,
        "interestIncome": 0,
        "interestExpense": 0,
        "depreciationAndAmortization": 24831000,
        "ebitda": 110867000,
        "ebitdaratio": 0.7854997095,
        "operatingIncome": 74218000,
        "operatingIncomeRatio": 0.5258392257,
        "totalOtherIncomeExpensesNet": -15664000,
        "incomeBeforeTax": 58554000,
        "incomeBeforeTaxRatio": 0.4148587947,
        "incomeTaxExpense": 20008000,
        "netIncome": 38546000,
        "netIncomeRatio": 0.2731008488,
        "eps": 0.34,
        "epsdiluted": 0.32,
        "weightedAverageShsOut": 112159000,
        "weightedAverageShsOutDil": 119487000,
        "link": "https://www.sec.gov/Archives/edgar/data/945764/000089907805000854/0000899078-05-000854-index.htm",
        "finalLink": "https://www.sec.gov/Archives/edgar/data/945764/000089907805000854/form10q-3rdquarter2005.txt"
    },
    {
        "date": "2005-06-30",
        "symbol": "DEN",
        "reportedCurrency": "USD",
        "cik": "0000945764",
        "fillingDate": "2005-08-08",
        "acceptedDate": "2005-08-08 16:42:44",
        "calendarYear": "2005",
        "period": "Q2",
        "revenue": 127983000,
        "costOfRevenue": 28256000,
        "grossProfit": 99727000,
        "grossProfitRatio": 0.7792206777,
        "researchAndDevelopmentExpenses": 0,
        "generalAndAdministrativeExpenses": 0,
        "sellingAndMarketingExpenses": 0,
        "sellingGeneralAndAdministrativeExpenses": 5992000,
        "otherExpenses": 0,
        "operatingExpenses": 35925000,
        "costAndExpenses": 64181000,
        "interestIncome": 0,
        "interestExpense": 0,
        "depreciationAndAmortization": 24855000,
        "ebitda": 86607000,
        "ebitdaratio": 0.6767070627,
        "operatingIncome": 64827000,
        "operatingIncomeRatio": 0.5065282108,
        "totalOtherIncomeExpensesNet": -4291000,
        "incomeBeforeTax": 60536000,
        "incomeBeforeTaxRatio": 0.4730003204,
        "incomeTaxExpense": 19864000,
        "netIncome": 40672000,
        "netIncomeRatio": 0.3177922068,
        "eps": 0.37,
        "epsdiluted": 0.34,
        "weightedAverageShsOut": 111306000,
        "weightedAverageShsOutDil": 117944000,
        "link": "https://www.sec.gov/Archives/edgar/data/945764/000089907805000583/0000899078-05-000583-index.htm",
        "finalLink": "https://www.sec.gov/Archives/edgar/data/945764/000089907805000583/secondquarter2005-form10q.txt"
    },
    {
        "date": "2005-03-31",
        "symbol": "DEN",
        "reportedCurrency": "USD",
        "cik": "0000945764",
        "fillingDate": "2005-05-09",
        "acceptedDate": "2005-05-09 15:05:10",
        "calendarYear": "2005",
        "period": "Q1",
        "revenue": 113649000,
        "costOfRevenue": 24244000,
        "grossProfit": 89405000,
        "grossProfitRatio": 0.7866765216,
        "researchAndDevelopmentExpenses": 0,
        "generalAndAdministrativeExpenses": 0,
        "sellingAndMarketingExpenses": 0,
        "sellingGeneralAndAdministrativeExpenses": 14316000,
        "otherExpenses": 0,
        "operatingExpenses": 41034000,
        "costAndExpenses": 65278000,
        "interestIncome": 0,
        "interestExpense": 0,
        "depreciationAndAmortization": 21590000,
        "ebitda": 69961000,
        "ebitdaratio": 0.6155883466,
        "operatingIncome": 48371000,
        "operatingIncomeRatio": 0.4256174713,
        "totalOtherIncomeExpensesNet": -4476000,
        "incomeBeforeTax": 43895000,
        "incomeBeforeTaxRatio": 0.3862330509,
        "incomeTaxExpense": 13828000,
        "netIncome": 30067000,
        "netIncomeRatio": 0.2645601809,
        "eps": 0.27,
        "epsdiluted": 0.26,
        "weightedAverageShsOut": 110919000,
        "weightedAverageShsOutDil": 117207000,
        "link": "https://www.sec.gov/Archives/edgar/data/945764/000089907805000362/0000899078-05-000362-index.htm",
        "finalLink": "https://www.sec.gov/Archives/edgar/data/945764/000089907805000362/fq2005-form10q.txt"
    },
    {
        "date": "2004-12-31",
        "symbol": "DEN",
        "reportedCurrency": "USD",
        "cik": "0000945764",
        "fillingDate": "2005-03-15",
        "acceptedDate": "2005-03-15 17:04:36",
        "calendarYear": "2004",
        "period": "Q4",
        "revenue": 114056000,
        "costOfRevenue": 20732000,
        "grossProfit": 93324000,
        "grossProfitRatio": 0.8182296416,
        "researchAndDevelopmentExpenses": 0,
        "generalAndAdministrativeExpenses": 0,
        "sellingAndMarketingExpenses": 0,
        "sellingGeneralAndAdministrativeExpenses": 7506000,
        "otherExpenses": 0,
        "operatingExpenses": 24775000,
        "costAndExpenses": 45507000,
        "interestIncome": 0,
        "interestExpense": 0,
        "depreciationAndAmortization": 22315000,
        "ebitda": 121941000,
        "ebitdaratio": 1.0691327067,
        "operatingIncome": 68549000,
        "operatingIncomeRatio": 0.6010117837,
        "totalOtherIncomeExpensesNet": -34798000,
        "incomeBeforeTax": 33751000,
        "incomeBeforeTaxRatio": 0.2959160412,
        "incomeTaxExpense": 11270000,
        "netIncome": 22481000,
        "netIncomeRatio": 0.1971049309,
        "eps": 0.2,
        "epsdiluted": 0.19,
        "weightedAverageShsOut": 110524000,
        "weightedAverageShsOutDil": 116292000,
        "link": "https://www.sec.gov/Archives/edgar/data/945764/000089907805000209/0000899078-05-000209-index.htm",
        "finalLink": "https://www.sec.gov/Archives/edgar/data/945764/000089907805000209/fy2004-form10k.txt"
    },
    {
        "date": "2004-09-30",
        "symbol": "DEN",
        "reportedCurrency": "USD",
        "cik": "0000945764",
        "fillingDate": "2004-11-09",
        "acceptedDate": "2004-11-08 18:06:43",
        "calendarYear": "2004",
        "period": "Q3",
        "revenue": 104749000,
        "costOfRevenue": 20302000,
        "grossProfit": 84447000,
        "grossProfitRatio": 0.8061843072,
        "researchAndDevelopmentExpenses": 0,
        "generalAndAdministrativeExpenses": 0,
        "sellingAndMarketingExpenses": 0,
        "sellingGeneralAndAdministrativeExpenses": 6197000,
        "otherExpenses": 0,
        "operatingExpenses": 31994000,
        "costAndExpenses": 52296000,
        "interestIncome": 0,
        "interestExpense": 0,
        "depreciationAndAmortization": 42903000,
        "ebitda": 117599000,
        "ebitdaratio": 1.1226742021,
        "operatingIncome": 52453000,
        "operatingIncomeRatio": 0.5007494105,
        "totalOtherIncomeExpensesNet": -26347000,
        "incomeBeforeTax": 26106000,
        "incomeBeforeTaxRatio": 0.2492243363,
        "incomeTaxExpense": 7832000,
        "netIncome": 18274000,
        "netIncomeRatio": 0.1744551261,
        "eps": 0.17,
        "epsdiluted": 0.16,
        "weightedAverageShsOut": 110170000,
        "weightedAverageShsOutDil": 115098000,
        "link": "https://www.sec.gov/Archives/edgar/data/945764/000089907804000736/0000899078-04-000736-index.htm",
        "finalLink": "https://www.sec.gov/Archives/edgar/data/945764/000089907804000736/denbury3rdq10q2004.txt"
    },
    {
        "date": "2004-06-30",
        "symbol": "DEN",
        "reportedCurrency": "USD",
        "cik": "0000945764",
        "fillingDate": "2004-08-09",
        "acceptedDate": "2004-08-09 17:21:18",
        "calendarYear": "2004",
        "period": "Q2",
        "revenue": 120651000,
        "costOfRevenue": 24739000,
        "grossProfit": 95912000,
        "grossProfitRatio": 0.794954041,
        "researchAndDevelopmentExpenses": 0,
        "generalAndAdministrativeExpenses": 0,
        "sellingAndMarketingExpenses": 0,
        "sellingGeneralAndAdministrativeExpenses": 4178000,
        "otherExpenses": 0,
        "operatingExpenses": 43999000,
        "costAndExpenses": 68738000,
        "interestIncome": 0,
        "interestExpense": 0,
        "depreciationAndAmortization": 6987000,
        "ebitda": 123698000,
        "ebitdaratio": 1.0252546601,
        "operatingIncome": 33674000,
        "operatingIncomeRatio": 0.2791025354,
        "totalOtherIncomeExpensesNet": -4636000,
        "incomeBeforeTax": 29038000,
        "incomeBeforeTaxRatio": 0.240677657,
        "incomeTaxExpense": 9649000,
        "netIncome": 19389000,
        "netIncomeRatio": 0.1607031852,
        "eps": 0.35,
        "epsdiluted": 0.34,
        "weightedAverageShsOut": 54744000,
        "weightedAverageShsOutDil": 57102000,
        "link": "https://www.sec.gov/Archives/edgar/data/945764/000089907804000546/0000899078-04-000546-index.htm",
        "finalLink": "https://www.sec.gov/Archives/edgar/data/945764/000089907804000546/denbury2ndq10q2004.txt"
    },
    {
        "date": "2004-03-31",
        "symbol": "DEN",
        "reportedCurrency": "USD",
        "cik": "0000945764",
        "fillingDate": "2004-05-07",
        "acceptedDate": "2004-05-07 11:28:25",
        "calendarYear": "2004",
        "period": "Q1",
        "revenue": 111597000,
        "costOfRevenue": 22672000,
        "grossProfit": 88925000,
        "grossProfitRatio": 0.7968404169,
        "researchAndDevelopmentExpenses": 0,
        "generalAndAdministrativeExpenses": 0,
        "sellingAndMarketingExpenses": 0,
        "sellingGeneralAndAdministrativeExpenses": 4748000,
        "otherExpenses": 0,
        "operatingExpenses": 36957000,
        "costAndExpenses": 59629000,
        "interestIncome": 0,
        "interestExpense": 0,
        "depreciationAndAmortization": 28605000,
        "ebitda": 94841000,
        "ebitdaratio": 0.8498525946,
        "operatingIncome": 51968000,
        "operatingIncomeRatio": 0.4656756006,
        "totalOtherIncomeExpensesNet": -19023000,
        "incomeBeforeTax": 32945000,
        "incomeBeforeTaxRatio": 0.2952140291,
        "incomeTaxExpense": 10641000,
        "netIncome": 22304000,
        "netIncomeRatio": 0.1998620035,
        "eps": 0.41,
        "epsdiluted": 0.4,
        "weightedAverageShsOut": 54388000,
        "weightedAverageShsOutDil": 56313000,
        "link": "https://www.sec.gov/Archives/edgar/data/945764/000089907804000332/0000899078-04-000332-index.htm",
        "finalLink": "https://www.sec.gov/Archives/edgar/data/945764/000089907804000332/denbury1q200410q.txt"
    },
    {
        "date": "2003-12-31",
        "symbol": "DEN",
        "reportedCurrency": "USD",
        "cik": "0000945764",
        "fillingDate": "2004-03-12",
        "acceptedDate": "2004-03-12 17:27:09",
        "calendarYear": "2003",
        "period": "Q4",
        "revenue": 91507000,
        "costOfRevenue": 21846000,
        "grossProfit": 69661000,
        "grossProfitRatio": 0.7612641656,
        "researchAndDevelopmentExpenses": 0,
        "generalAndAdministrativeExpenses": 0,
        "sellingAndMarketingExpenses": 0,
        "sellingGeneralAndAdministrativeExpenses": 4577000,
        "otherExpenses": 0,
        "operatingExpenses": 33855000,
        "costAndExpenses": 55701000,
        "interestIncome": 0,
        "interestExpense": 0,
        "depreciationAndAmortization": 25591000,
        "ebitda": 70279000,
        "ebitdaratio": 0.7680177473,
        "operatingIncome": 35806000,
        "operatingIncomeRatio": 0.3912924694,
        "totalOtherIncomeExpensesNet": -13453000,
        "incomeBeforeTax": 22353000,
        "incomeBeforeTaxRatio": 0.2442763942,
        "incomeTaxExpense": 7143000,
        "netIncome": 15210000,
        "netIncomeRatio": 0.1662167922,
        "eps": 0.28,
        "epsdiluted": 0.27,
        "weightedAverageShsOut": 54052000,
        "weightedAverageShsOutDil": 55731000,
        "link": "https://www.sec.gov/Archives/edgar/data/945764/000089907804000220/0000899078-04-000220-index.htm",
        "finalLink": "https://www.sec.gov/Archives/edgar/data/945764/000089907804000220/denbury200310k.txt"
    },
    {
        "date": "2003-09-30",
        "symbol": "DEN",
        "reportedCurrency": "USD",
        "cik": "0000945764",
        "fillingDate": "2003-11-12",
        "acceptedDate": "2003-11-12 16:38:08",
        "calendarYear": "2003",
        "period": "Q3",
        "revenue": 91034000,
        "costOfRevenue": 23002000,
        "grossProfit": 68032000,
        "grossProfitRatio": 0.7473251752,
        "researchAndDevelopmentExpenses": 0,
        "generalAndAdministrativeExpenses": 0,
        "sellingAndMarketingExpenses": 0,
        "sellingGeneralAndAdministrativeExpenses": 3445000,
        "otherExpenses": 0,
        "operatingExpenses": 28331000,
        "costAndExpenses": 51333000,
        "interestIncome": 0,
        "interestExpense": 0,
        "depreciationAndAmortization": 21398000,
        "ebitda": 73130000,
        "ebitdaratio": 0.8033262298,
        "operatingIncome": 39701000,
        "operatingIncomeRatio": 0.4361117824,
        "totalOtherIncomeExpensesNet": -17002000,
        "incomeBeforeTax": 22699000,
        "incomeBeforeTaxRatio": 0.249346398,
        "incomeTaxExpense": 7550000,
        "netIncome": 15149000,
        "netIncomeRatio": 0.1664103522,
        "eps": 0.28,
        "epsdiluted": 0.27,
        "weightedAverageShsOut": 54014000,
        "weightedAverageShsOutDil": 55718000,
        "link": "https://www.sec.gov/Archives/edgar/data/945764/000089907803000596/0000899078-03-000596-index.htm",
        "finalLink": "https://www.sec.gov/Archives/edgar/data/945764/000089907803000596/denbury3rdq10-q2003.txt"
    },
    {
        "date": "2003-06-30",
        "symbol": "DEN",
        "reportedCurrency": "USD",
        "cik": "0000945764",
        "fillingDate": "2003-08-13",
        "acceptedDate": "2003-08-12 20:26:40",
        "calendarYear": "2003",
        "period": "Q2",
        "revenue": 97197000,
        "costOfRevenue": 23582000,
        "grossProfit": 73615000,
        "grossProfitRatio": 0.757379343,
        "researchAndDevelopmentExpenses": 0,
        "generalAndAdministrativeExpenses": 0,
        "sellingAndMarketingExpenses": 0,
        "sellingGeneralAndAdministrativeExpenses": 3376000,
        "otherExpenses": 0,
        "operatingExpenses": 29222000,
        "costAndExpenses": 52804000,
        "interestIncome": 0,
        "interestExpense": 0,
        "depreciationAndAmortization": 22704000,
        "ebitda": 115711000,
        "ebitdaratio": 1.19047913,
        "operatingIncome": 26764000,
        "operatingIncomeRatio": 0.275358293,
        "totalOtherIncomeExpensesNet": -19201000,
        "incomeBeforeTax": 7563000,
        "incomeBeforeTaxRatio": 0.0778110436,
        "incomeTaxExpense": 2434000,
        "netIncome": 5129000,
        "netIncomeRatio": 0.0527691184,
        "eps": 0.1,
        "epsdiluted": 0.09,
        "weightedAverageShsOut": 53815000,
        "weightedAverageShsOutDil": 55337000,
        "link": "https://www.sec.gov/Archives/edgar/data/945764/000089907803000437/0000899078-03-000437-index.htm",
        "finalLink": "https://www.sec.gov/Archives/edgar/data/945764/000089907803000437/denbury2dq10q2003.txt"
    },
    {
        "date": "2003-03-31",
        "symbol": "DEN",
        "reportedCurrency": "USD",
        "cik": "0000945764",
        "fillingDate": "2003-05-14",
        "acceptedDate": "2003-05-14 16:53:15",
        "calendarYear": "2003",
        "period": "Q1",
        "revenue": 113913000,
        "costOfRevenue": 22719000,
        "grossProfit": 91194000,
        "grossProfitRatio": 0.8005583208,
        "researchAndDevelopmentExpenses": 0,
        "generalAndAdministrativeExpenses": 0,
        "sellingAndMarketingExpenses": 0,
        "sellingGeneralAndAdministrativeExpenses": 3791000,
        "otherExpenses": 0,
        "operatingExpenses": 29730000,
        "costAndExpenses": 52449000,
        "interestIncome": 0,
        "interestExpense": 0,
        "depreciationAndAmortization": 22558000,
        "ebitda": 111707000,
        "ebitdaratio": 0.9806343438,
        "operatingIncome": 61464000,
        "operatingIncomeRatio": 0.5395696716,
        "totalOtherIncomeExpensesNet": -33926000,
        "incomeBeforeTax": 27538000,
        "incomeBeforeTaxRatio": 0.2417458938,
        "incomeTaxExpense": 9085000,
        "netIncome": 21065000,
        "netIncomeRatio": 0.1849218263,
        "eps": 0.39,
        "epsdiluted": 0.38,
        "weightedAverageShsOut": 53639000,
        "weightedAverageShsOutDil": 55049000,
        "link": "https://www.sec.gov/Archives/edgar/data/945764/000089907803000298/0000899078-03-000298-index.htm",
        "finalLink": "https://www.sec.gov/Archives/edgar/data/945764/000089907803000298/denbury1stq10q2003.txt"
    },
    {
        "date": "2002-12-31",
        "symbol": "DEN",
        "reportedCurrency": "USD",
        "cik": "0000945764",
        "fillingDate": "2003-03-25",
        "acceptedDate": "2003-03-24 18:33:21",
        "calendarYear": "2002",
        "period": "Q4",
        "revenue": 81726000,
        "costOfRevenue": 21362000,
        "grossProfit": 60364000,
        "grossProfitRatio": 0.7386143944,
        "researchAndDevelopmentExpenses": 0,
        "generalAndAdministrativeExpenses": 0,
        "sellingAndMarketingExpenses": 0,
        "sellingGeneralAndAdministrativeExpenses": 2493000,
        "otherExpenses": 0,
        "operatingExpenses": 30111000,
        "costAndExpenses": 51473000,
        "interestIncome": 0,
        "interestExpense": 0,
        "depreciationAndAmortization": 24902000,
        "ebitda": 56653000,
        "ebitdaratio": 0.6932065683,
        "operatingIncome": 30253000,
        "operatingIncomeRatio": 0.3701759538,
        "totalOtherIncomeExpensesNet": -6692000,
        "incomeBeforeTax": 23561000,
        "incomeBeforeTaxRatio": 0.2882925874,
        "incomeTaxExpense": 8269000,
        "netIncome": 15292000,
        "netIncomeRatio": 0.1871130362,
        "eps": 0.29,
        "epsdiluted": 0.28,
        "weightedAverageShsOut": 53462000,
        "weightedAverageShsOutDil": 54881000,
        "link": "https://www.sec.gov/Archives/edgar/data/945764/000089907803000178/0000899078-03-000178-index.htm",
        "finalLink": "https://www.sec.gov/Archives/edgar/data/945764/000089907803000178/denbury200210ka.txt"
    },
    {
        "date": "2002-09-30",
        "symbol": "DEN",
        "reportedCurrency": "USD",
        "cik": "0000945764",
        "fillingDate": "2002-11-12",
        "acceptedDate": "2002-11-12 15:52:00",
        "calendarYear": "2002",
        "period": "Q3",
        "revenue": 74526000,
        "costOfRevenue": 18145000,
        "grossProfit": 56381000,
        "grossProfitRatio": 0.7565279231,
        "researchAndDevelopmentExpenses": 0,
        "generalAndAdministrativeExpenses": 0,
        "sellingAndMarketingExpenses": 0,
        "sellingGeneralAndAdministrativeExpenses": 2692000,
        "otherExpenses": 0,
        "operatingExpenses": 27901000,
        "costAndExpenses": 46046000,
        "interestIncome": 0,
        "interestExpense": 0,
        "depreciationAndAmortization": 22577000,
        "ebitda": 51275000,
        "ebitdaratio": 0.688014921,
        "operatingIncome": 28480000,
        "operatingIncomeRatio": 0.3821485119,
        "totalOtherIncomeExpensesNet": -6860000,
        "incomeBeforeTax": 21620000,
        "incomeBeforeTaxRatio": 0.2901000993,
        "incomeTaxExpense": 8161000,
        "netIncome": 13459000,
        "netIncomeRatio": 0.1805946918,
        "eps": 0.25,
        "epsdiluted": 0.25,
        "weightedAverageShsOut": 53354000,
        "weightedAverageShsOutDil": 54562000,
        "link": "https://www.sec.gov/Archives/edgar/data/945764/000089907802000678/0000899078-02-000678-index.htm",
        "finalLink": "https://www.sec.gov/Archives/edgar/data/945764/000089907802000678/denbury3rdq10q2002.txt"
    },
    {
        "date": "2002-06-30",
        "symbol": "DEN",
        "reportedCurrency": "USD",
        "cik": "0000945764",
        "fillingDate": "2002-08-14",
        "acceptedDate": "2002-08-13 18:16:27",
        "calendarYear": "2002",
        "period": "Q2",
        "revenue": 73010000,
        "costOfRevenue": 20783000,
        "grossProfit": 52227000,
        "grossProfitRatio": 0.7153403643,
        "researchAndDevelopmentExpenses": 0,
        "generalAndAdministrativeExpenses": 0,
        "sellingAndMarketingExpenses": 0,
        "sellingGeneralAndAdministrativeExpenses": 2933000,
        "otherExpenses": 0,
        "operatingExpenses": 26487000,
        "costAndExpenses": 47270000,
        "interestIncome": 0,
        "interestExpense": 0,
        "depreciationAndAmortization": 24520000,
        "ebitda": 50248000,
        "ebitdaratio": 0.6882344884,
        "operatingIncome": 25740000,
        "operatingIncomeRatio": 0.3525544446,
        "totalOtherIncomeExpensesNet": -6129000,
        "incomeBeforeTax": 19611000,
        "incomeBeforeTaxRatio": 0.2686070401,
        "incomeTaxExpense": 6113000,
        "netIncome": 13498000,
        "netIncomeRatio": 0.1848787837,
        "eps": 0.25,
        "epsdiluted": 0.25,
        "weightedAverageShsOut": 53158000,
        "weightedAverageShsOutDil": 54301000,
        "link": "https://www.sec.gov/Archives/edgar/data/945764/000089907802000459/0000899078-02-000459-index.htm",
        "finalLink": "https://www.sec.gov/Archives/edgar/data/945764/000089907802000459/denbury2ndq10q2002.txt"
    },
    {
        "date": "2002-03-31",
        "symbol": "DEN",
        "reportedCurrency": "USD",
        "cik": "0000945764",
        "fillingDate": "2002-05-13",
        "acceptedDate": "2002-05-13 17:11:51",
        "calendarYear": "2002",
        "period": "Q1",
        "revenue": 55447000,
        "costOfRevenue": 18209000,
        "grossProfit": 37238000,
        "grossProfitRatio": 0.6715962992,
        "researchAndDevelopmentExpenses": 0,
        "generalAndAdministrativeExpenses": 0,
        "sellingAndMarketingExpenses": 0,
        "sellingGeneralAndAdministrativeExpenses": 2849000,
        "otherExpenses": 0,
        "operatingExpenses": 25061000,
        "costAndExpenses": 43270000,
        "interestIncome": 0,
        "interestExpense": 0,
        "depreciationAndAmortization": 21845000,
        "ebitda": 34022000,
        "ebitdaratio": 0.6135949646,
        "operatingIncome": 12177000,
        "operatingIncomeRatio": 0.219615128,
        "totalOtherIncomeExpensesNet": -6654000,
        "incomeBeforeTax": 5523000,
        "incomeBeforeTaxRatio": 0.0996086353,
        "incomeTaxExpense": 977000,
        "netIncome": 4546000,
        "netIncomeRatio": 0.081988205,
        "eps": 0.0887,
        "epsdiluted": 0.0869,
        "weightedAverageShsOut": 51241500,
        "weightedAverageShsOutDil": 52331000,
        "link": "https://www.sec.gov/Archives/edgar/data/945764/000089907802000315/0000899078-02-000315-index.htm",
        "finalLink": "https://www.sec.gov/Archives/edgar/data/945764/000089907802000315/denbury1stq10q2002.txt"
    },
    {
        "date": "2001-12-31",
        "symbol": "DEN",
        "reportedCurrency": "USD",
        "cik": "0000945764",
        "fillingDate": "2002-03-25",
        "acceptedDate": "2002-03-25 00:00:00",
        "calendarYear": "2001",
        "period": "Q4",
        "revenue": 52878000,
        "costOfRevenue": 15696000,
        "grossProfit": 37182000,
        "grossProfitRatio": 0.7031657778,
        "researchAndDevelopmentExpenses": 0,
        "generalAndAdministrativeExpenses": 0,
        "sellingAndMarketingExpenses": 0,
        "sellingGeneralAndAdministrativeExpenses": 12628000,
        "otherExpenses": 0,
        "operatingExpenses": 30495000,
        "costAndExpenses": 46191000,
        "interestIncome": 0,
        "interestExpense": 0,
        "depreciationAndAmortization": 25641000,
        "ebitda": 54508000,
        "ebitdaratio": 1.0308256742,
        "operatingIncome": -1148000,
        "operatingIncomeRatio": -0.0217103521,
        "totalOtherIncomeExpensesNet": -12761000,
        "incomeBeforeTax": -13909000,
        "incomeBeforeTaxRatio": -0.2630394493,
        "incomeTaxExpense": -10431000,
        "netIncome": -3478000,
        "netIncomeRatio": -0.0657740459,
        "eps": -0.0657,
        "epsdiluted": -0.0648,
        "weightedAverageShsOut": 52919000,
        "weightedAverageShsOutDil": 53712000,
        "link": "https://www.sec.gov/Archives/edgar/data/945764/000089907802000222/0000899078-02-000222-index.htm",
        "finalLink": "https://www.sec.gov/Archives/edgar/data/945764/000089907802000222/denbury10k2001.txt"
    },
    {
        "date": "2001-09-30",
        "symbol": "DEN",
        "reportedCurrency": "USD",
        "cik": "0000945764",
        "fillingDate": "2001-11-14",
        "acceptedDate": "2001-11-14 00:00:00",
        "calendarYear": "2001",
        "period": "Q3",
        "revenue": 67009000,
        "costOfRevenue": 15191000,
        "grossProfit": 51818000,
        "grossProfitRatio": 0.7732991091,
        "researchAndDevelopmentExpenses": 0,
        "generalAndAdministrativeExpenses": 0,
        "sellingAndMarketingExpenses": 0,
        "sellingGeneralAndAdministrativeExpenses": 2892000,
        "otherExpenses": 0,
        "operatingExpenses": 30657000,
        "costAndExpenses": 45848000,
        "interestIncome": 0,
        "interestExpense": 0,
        "depreciationAndAmortization": 28527000,
        "ebitda": 35254000,
        "ebitdaratio": 0.5261084332,
        "operatingIncome": 28378000,
        "operatingIncomeRatio": 0.4234953514,
        "totalOtherIncomeExpensesNet": -6238000,
        "incomeBeforeTax": 22140000,
        "incomeBeforeTaxRatio": 0.3304033787,
        "incomeTaxExpense": 8192000,
        "netIncome": 13948000,
        "netIncomeRatio": 0.2081511439,
        "eps": 0.27,
        "epsdiluted": 0.26,
        "weightedAverageShsOut": 52169000,
        "weightedAverageShsOutDil": 53154000,
        "link": "https://www.sec.gov/Archives/edgar/data/945764/000089907801500450/0000899078-01-500450-index.htm",
        "finalLink": "https://www.sec.gov/Archives/edgar/data/945764/000089907801500450/denbury3rd10q2001.txt"
    },
    {
        "date": "2001-06-30",
        "symbol": "DEN",
        "reportedCurrency": "USD",
        "cik": "0000945764",
        "fillingDate": "2001-08-14",
        "acceptedDate": "2001-08-14 00:00:00",
        "calendarYear": "2001",
        "period": "Q2",
        "revenue": 66547000,
        "costOfRevenue": 15226000,
        "grossProfit": 51321000,
        "grossProfitRatio": 0.7711993027,
        "researchAndDevelopmentExpenses": 0,
        "generalAndAdministrativeExpenses": 0,
        "sellingAndMarketingExpenses": 0,
        "sellingGeneralAndAdministrativeExpenses": 2004000,
        "otherExpenses": 0,
        "operatingExpenses": 14952000,
        "costAndExpenses": 30178000,
        "interestIncome": 0,
        "interestExpense": 0,
        "depreciationAndAmortization": 12648000,
        "ebitda": 49229000,
        "ebitdaratio": 0.7397628744,
        "operatingIncome": 36263000,
        "operatingIncomeRatio": 0.544923137,
        "totalOtherIncomeExpensesNet": -4340000,
        "incomeBeforeTax": 31923000,
        "incomeBeforeTaxRatio": 0.4797060724,
        "incomeTaxExpense": 11812000,
        "netIncome": 20111000,
        "netIncomeRatio": 0.3022074624,
        "eps": 0.41,
        "epsdiluted": 0.4,
        "weightedAverageShsOut": 49090500,
        "weightedAverageShsOutDil": 50207500,
        "link": "https://www.sec.gov/Archives/edgar/data/945764/000089907801500266/0000899078-01-500266-index.htm",
        "finalLink": "https://www.sec.gov/Archives/edgar/data/945764/000089907801500266/denbury2nd10q2001.txt"
    },
    {
        "date": "2001-03-31",
        "symbol": "DEN",
        "reportedCurrency": "USD",
        "cik": "0000945764",
        "fillingDate": "2001-05-15",
        "acceptedDate": "2001-05-15 00:00:00",
        "calendarYear": "2001",
        "period": "Q1",
        "revenue": 79174000,
        "costOfRevenue": 24873000,
        "grossProfit": 54301000,
        "grossProfitRatio": 0.6858438376,
        "researchAndDevelopmentExpenses": 0,
        "generalAndAdministrativeExpenses": 0,
        "sellingAndMarketingExpenses": 0,
        "sellingGeneralAndAdministrativeExpenses": 2401000,
        "otherExpenses": 0,
        "operatingExpenses": 5284000,
        "costAndExpenses": 30157000,
        "interestIncome": 0,
        "interestExpense": 0,
        "depreciationAndAmortization": 12345000,
        "ebitda": 67642000,
        "ebitdaratio": 0.8543461237,
        "operatingIncome": 45877000,
        "operatingIncomeRatio": 0.5794452724,
        "totalOtherIncomeExpensesNet": -4657000,
        "incomeBeforeTax": 41220000,
        "incomeBeforeTaxRatio": 0.5206254579,
        "incomeTaxExpense": 15251000,
        "netIncome": 25969000,
        "netIncomeRatio": 0.3279990906,
        "eps": 0.56,
        "epsdiluted": 0.55,
        "weightedAverageShsOut": 46012000,
        "weightedAverageShsOutDil": 47261000,
        "link": "https://www.sec.gov/Archives/edgar/data/945764/000089907801500065/0000899078-01-500065-index.htm",
        "finalLink": "https://www.sec.gov/Archives/edgar/data/945764/000089907801500065/denbury1stq10q2001.txt"
    },
    {
        "date": "2000-12-31",
        "symbol": "DEN",
        "reportedCurrency": "USD",
        "cik": "0000945764",
        "fillingDate": "2001-03-16",
        "acceptedDate": "2001-03-16 00:00:00",
        "calendarYear": "2000",
        "period": "Q4",
        "revenue": 62932000,
        "costOfRevenue": 10803000,
        "grossProfit": 52129000,
        "grossProfitRatio": 0.8283385241,
        "researchAndDevelopmentExpenses": 0,
        "generalAndAdministrativeExpenses": 0,
        "sellingAndMarketingExpenses": 0,
        "sellingGeneralAndAdministrativeExpenses": 2220000,
        "otherExpenses": 0,
        "operatingExpenses": 17635000,
        "costAndExpenses": 28438000,
        "interestIncome": 0,
        "interestExpense": 0,
        "depreciationAndAmortization": 12656000,
        "ebitda": 47150000,
        "ebitdaratio": 0.7492213818,
        "operatingIncome": 34494000,
        "operatingIncomeRatio": 0.5481154262,
        "totalOtherIncomeExpensesNet": -3839000,
        "incomeBeforeTax": 30655000,
        "incomeBeforeTaxRatio": 0.4871130744,
        "incomeTaxExpense": -67415000,
        "netIncome": 98070000,
        "netIncomeRatio": 1.5583486938,
        "eps": 2.14,
        "epsdiluted": 2.11,
        "weightedAverageShsOut": 45916000,
        "weightedAverageShsOutDil": 47027000,
        "link": "https://www.sec.gov/Archives/edgar/data/945764/000089907801000150/0000899078-01-000150-index.htm",
        "finalLink": "https://www.sec.gov/Archives/edgar/data/945764/000089907801000150/0000899078-01-000150-0001.txt"
    },
    {
        "date": "2000-09-30",
        "symbol": "DEN",
        "reportedCurrency": "USD",
        "cik": "0000945764",
        "fillingDate": "2000-11-14",
        "acceptedDate": "2000-11-14 00:00:00",
        "calendarYear": "2000",
        "period": "Q3",
        "revenue": 44053000,
        "costOfRevenue": 9737000,
        "grossProfit": 34316000,
        "grossProfitRatio": 0.7789707852,
        "researchAndDevelopmentExpenses": 0,
        "generalAndAdministrativeExpenses": 0,
        "sellingAndMarketingExpenses": 0,
        "sellingGeneralAndAdministrativeExpenses": 1960000,
        "otherExpenses": 0,
        "operatingExpenses": 12347000,
        "costAndExpenses": 22084000,
        "interestIncome": 0,
        "interestExpense": 0,
        "depreciationAndAmortization": 8228000,
        "ebitda": 30197000,
        "ebitdaratio": 0.685469775,
        "operatingIncome": 21969000,
        "operatingIncomeRatio": 0.498694754,
        "totalOtherIncomeExpensesNet": -2849000,
        "incomeBeforeTax": 19120000,
        "incomeBeforeTaxRatio": 0.4340226545,
        "incomeTaxExpense": 81000,
        "netIncome": 19039000,
        "netIncomeRatio": 0.4321839602,
        "eps": 0.42,
        "epsdiluted": 0.41,
        "weightedAverageShsOut": 45856000,
        "weightedAverageShsOutDil": 46505000,
        "link": "https://www.sec.gov/Archives/edgar/data/945764/000094576400000056/0000945764-00-000056-index.htm",
        "finalLink": "https://www.sec.gov/Archives/edgar/data/945764/000094576400000056/0000945764-00-000056-0001.txt"
    },
    {
        "date": "2000-06-30",
        "symbol": "DEN",
        "reportedCurrency": "USD",
        "cik": "0000945764",
        "fillingDate": "2000-08-10",
        "acceptedDate": "2000-08-10 00:00:00",
        "calendarYear": "2000",
        "period": "Q2",
        "revenue": 37185000,
        "costOfRevenue": 10758000,
        "grossProfit": 26427000,
        "grossProfitRatio": 0.7106897943,
        "researchAndDevelopmentExpenses": 0,
        "generalAndAdministrativeExpenses": 0,
        "sellingAndMarketingExpenses": 0,
        "sellingGeneralAndAdministrativeExpenses": 1903000,
        "otherExpenses": 0,
        "operatingExpenses": 9559000,
        "costAndExpenses": 20317000,
        "interestIncome": 0,
        "interestExpense": 0,
        "depreciationAndAmortization": 7505000,
        "ebitda": 24373000,
        "ebitdaratio": 0.6554524674,
        "operatingIncome": 16868000,
        "operatingIncomeRatio": 0.453623773,
        "totalOtherIncomeExpensesNet": -3245000,
        "incomeBeforeTax": 13623000,
        "incomeBeforeTaxRatio": 0.3663574022,
        "incomeTaxExpense": 20000,
        "netIncome": 13603000,
        "netIncomeRatio": 0.3658195509,
        "eps": 0.3,
        "epsdiluted": 0.3,
        "weightedAverageShsOut": 45799000,
        "weightedAverageShsOutDil": 46099000,
        "link": "https://www.sec.gov/Archives/edgar/data/945764/000094576400000041/0000945764-00-000041-index.htm",
        "finalLink": "https://www.sec.gov/Archives/edgar/data/945764/000094576400000041/0000945764-00-000041-0001.txt"
    },
    {
        "date": "2000-03-31",
        "symbol": "DEN",
        "reportedCurrency": "USD",
        "cik": "0000945764",
        "fillingDate": "2000-05-10",
        "acceptedDate": "2000-05-10 00:00:00",
        "calendarYear": "2000",
        "period": "Q1",
        "revenue": 35202000,
        "costOfRevenue": 10689000,
        "grossProfit": 24513000,
        "grossProfitRatio": 0.69635248,
        "researchAndDevelopmentExpenses": 0,
        "generalAndAdministrativeExpenses": 0,
        "sellingAndMarketingExpenses": 0,
        "sellingGeneralAndAdministrativeExpenses": 1972000,
        "otherExpenses": 0,
        "operatingExpenses": 9935000,
        "costAndExpenses": 20624000,
        "interestIncome": 0,
        "interestExpense": 0,
        "depreciationAndAmortization": 7825000,
        "ebitda": 22403000,
        "ebitdaratio": 0.6364127038,
        "operatingIncome": 14578000,
        "operatingIncomeRatio": 0.4141241975,
        "totalOtherIncomeExpensesNet": -3043000,
        "incomeBeforeTax": 11535000,
        "incomeBeforeTaxRatio": 0.3276802454,
        "incomeTaxExpense": 20000,
        "netIncome": 11515000,
        "netIncomeRatio": 0.3271120959,
        "eps": 0.25,
        "epsdiluted": 0.25,
        "weightedAverageShsOut": 45719000,
        "weightedAverageShsOutDil": 45720000,
        "link": "https://www.sec.gov/Archives/edgar/data/945764/000094576400000025/0000945764-00-000025-index.html",
        "finalLink": "https://www.sec.gov/Archives/edgar/data/945764/000094576400000025/0000945764-00-000025.txt"
    },
    {
        "date": "1999-12-31",
        "symbol": "DEN",
        "reportedCurrency": "USD",
        "cik": "0000945764",
        "fillingDate": "2000-03-20",
        "acceptedDate": "2000-03-20 00:00:00",
        "calendarYear": "1999",
        "period": "Q4",
        "revenue": 27000000,
        "costOfRevenue": 9500000,
        "grossProfit": 17500000,
        "grossProfitRatio": 0.6481481481,
        "researchAndDevelopmentExpenses": 0,
        "generalAndAdministrativeExpenses": 0,
        "sellingAndMarketingExpenses": 0,
        "sellingGeneralAndAdministrativeExpenses": 1700000,
        "otherExpenses": 0,
        "operatingExpenses": 9500000,
        "costAndExpenses": 19000000,
        "interestIncome": 0,
        "interestExpense": 0,
        "depreciationAndAmortization": 7900000,
        "ebitda": 15900000,
        "ebitdaratio": 0.5888888889,
        "operatingIncome": 8000000,
        "operatingIncomeRatio": 0.2962962963,
        "totalOtherIncomeExpensesNet": 0,
        "incomeBeforeTax": 8000000,
        "incomeBeforeTaxRatio": 0.2962962963,
        "incomeTaxExpense": 3300000,
        "netIncome": 4700000,
        "netIncomeRatio": 0.1740740741,
        "eps": 0.1,
        "epsdiluted": 0.1,
        "weightedAverageShsOut": 45718000,
        "weightedAverageShsOutDil": 45718000,
        "link": "https://www.sec.gov/Archives/edgar/data/945764/000092623600000030/0000926236-00-000030-index.html",
        "finalLink": "https://www.sec.gov/Archives/edgar/data/945764/000092623600000030/"
    },
    {
        "date": "1999-09-30",
        "symbol": "DEN",
        "reportedCurrency": "USD",
        "cik": "0000945764",
        "fillingDate": "1999-11-09",
        "acceptedDate": "1999-11-09 00:00:00",
        "calendarYear": "1999",
        "period": "Q3",
        "revenue": 22000000,
        "costOfRevenue": 7900000,
        "grossProfit": 14100000,
        "grossProfitRatio": 0.6409090909,
        "researchAndDevelopmentExpenses": 0,
        "generalAndAdministrativeExpenses": 0,
        "sellingAndMarketingExpenses": 0,
        "sellingGeneralAndAdministrativeExpenses": 1800000,
        "otherExpenses": 0,
        "operatingExpenses": 8600000,
        "costAndExpenses": 16500000,
        "interestIncome": 0,
        "interestExpense": 0,
        "depreciationAndAmortization": 6700000,
        "ebitda": 12200000,
        "ebitdaratio": 0.5545454545,
        "operatingIncome": 5500000,
        "operatingIncomeRatio": 0.25,
        "totalOtherIncomeExpensesNet": 0,
        "incomeBeforeTax": 5500000,
        "incomeBeforeTaxRatio": 0.25,
        "incomeTaxExpense": 3100000,
        "netIncome": 2400000,
        "netIncomeRatio": 0.1090909091,
        "eps": 0.0125,
        "epsdiluted": 0.0125,
        "weightedAverageShsOut": 45647000,
        "weightedAverageShsOutDil": 45647000,
        "link": "https://www.sec.gov/Archives/edgar/data/945764/0000945764-99-000056-index.html",
        "finalLink": "https://www.sec.gov/Archives/edgar/data/945764/000094576499000056/0000945764-99-000056.txt"
    },
    {
        "date": "1999-06-30",
        "symbol": "DEN",
        "reportedCurrency": "USD",
        "cik": "0000945764",
        "fillingDate": "1999-08-11",
        "acceptedDate": "1999-08-11 00:00:00",
        "calendarYear": "1999",
        "period": "Q2",
        "revenue": 17900000,
        "costOfRevenue": 6500000,
        "grossProfit": 11400000,
        "grossProfitRatio": 0.6368715084,
        "researchAndDevelopmentExpenses": 0,
        "generalAndAdministrativeExpenses": 0,
        "sellingAndMarketingExpenses": 0,
        "sellingGeneralAndAdministrativeExpenses": 1700000,
        "otherExpenses": 0,
        "operatingExpenses": 7500000,
        "costAndExpenses": 14000000,
        "interestIncome": 0,
        "interestExpense": 0,
        "depreciationAndAmortization": 5600000,
        "ebitda": 9100000,
        "ebitdaratio": 0.5083798883,
        "operatingIncome": 3900000,
        "operatingIncomeRatio": 0.217877095,
        "totalOtherIncomeExpensesNet": 400000,
        "incomeBeforeTax": 4300000,
        "incomeBeforeTaxRatio": 0.2402234637,
        "incomeTaxExpense": 3400000,
        "netIncome": 500000,
        "netIncomeRatio": 0.0279329609,
        "eps": 0.0025,
        "epsdiluted": 0.0025,
        "weightedAverageShsOut": 45587000,
        "weightedAverageShsOutDil": 45587000,
        "link": "https://www.sec.gov/Archives/edgar/data/945764/000094576499000049/0000945764-99-000049-index.html",
        "finalLink": "https://www.sec.gov/Archives/edgar/data/945764/000094576499000049/0000945764-99-000049.txt"
    },
    {
        "date": "1999-03-31",
        "symbol": "DEN",
        "reportedCurrency": "USD",
        "cik": "0000945764",
        "fillingDate": "1999-05-11",
        "acceptedDate": "1999-05-11 00:00:00",
        "calendarYear": "1999",
        "period": "Q1",
        "revenue": 14700000,
        "costOfRevenue": 5900000,
        "grossProfit": 8800000,
        "grossProfitRatio": 0.5986394558,
        "researchAndDevelopmentExpenses": 0,
        "generalAndAdministrativeExpenses": 0,
        "sellingAndMarketingExpenses": 0,
        "sellingGeneralAndAdministrativeExpenses": 1900000,
        "otherExpenses": 0,
        "operatingExpenses": 7400000,
        "costAndExpenses": 13300000,
        "interestIncome": 0,
        "interestExpense": 0,
        "depreciationAndAmortization": 5300000,
        "ebitda": 6300000,
        "ebitdaratio": 0.4285714286,
        "operatingIncome": 1400000,
        "operatingIncomeRatio": 0.0952380952,
        "totalOtherIncomeExpensesNet": 400000,
        "incomeBeforeTax": 1800000,
        "incomeBeforeTaxRatio": 0.1224489796,
        "incomeTaxExpense": 4400000,
        "netIncome": -3000000,
        "netIncomeRatio": -0.2040816327,
        "eps": -0.0633,
        "epsdiluted": -0.0633,
        "weightedAverageShsOut": 47364929,
        "weightedAverageShsOutDil": 47364929,
        "link": "https://www.sec.gov/Archives/edgar/data/945764/000094576499000045/0000945764-99-000045-index.html",
        "finalLink": "https://www.sec.gov/Archives/edgar/data/945764/"
    },
    {
        "date": "1998-12-31",
        "symbol": "DEN",
        "reportedCurrency": "USD",
        "cik": "0000945764",
        "fillingDate": "1999-03-19",
        "acceptedDate": "1999-03-19 00:00:00",
        "calendarYear": "1998",
        "period": "Q4",
        "revenue": 14900000,
        "costOfRevenue": 6400000,
        "grossProfit": 8500000,
        "grossProfitRatio": 0.5704697987,
        "researchAndDevelopmentExpenses": 0,
        "generalAndAdministrativeExpenses": 0,
        "sellingAndMarketingExpenses": 0,
        "sellingGeneralAndAdministrativeExpenses": 1600000,
        "otherExpenses": 0,
        "operatingExpenses": 16500000,
        "costAndExpenses": 22900000,
        "interestIncome": 0,
        "interestExpense": 0,
        "depreciationAndAmortization": 14700000,
        "ebitda": 236200000,
        "ebitdaratio": 15.8523489933,
        "operatingIncome": -123000000,
        "operatingIncomeRatio": -8.255033557,
        "totalOtherIncomeExpensesNet": -4100000,
        "incomeBeforeTax": -127100000,
        "incomeBeforeTaxRatio": -8.5302013423,
        "incomeTaxExpense": 35000000,
        "netIncome": -162100000,
        "netIncomeRatio": -10.8791946309,
        "eps": -3.42,
        "epsdiluted": -3.42,
        "weightedAverageShsOut": 47364929,
        "weightedAverageShsOutDil": 47364929,
        "link": "https://www.sec.gov/Archives/edgar/data/945764/000094576499000033/0000945764-99-000033-index.html",
        "finalLink": "https://www.sec.gov/Archives/edgar/data/945764/0000945764-99-000033.txt"
    },
    {
        "date": "1998-09-30",
        "symbol": "DEN",
        "reportedCurrency": "USD",
        "cik": "0000945764",
        "fillingDate": "1998-11-06",
        "acceptedDate": "1998-11-06 00:00:00",
        "calendarYear": "1998",
        "period": "Q3",
        "revenue": 19300000,
        "costOfRevenue": 6800000,
        "grossProfit": 12500000,
        "grossProfitRatio": 0.6476683938,
        "researchAndDevelopmentExpenses": 0,
        "generalAndAdministrativeExpenses": 0,
        "sellingAndMarketingExpenses": 0,
        "sellingGeneralAndAdministrativeExpenses": 1500000,
        "otherExpenses": 0,
        "operatingExpenses": 10800000,
        "costAndExpenses": 17600000,
        "interestIncome": 0,
        "interestExpense": 0,
        "depreciationAndAmortization": 9000000,
        "ebitda": 10500000,
        "ebitdaratio": 0.5440414508,
        "operatingIncome": 1700000,
        "operatingIncomeRatio": 0.0880829016,
        "totalOtherIncomeExpensesNet": 300000,
        "incomeBeforeTax": 2000000,
        "incomeBeforeTaxRatio": 0.103626943,
        "incomeTaxExpense": 4200000,
        "netIncome": -2400000,
        "netIncomeRatio": -0.1243523316,
        "eps": -0.0507,
        "epsdiluted": -0.0507,
        "weightedAverageShsOut": 47364929,
        "weightedAverageShsOutDil": 47364929,
        "link": "https://www.sec.gov/Archives/edgar/data/945764/000094576498000041/0000945764-98-000041-index.html",
        "finalLink": "https://www.sec.gov/Archives/edgar/data/945764/"
    },
    {
        "date": "1998-06-30",
        "symbol": "DEN",
        "reportedCurrency": "USD",
        "cik": "0000945764",
        "fillingDate": "1998-08-12",
        "acceptedDate": "1998-08-12 00:00:00",
        "calendarYear": "1998",
        "period": "Q2",
        "revenue": 22500000,
        "costOfRevenue": 8100000,
        "grossProfit": 14400000,
        "grossProfitRatio": 0.64,
        "researchAndDevelopmentExpenses": 0,
        "generalAndAdministrativeExpenses": 0,
        "sellingAndMarketingExpenses": 0,
        "sellingGeneralAndAdministrativeExpenses": 1700000,
        "otherExpenses": 0,
        "operatingExpenses": 18000000,
        "costAndExpenses": 26100000,
        "interestIncome": 0,
        "interestExpense": 0,
        "depreciationAndAmortization": 16100000,
        "ebitda": 342100000,
        "ebitdaratio": 15.2044444444,
        "operatingIncome": -168600000,
        "operatingIncomeRatio": -7.4933333333,
        "totalOtherIncomeExpensesNet": -3500000,
        "incomeBeforeTax": -172100000,
        "incomeBeforeTaxRatio": -7.6488888889,
        "incomeTaxExpense": -50200000,
        "netIncome": -121900000,
        "netIncomeRatio": -5.4177777778,
        "eps": -2.57,
        "epsdiluted": -2.57,
        "weightedAverageShsOut": 47364929,
        "weightedAverageShsOutDil": 47364929,
        "link": "https://www.sec.gov/Archives/edgar/data/945764/000094576498000033/0000945764-98-000033-index.html",
        "finalLink": "https://www.sec.gov/Archives/edgar/data/945764/"
    },
    {
        "date": "1998-03-31",
        "symbol": "DEN",
        "reportedCurrency": "USD",
        "cik": "0000945764",
        "fillingDate": "1998-05-07",
        "acceptedDate": "1998-05-07 00:00:00",
        "calendarYear": "1998",
        "period": "Q1",
        "revenue": 25200000,
        "costOfRevenue": 7900000,
        "grossProfit": 17300000,
        "grossProfitRatio": 0.6865079365,
        "researchAndDevelopmentExpenses": 0,
        "generalAndAdministrativeExpenses": 0,
        "sellingAndMarketingExpenses": 0,
        "sellingGeneralAndAdministrativeExpenses": 1800000,
        "otherExpenses": 0,
        "operatingExpenses": 14400000,
        "costAndExpenses": 22300000,
        "interestIncome": 0,
        "interestExpense": 0,
        "depreciationAndAmortization": 12400000,
        "ebitda": 14900000,
        "ebitdaratio": 0.5912698413,
        "operatingIncome": 2900000,
        "operatingIncomeRatio": 0.1150793651,
        "totalOtherIncomeExpensesNet": -4000000,
        "incomeBeforeTax": -1100000,
        "incomeBeforeTaxRatio": -0.0436507937,
        "incomeTaxExpense": -400000,
        "netIncome": -700000,
        "netIncomeRatio": -0.0277777778,
        "eps": -0.0148,
        "epsdiluted": -0.0148,
        "weightedAverageShsOut": 47364929,
        "weightedAverageShsOutDil": 47364929,
        "link": "https://www.sec.gov/Archives/edgar/data/945764/000094576498000021/0000945764-98-000021-index.html",
        "finalLink": "https://www.sec.gov/Archives/edgar/data/945764/"
    },
    {
        "date": "1997-12-31",
        "symbol": "DEN",
        "reportedCurrency": "USD",
        "cik": "0000945764",
        "fillingDate": "1998-03-19",
        "acceptedDate": "1998-03-19 00:00:00",
        "calendarYear": "1997",
        "period": "Q4",
        "revenue": 25200000,
        "costOfRevenue": 6500000,
        "grossProfit": 18700000,
        "grossProfitRatio": 0.7420634921,
        "researchAndDevelopmentExpenses": 0,
        "generalAndAdministrativeExpenses": 0,
        "sellingAndMarketingExpenses": 0,
        "sellingGeneralAndAdministrativeExpenses": 1700000,
        "otherExpenses": 0,
        "operatingExpenses": 11300000,
        "costAndExpenses": 17800000,
        "interestIncome": 0,
        "interestExpense": 0,
        "depreciationAndAmortization": 9500000,
        "ebitda": 16800000,
        "ebitdaratio": 0.6666666667,
        "operatingIncome": 7400000,
        "operatingIncomeRatio": 0.2936507937,
        "totalOtherIncomeExpensesNet": -400000,
        "incomeBeforeTax": 7000000,
        "incomeBeforeTaxRatio": 0.2777777778,
        "incomeTaxExpense": 2700000,
        "netIncome": 4300000,
        "netIncomeRatio": 0.1706349206,
        "eps": 0.0908,
        "epsdiluted": 0.0908,
        "weightedAverageShsOut": 47364929,
        "weightedAverageShsOutDil": 47364929,
        "link": "https://www.sec.gov/Archives/edgar/data/945764/000094576498000013/0000945764-98-000013-index.html",
        "finalLink": "https://www.sec.gov/Archives/edgar/data/945764/"
    },
    {
        "date": "1997-09-30",
        "symbol": "DEN",
        "reportedCurrency": "USD",
        "cik": "0000945764",
        "fillingDate": "1997-11-06",
        "acceptedDate": "1997-11-06 00:00:00",
        "calendarYear": "1997",
        "period": "Q3",
        "revenue": 20200000,
        "costOfRevenue": 5400000,
        "grossProfit": 14800000,
        "grossProfitRatio": 0.7326732673,
        "researchAndDevelopmentExpenses": 0,
        "generalAndAdministrativeExpenses": 0,
        "sellingAndMarketingExpenses": 0,
        "sellingGeneralAndAdministrativeExpenses": 1400000,
        "otherExpenses": 0,
        "operatingExpenses": 9600000,
        "costAndExpenses": 15000000,
        "interestIncome": 0,
        "interestExpense": 0,
        "depreciationAndAmortization": 8100000,
        "ebitda": 13100000,
        "ebitdaratio": 0.6485148515,
        "operatingIncome": 5200000,
        "operatingIncomeRatio": 0.2574257426,
        "totalOtherIncomeExpensesNet": -100000,
        "incomeBeforeTax": 5100000,
        "incomeBeforeTaxRatio": 0.2524752475,
        "incomeTaxExpense": 1900000,
        "netIncome": 3200000,
        "netIncomeRatio": 0.1584158416,
        "eps": 0.0676,
        "epsdiluted": 0.0676,
        "weightedAverageShsOut": 47364929,
        "weightedAverageShsOutDil": 47364929,
        "link": "https://www.sec.gov/Archives/edgar/data/945764/000094576497000033/0000945764-97-000033-index.html",
        "finalLink": "https://www.sec.gov/Archives/edgar/data/945764/"
    },
    {
        "date": "1997-06-30",
        "symbol": "DEN",
        "reportedCurrency": "USD",
        "cik": "0000945764",
        "fillingDate": "1997-08-12",
        "acceptedDate": "1997-08-12 00:00:00",
        "calendarYear": "1997",
        "period": "Q2",
        "revenue": 18800000,
        "costOfRevenue": 5200000,
        "grossProfit": 13600000,
        "grossProfitRatio": 0.7234042553,
        "researchAndDevelopmentExpenses": 0,
        "generalAndAdministrativeExpenses": 0,
        "sellingAndMarketingExpenses": 0,
        "sellingGeneralAndAdministrativeExpenses": 1600000,
        "otherExpenses": 0,
        "operatingExpenses": 10300000,
        "costAndExpenses": 15500000,
        "interestIncome": 0,
        "interestExpense": 0,
        "depreciationAndAmortization": 8500000,
        "ebitda": 11500000,
        "ebitdaratio": 0.6117021277,
        "operatingIncome": 3300000,
        "operatingIncomeRatio": 0.1755319149,
        "totalOtherIncomeExpensesNet": 200000,
        "incomeBeforeTax": 3500000,
        "incomeBeforeTaxRatio": 0.1861702128,
        "incomeTaxExpense": 1300000,
        "netIncome": 2200000,
        "netIncomeRatio": 0.1170212766,
        "eps": 0.0464,
        "epsdiluted": 0.0464,
        "weightedAverageShsOut": 47364929,
        "weightedAverageShsOutDil": 47364929,
        "link": "https://www.sec.gov/Archives/edgar/data/945764/000094576497000012/0000945764-97-000012-index.html",
        "finalLink": "https://www.sec.gov/Archives/edgar/data/945764/"
    },
    {
        "date": "1997-03-31",
        "symbol": "DEN",
        "reportedCurrency": "USD",
        "cik": "0000945764",
        "fillingDate": "1997-05-13",
        "acceptedDate": "1997-05-13 00:00:00",
        "calendarYear": "1997",
        "period": "Q1",
        "revenue": 21100000,
        "costOfRevenue": 5100000,
        "grossProfit": 16000000,
        "grossProfitRatio": 0.7582938389,
        "researchAndDevelopmentExpenses": 0,
        "generalAndAdministrativeExpenses": 0,
        "sellingAndMarketingExpenses": 0,
        "sellingGeneralAndAdministrativeExpenses": 1500000,
        "otherExpenses": 0,
        "operatingExpenses": 8100000,
        "costAndExpenses": 13200000,
        "interestIncome": 0,
        "interestExpense": 0,
        "depreciationAndAmortization": 6600000,
        "ebitda": 14000000,
        "ebitdaratio": 0.663507109,
        "operatingIncome": 7900000,
        "operatingIncomeRatio": 0.3744075829,
        "totalOtherIncomeExpensesNet": 400000,
        "incomeBeforeTax": 8300000,
        "incomeBeforeTaxRatio": 0.3933649289,
        "incomeTaxExpense": 3100000,
        "netIncome": 5200000,
        "netIncomeRatio": 0.2464454976,
        "eps": 0.11,
        "epsdiluted": 0.11,
        "weightedAverageShsOut": 47364929,
        "weightedAverageShsOutDil": 47364929,
        "link": "https://www.sec.gov/Archives/edgar/data/945764/000094576497000008/0000945764-97-000008-index.html",
        "finalLink": "https://www.sec.gov/Archives/edgar/data/945764/"
    },
    {
        "date": "1996-12-31",
        "symbol": "DEN",
        "reportedCurrency": "USD",
        "cik": "0000945764",
        "fillingDate": "1997-03-20",
        "acceptedDate": "1997-03-20 00:00:00",
        "calendarYear": "1996",
        "period": "Q4",
        "revenue": 18200000,
        "costOfRevenue": 4300000,
        "grossProfit": 13900000,
        "grossProfitRatio": 0.7637362637,
        "researchAndDevelopmentExpenses": 0,
        "generalAndAdministrativeExpenses": 0,
        "sellingAndMarketingExpenses": 0,
        "sellingGeneralAndAdministrativeExpenses": 1500000,
        "otherExpenses": 0,
        "operatingExpenses": 6800000,
        "costAndExpenses": 11100000,
        "interestIncome": 0,
        "interestExpense": 0,
        "depreciationAndAmortization": 5300000,
        "ebitda": 12200000,
        "ebitdaratio": 0.6703296703,
        "operatingIncome": 7100000,
        "operatingIncomeRatio": 0.3901098901,
        "totalOtherIncomeExpensesNet": -300000,
        "incomeBeforeTax": 6800000,
        "incomeBeforeTaxRatio": 0.3736263736,
        "incomeTaxExpense": 2400000,
        "netIncome": 4400000,
        "netIncomeRatio": 0.2417582418,
        "eps": 0.0901,
        "epsdiluted": 0.0867,
        "weightedAverageShsOut": 48857143,
        "weightedAverageShsOutDil": 50725275,
        "link": "https://www.sec.gov/Archives/edgar/data/945764/000089907897000054/0000899078-97-000054-index.html",
        "finalLink": "https://www.sec.gov/Archives/edgar/data/945764/"
    },
    {
        "date": "1996-09-30",
        "symbol": "DEN",
        "reportedCurrency": "USD",
        "cik": "0000945764",
        "fillingDate": "1996-11-12",
        "acceptedDate": "1996-11-12 00:00:00",
        "calendarYear": "1996",
        "period": "Q3",
        "revenue": 14100000,
        "costOfRevenue": 3800000,
        "grossProfit": 10300000,
        "grossProfitRatio": 0.7304964539,
        "researchAndDevelopmentExpenses": 0,
        "generalAndAdministrativeExpenses": 0,
        "sellingAndMarketingExpenses": 0,
        "sellingGeneralAndAdministrativeExpenses": 1200000,
        "otherExpenses": 0,
        "operatingExpenses": 6500000,
        "costAndExpenses": 10300000,
        "interestIncome": 0,
        "interestExpense": 0,
        "depreciationAndAmortization": 5200000,
        "ebitda": 9100000,
        "ebitdaratio": 0.6453900709,
        "operatingIncome": 3800000,
        "operatingIncomeRatio": 0.2695035461,
        "totalOtherIncomeExpensesNet": -1000000,
        "incomeBeforeTax": 2800000,
        "incomeBeforeTaxRatio": 0.1985815603,
        "incomeTaxExpense": 1100000,
        "netIncome": 1700000,
        "netIncomeRatio": 0.1205673759,
        "eps": 0.035,
        "epsdiluted": 0.0325,
        "weightedAverageShsOut": 48571429,
        "weightedAverageShsOutDil": 52307692,
        "link": "https://www.sec.gov/Archives/edgar/data/945764/000095013496005896/0000950134-96-005896-index.html",
        "finalLink": "https://www.sec.gov/Archives/edgar/data/945764/"
    },
    {
        "date": "1996-06-30",
        "symbol": "DEN",
        "reportedCurrency": "USD",
        "cik": "0000945764",
        "fillingDate": "1996-08-14",
        "acceptedDate": "1996-08-14 00:00:00",
        "calendarYear": "1996",
        "period": "Q2",
        "revenue": 11600000,
        "costOfRevenue": 3300000,
        "grossProfit": 8300000,
        "grossProfitRatio": 0.7155172414,
        "researchAndDevelopmentExpenses": 0,
        "generalAndAdministrativeExpenses": 0,
        "sellingAndMarketingExpenses": 0,
        "sellingGeneralAndAdministrativeExpenses": 1200000,
        "otherExpenses": 0,
        "operatingExpenses": 5800000,
        "costAndExpenses": 9100000,
        "interestIncome": 0,
        "interestExpense": 0,
        "depreciationAndAmortization": 4500000,
        "ebitda": 7000000,
        "ebitdaratio": 0.6034482759,
        "operatingIncome": 2500000,
        "operatingIncomeRatio": 0.2155172414,
        "totalOtherIncomeExpensesNet": -400000,
        "incomeBeforeTax": 2100000,
        "incomeBeforeTaxRatio": 0.1810344828,
        "incomeTaxExpense": 900000,
        "netIncome": 1200000,
        "netIncomeRatio": 0.1034482759,
        "eps": 0.0275,
        "epsdiluted": 0.0275,
        "weightedAverageShsOut": 43636364,
        "weightedAverageShsOutDil": 43636364,
        "link": "https://www.sec.gov/Archives/edgar/data/945764/000095013496004290/0000950134-96-004290-index.html",
        "finalLink": "https://www.sec.gov/Archives/edgar/data/945764/"
    },
    {
        "date": "1996-03-31",
        "symbol": "DEN",
        "reportedCurrency": "USD",
        "cik": "0000945764",
        "fillingDate": "1996-03-31",
        "acceptedDate": "1996-03-30 19:00:00",
        "calendarYear": "1996",
        "period": "Q1",
        "revenue": 9000000,
        "costOfRevenue": 2000000,
        "grossProfit": 7000000,
        "grossProfitRatio": 0.7777777778,
        "researchAndDevelopmentExpenses": 0,
        "generalAndAdministrativeExpenses": 0,
        "sellingAndMarketingExpenses": 0,
        "sellingGeneralAndAdministrativeExpenses": 800000,
        "otherExpenses": 0,
        "operatingExpenses": 3800000,
        "costAndExpenses": 5800000,
        "interestIncome": 0,
        "interestExpense": 0,
        "depreciationAndAmortization": 2900000,
        "ebitda": 6800000,
        "ebitdaratio": 0.7555555556,
        "operatingIncome": 3200000,
        "operatingIncomeRatio": 0.3555555556,
        "totalOtherIncomeExpensesNet": -900000,
        "incomeBeforeTax": 2300000,
        "incomeBeforeTaxRatio": 0.2555555556,
        "incomeTaxExpense": 900000,
        "netIncome": 1400000,
        "netIncomeRatio": 0.1555555556,
        "eps": 0.03,
        "epsdiluted": 0.0275,
        "weightedAverageShsOut": 46666667,
        "weightedAverageShsOutDil": 50909091,
        "link": null,
        "finalLink": null
    },
    {
        "date": "1995-12-31",
        "symbol": "DEN",
        "reportedCurrency": "USD",
        "cik": "0000945764",
        "fillingDate": "1995-12-31",
        "acceptedDate": "1995-12-30 19:00:00",
        "calendarYear": "1995",
        "period": "Q4",
        "revenue": 6200000,
        "costOfRevenue": 0,
        "grossProfit": 6200000,
        "grossProfitRatio": 1,
        "researchAndDevelopmentExpenses": 0,
        "generalAndAdministrativeExpenses": 0,
        "sellingAndMarketingExpenses": 0,
        "sellingGeneralAndAdministrativeExpenses": 0,
        "otherExpenses": -16700000,
        "operatingExpenses": -16700000,
        "costAndExpenses": -16700000,
        "interestIncome": 0,
        "interestExpense": 0,
        "depreciationAndAmortization": 0,
        "ebitda": -10500000,
        "ebitdaratio": -1.6935483871,
        "operatingIncome": -10500000,
        "operatingIncomeRatio": -1.6935483871,
        "totalOtherIncomeExpensesNet": 0,
        "incomeBeforeTax": 0,
        "incomeBeforeTaxRatio": 0,
        "incomeTaxExpense": 0,
        "netIncome": 0,
        "netIncomeRatio": 0,
        "eps": 0,
        "epsdiluted": 0,
        "weightedAverageShsOut": 28000000,
        "weightedAverageShsOutDil": 28000000,
        "link": null,
        "finalLink": null
    },
    {
        "date": "1995-09-30",
        "symbol": "DEN",
        "reportedCurrency": "USD",
        "cik": "0000945764",
        "fillingDate": "1995-09-30",
        "acceptedDate": "1995-09-29 20:00:00",
        "calendarYear": "1995",
        "period": "Q3",
        "revenue": 4800000,
        "costOfRevenue": 0,
        "grossProfit": 4800000,
        "grossProfitRatio": 1,
        "researchAndDevelopmentExpenses": 0,
        "generalAndAdministrativeExpenses": 0,
        "sellingAndMarketingExpenses": 0,
        "sellingGeneralAndAdministrativeExpenses": 0,
        "otherExpenses": 0,
        "operatingExpenses": 0,
        "costAndExpenses": 0,
        "interestIncome": 0,
        "interestExpense": 0,
        "depreciationAndAmortization": 0,
        "ebitda": 4800000,
        "ebitdaratio": 1,
        "operatingIncome": 4800000,
        "operatingIncomeRatio": 1,
        "totalOtherIncomeExpensesNet": 0,
        "incomeBeforeTax": 0,
        "incomeBeforeTaxRatio": 0,
        "incomeTaxExpense": -200000,
        "netIncome": 200000,
        "netIncomeRatio": 0.0416666667,
        "eps": 0.005,
        "epsdiluted": 0.005,
        "weightedAverageShsOut": 25000000,
        "weightedAverageShsOutDil": 25000000,
        "link": null,
        "finalLink": null
    },
    {
        "date": "1995-06-30",
        "symbol": "DEN",
        "reportedCurrency": "USD",
        "cik": "0000945764",
        "fillingDate": "1995-06-30",
        "acceptedDate": "1995-06-29 20:00:00",
        "calendarYear": "1995",
        "period": "Q2",
        "revenue": 4600000,
        "costOfRevenue": 0,
        "grossProfit": 4600000,
        "grossProfitRatio": 1,
        "researchAndDevelopmentExpenses": 0,
        "generalAndAdministrativeExpenses": 0,
        "sellingAndMarketingExpenses": 0,
        "sellingGeneralAndAdministrativeExpenses": 0,
        "otherExpenses": 0,
        "operatingExpenses": 0,
        "costAndExpenses": 0,
        "interestIncome": 0,
        "interestExpense": 0,
        "depreciationAndAmortization": 0,
        "ebitda": 4600000,
        "ebitdaratio": 1,
        "operatingIncome": 4600000,
        "operatingIncomeRatio": 1,
        "totalOtherIncomeExpensesNet": 0,
        "incomeBeforeTax": 0,
        "incomeBeforeTaxRatio": 0,
        "incomeTaxExpense": 0,
        "netIncome": 0,
        "netIncomeRatio": 0,
        "eps": 0,
        "epsdiluted": 0,
        "weightedAverageShsOut": 20000000,
        "weightedAverageShsOutDil": 20000000,
        "link": null,
        "finalLink": null
    },
    {
        "date": "1995-03-31",
        "symbol": "DEN",
        "reportedCurrency": "USD",
        "cik": "0000945764",
        "fillingDate": "1995-03-31",
        "acceptedDate": "1995-03-30 19:00:00",
        "calendarYear": "1995",
        "period": "Q1",
        "revenue": 4400000,
        "costOfRevenue": 0,
        "grossProfit": 4400000,
        "grossProfitRatio": 1,
        "researchAndDevelopmentExpenses": 0,
        "generalAndAdministrativeExpenses": 0,
        "sellingAndMarketingExpenses": 0,
        "sellingGeneralAndAdministrativeExpenses": 0,
        "otherExpenses": 0,
        "operatingExpenses": 0,
        "costAndExpenses": 0,
        "interestIncome": 0,
        "interestExpense": 0,
        "depreciationAndAmortization": 0,
        "ebitda": 4400000,
        "ebitdaratio": 1,
        "operatingIncome": 4400000,
        "operatingIncomeRatio": 1,
        "totalOtherIncomeExpensesNet": 0,
        "incomeBeforeTax": 0,
        "incomeBeforeTaxRatio": 0,
        "incomeTaxExpense": -400000,
        "netIncome": 400000,
        "netIncomeRatio": 0.0909090909,
        "eps": 0.02,
        "epsdiluted": 0.02,
        "weightedAverageShsOut": 20000000,
        "weightedAverageShsOutDil": 20000000,
        "link": null,
        "finalLink": null
    }
]