[
    {
        "date": "2019-09-30",
        "symbol": "DF",
        "reportedCurrency": "USD",
        "cik": "0000000000",
        "fillingDate": "2019-09-30",
        "acceptedDate": "2019-09-29 20:00:00",
        "calendarYear": "2019",
        "period": "Q3",
        "revenue": 1849710000,
        "costOfRevenue": 1499369000,
        "grossProfit": 350341000,
        "grossProfitRatio": 0.1894032037,
        "researchAndDevelopmentExpenses": 0,
        "generalAndAdministrativeExpenses": 76086000,
        "sellingAndMarketingExpenses": 343955000,
        "sellingGeneralAndAdministrativeExpenses": 420041000,
        "otherExpenses": 0,
        "operatingExpenses": 420041000,
        "costAndExpenses": 1919410000,
        "interestIncome": 0,
        "interestExpense": 17330000,
        "depreciationAndAmortization": 68762000,
        "ebitda": 5390000,
        "ebitdaratio": 0.0029139703,
        "operatingIncome": -69700000,
        "operatingIncomeRatio": -0.0376815825,
        "totalOtherIncomeExpensesNet": -11141000,
        "incomeBeforeTax": -80841000,
        "incomeBeforeTaxRatio": -0.0437046888,
        "incomeTaxExpense": -1448000,
        "netIncome": -79254000,
        "netIncomeRatio": -0.0428467165,
        "eps": -0.86,
        "epsdiluted": -0.86,
        "weightedAverageShsOut": 91726349,
        "weightedAverageShsOutDil": 91726349,
        "link": "updating...",
        "finalLink": "processing..."
    },
    {
        "date": "2019-06-30",
        "symbol": "DF",
        "reportedCurrency": "USD",
        "cik": "0000000000",
        "fillingDate": "2019-06-30",
        "acceptedDate": "2019-06-29 20:00:00",
        "calendarYear": "2019",
        "period": "Q2",
        "revenue": 1843498000,
        "costOfRevenue": 1464018000,
        "grossProfit": 379480000,
        "grossProfitRatio": 0.2058477959,
        "researchAndDevelopmentExpenses": 0,
        "generalAndAdministrativeExpenses": 71546000,
        "sellingAndMarketingExpenses": 359574000,
        "sellingGeneralAndAdministrativeExpenses": 431120000,
        "otherExpenses": 0,
        "operatingExpenses": 431120000,
        "costAndExpenses": 1895138000,
        "interestIncome": 0,
        "interestExpense": 16200000,
        "depreciationAndAmortization": 101303000,
        "ebitda": 48555000,
        "ebitdaratio": 0.0263385151,
        "operatingIncome": -51640000,
        "operatingIncomeRatio": -0.0280119642,
        "totalOtherIncomeExpensesNet": -17700000,
        "incomeBeforeTax": -69340000,
        "incomeBeforeTaxRatio": -0.0376132765,
        "incomeTaxExpense": -4477000,
        "netIncome": -64471000,
        "netIncomeRatio": -0.0349721019,
        "eps": -0.7,
        "epsdiluted": -0.7,
        "weightedAverageShsOut": 91643179,
        "weightedAverageShsOutDil": 91643179,
        "link": "updating...",
        "finalLink": "processing..."
    },
    {
        "date": "2019-03-31",
        "symbol": "DF",
        "reportedCurrency": "USD",
        "cik": "0000000000",
        "fillingDate": "2019-03-31",
        "acceptedDate": "2019-03-30 20:00:00",
        "calendarYear": "2019",
        "period": "Q1",
        "revenue": 1795434000,
        "costOfRevenue": 1421681000,
        "grossProfit": 373753000,
        "grossProfitRatio": 0.2081686099,
        "researchAndDevelopmentExpenses": 0,
        "generalAndAdministrativeExpenses": 73085000,
        "sellingAndMarketingExpenses": 345239000,
        "sellingGeneralAndAdministrativeExpenses": 418324000,
        "otherExpenses": 0,
        "operatingExpenses": 418324000,
        "costAndExpenses": 1840005000,
        "interestIncome": 0,
        "interestExpense": 19000000,
        "depreciationAndAmortization": 37773000,
        "ebitda": -6757000,
        "ebitdaratio": -0.0037634355,
        "operatingIncome": -44571000,
        "operatingIncomeRatio": -0.0248246385,
        "totalOtherIncomeExpensesNet": -19212000,
        "incomeBeforeTax": -63783000,
        "incomeBeforeTaxRatio": -0.0355251154,
        "incomeTaxExpense": -1956000,
        "netIncome": -61574000,
        "netIncomeRatio": -0.0342947722,
        "eps": -0.67,
        "epsdiluted": -0.67,
        "weightedAverageShsOut": 91526266,
        "weightedAverageShsOutDil": 91526266,
        "link": "",
        "finalLink": "processing..."
    },
    {
        "date": "2018-12-31",
        "symbol": "DF",
        "reportedCurrency": "USD",
        "cik": "0000000000",
        "fillingDate": "2018-12-31",
        "acceptedDate": "2018-12-30 19:00:00",
        "calendarYear": "2018",
        "period": "Q4",
        "revenue": 1929480000,
        "costOfRevenue": 1546086000,
        "grossProfit": 383394000,
        "grossProfitRatio": 0.1987032776,
        "researchAndDevelopmentExpenses": 4400000,
        "generalAndAdministrativeExpenses": 69583000,
        "sellingAndMarketingExpenses": 573274000,
        "sellingGeneralAndAdministrativeExpenses": 642857000,
        "otherExpenses": 0,
        "operatingExpenses": 647257000,
        "costAndExpenses": 2193343000,
        "interestIncome": 0,
        "interestExpense": 14531000,
        "depreciationAndAmortization": 37817000,
        "ebitda": -224055000,
        "ebitdaratio": -0.1161219603,
        "operatingIncome": -263863000,
        "operatingIncomeRatio": -0.1367534258,
        "totalOtherIncomeExpensesNet": -15724000,
        "incomeBeforeTax": -279587000,
        "incomeBeforeTaxRatio": -0.1449027717,
        "incomeTaxExpense": -16286000,
        "netIncome": -260117000,
        "netIncomeRatio": -0.1348119701,
        "eps": -2.85,
        "epsdiluted": -2.85,
        "weightedAverageShsOut": 91327846,
        "weightedAverageShsOutDil": 91327846,
        "link": "",
        "finalLink": "processing..."
    },
    {
        "date": "2018-09-30",
        "symbol": "DF",
        "reportedCurrency": "USD",
        "cik": "0000000000",
        "fillingDate": "2018-09-30",
        "acceptedDate": "2018-09-29 20:00:00",
        "calendarYear": "2018",
        "period": "Q3",
        "revenue": 3845296000,
        "costOfRevenue": 3021915000,
        "grossProfit": 823381000,
        "grossProfitRatio": 0.2141268188,
        "researchAndDevelopmentExpenses": 0,
        "generalAndAdministrativeExpenses": 132554000,
        "sellingAndMarketingExpenses": 757502000,
        "sellingGeneralAndAdministrativeExpenses": 890056000,
        "otherExpenses": 0,
        "operatingExpenses": 890056000,
        "costAndExpenses": 3911971000,
        "interestIncome": 0,
        "interestExpense": 27879000,
        "depreciationAndAmortization": 78133000,
        "ebitda": 12390000,
        "ebitdaratio": 0.0032221187,
        "operatingIncome": -66675000,
        "operatingIncomeRatio": -0.0173393674,
        "totalOtherIncomeExpensesNet": -29093000,
        "incomeBeforeTax": -95768000,
        "incomeBeforeTaxRatio": -0.0249052349,
        "incomeTaxExpense": -27104000,
        "netIncome": -66518000,
        "netIncomeRatio": -0.0172985383,
        "eps": -0.73,
        "epsdiluted": -0.73,
        "weightedAverageShsOut": 91302990,
        "weightedAverageShsOutDil": 91302990,
        "link": "",
        "finalLink": "processing..."
    },
    {
        "date": "2018-03-31",
        "symbol": "DF",
        "reportedCurrency": "USD",
        "cik": "0000000000",
        "fillingDate": "2018-03-31",
        "acceptedDate": "2018-03-30 20:00:00",
        "calendarYear": "2018",
        "period": "Q1",
        "revenue": 1980507000,
        "costOfRevenue": 1532004000,
        "grossProfit": 448503000,
        "grossProfitRatio": 0.2264586795,
        "researchAndDevelopmentExpenses": 0,
        "generalAndAdministrativeExpenses": 75522000,
        "sellingAndMarketingExpenses": 357636000,
        "sellingGeneralAndAdministrativeExpenses": 433158000,
        "otherExpenses": 0,
        "operatingExpenses": 433158000,
        "costAndExpenses": 1965162000,
        "interestIncome": 0,
        "interestExpense": 14033000,
        "depreciationAndAmortization": 40077000,
        "ebitda": 54952000,
        "ebitdaratio": 0.0277464306,
        "operatingIncome": 15345000,
        "operatingIncomeRatio": 0.007748016,
        "totalOtherIncomeExpensesNet": -14503000,
        "incomeBeforeTax": 842000,
        "incomeBeforeTaxRatio": 0.0004251437,
        "incomeTaxExpense": 1107000,
        "netIncome": -265000,
        "netIncomeRatio": -0.0001338041,
        "eps": -0.0029,
        "epsdiluted": -0.0029,
        "weightedAverageShsOut": 91192013,
        "weightedAverageShsOutDil": 91192013,
        "link": "",
        "finalLink": "processing..."
    },
    {
        "date": "2017-12-31",
        "symbol": "DF",
        "reportedCurrency": "USD",
        "cik": "0000000000",
        "fillingDate": "2017-12-31",
        "acceptedDate": "2017-12-30 19:00:00",
        "calendarYear": "2017",
        "period": "Q4",
        "revenue": 1934997000,
        "costOfRevenue": 1488565000,
        "grossProfit": 446432000,
        "grossProfitRatio": 0.2307145696,
        "researchAndDevelopmentExpenses": 3500000,
        "generalAndAdministrativeExpenses": 69744000,
        "sellingAndMarketingExpenses": 340257000,
        "sellingGeneralAndAdministrativeExpenses": 410001000,
        "otherExpenses": 0,
        "operatingExpenses": 413501000,
        "costAndExpenses": 1902066000,
        "interestIncome": 0,
        "interestExpense": 14551000,
        "depreciationAndAmortization": 40973000,
        "ebitda": 77234000,
        "ebitdaratio": 0.0399142738,
        "operatingIncome": 32931000,
        "operatingIncomeRatio": 0.017018631,
        "totalOtherIncomeExpensesNet": -14032000,
        "incomeBeforeTax": 18899000,
        "incomeBeforeTaxRatio": 0.0097669402,
        "incomeTaxExpense": -30608000,
        "netIncome": 52318000,
        "netIncomeRatio": 0.027037768,
        "eps": 0.58,
        "epsdiluted": 0.57,
        "weightedAverageShsOut": 90899284,
        "weightedAverageShsOutDil": 91273994,
        "link": "",
        "finalLink": "processing..."
    },
    {
        "date": "2017-09-30",
        "symbol": "DF",
        "reportedCurrency": "USD",
        "cik": "0000000000",
        "fillingDate": "2017-09-30",
        "acceptedDate": "2017-09-29 20:00:00",
        "calendarYear": "2017",
        "period": "Q3",
        "revenue": 1937620000,
        "costOfRevenue": 1495880000,
        "grossProfit": 441740000,
        "grossProfitRatio": 0.2279807186,
        "researchAndDevelopmentExpenses": 0,
        "generalAndAdministrativeExpenses": 68796000,
        "sellingAndMarketingExpenses": 370729000,
        "sellingGeneralAndAdministrativeExpenses": 439525000,
        "otherExpenses": 0,
        "operatingExpenses": 439525000,
        "costAndExpenses": 1935405000,
        "interestIncome": 0,
        "interestExpense": 16527000,
        "depreciationAndAmortization": 43178000,
        "ebitda": 57410000,
        "ebitdaratio": 0.0296291326,
        "operatingIncome": 2215000,
        "operatingIncomeRatio": 0.001143155,
        "totalOtherIncomeExpensesNet": -15865000,
        "incomeBeforeTax": -13650000,
        "incomeBeforeTaxRatio": -0.007044725,
        "incomeTaxExpense": -3677000,
        "netIncome": 1382000,
        "netIncomeRatio": 0.0007132461,
        "eps": 0.0152,
        "epsdiluted": 0.0152,
        "weightedAverageShsOut": 90844613,
        "weightedAverageShsOutDil": 90844613,
        "link": "",
        "finalLink": "processing..."
    },
    {
        "date": "2017-06-30",
        "symbol": "DF",
        "reportedCurrency": "USD",
        "cik": "0000000000",
        "fillingDate": "2017-06-30",
        "acceptedDate": "2017-06-29 20:00:00",
        "calendarYear": "2017",
        "period": "Q2",
        "revenue": 1926722000,
        "costOfRevenue": 1459342000,
        "grossProfit": 467380000,
        "grossProfitRatio": 0.2425778083,
        "researchAndDevelopmentExpenses": 0,
        "generalAndAdministrativeExpenses": 73100000,
        "sellingAndMarketingExpenses": 349116000,
        "sellingGeneralAndAdministrativeExpenses": 422216000,
        "otherExpenses": 0,
        "operatingExpenses": 422216000,
        "costAndExpenses": 1881558000,
        "interestIncome": 0,
        "interestExpense": 16419000,
        "depreciationAndAmortization": 43298000,
        "ebitda": 89267000,
        "ebitdaratio": 0.0463310223,
        "operatingIncome": 45164000,
        "operatingIncomeRatio": 0.0234408493,
        "totalOtherIncomeExpensesNet": -15614000,
        "incomeBeforeTax": 29550000,
        "incomeBeforeTaxRatio": 0.0153369298,
        "incomeTaxExpense": 11903000,
        "netIncome": 17647000,
        "netIncomeRatio": 0.0091590795,
        "eps": 0.19,
        "epsdiluted": 0.19,
        "weightedAverageShsOut": 90796585,
        "weightedAverageShsOutDil": 91365946,
        "link": "",
        "finalLink": "processing..."
    },
    {
        "date": "2017-03-31",
        "symbol": "DF",
        "reportedCurrency": "USD",
        "cik": "0000000000",
        "fillingDate": "2017-03-31",
        "acceptedDate": "2017-03-30 20:00:00",
        "calendarYear": "2017",
        "period": "Q1",
        "revenue": 1995686000,
        "costOfRevenue": 1533561000,
        "grossProfit": 462125000,
        "grossProfitRatio": 0.2315619792,
        "researchAndDevelopmentExpenses": 0,
        "generalAndAdministrativeExpenses": 99536000,
        "sellingAndMarketingExpenses": 359637000,
        "sellingGeneralAndAdministrativeExpenses": 459173000,
        "otherExpenses": 0,
        "operatingExpenses": 459173000,
        "costAndExpenses": 1992734000,
        "interestIncome": 0,
        "interestExpense": 17464000,
        "depreciationAndAmortization": 43191000,
        "ebitda": 47099000,
        "ebitdaratio": 0.0236004061,
        "operatingIncome": 2952000,
        "operatingIncomeRatio": 0.0014791906,
        "totalOtherIncomeExpensesNet": -16508000,
        "incomeBeforeTax": -13556000,
        "incomeBeforeTaxRatio": -0.0067926517,
        "incomeTaxExpense": -3797000,
        "netIncome": -9759000,
        "netIncomeRatio": -0.0048900478,
        "eps": -0.11,
        "epsdiluted": -0.11,
        "weightedAverageShsOut": 90709802,
        "weightedAverageShsOutDil": 90709802,
        "link": "",
        "finalLink": "processing..."
    },
    {
        "date": "2016-12-31",
        "symbol": "DF",
        "reportedCurrency": "USD",
        "cik": "0000000000",
        "fillingDate": "2016-12-31",
        "acceptedDate": "2016-12-30 19:00:00",
        "calendarYear": "2016",
        "period": "Q4",
        "revenue": 2018009000,
        "costOfRevenue": 1516589000,
        "grossProfit": 501420000,
        "grossProfitRatio": 0.2484726282,
        "researchAndDevelopmentExpenses": 3000000,
        "generalAndAdministrativeExpenses": 83423000,
        "sellingAndMarketingExpenses": 344647000,
        "sellingGeneralAndAdministrativeExpenses": 428070000,
        "otherExpenses": 0,
        "operatingExpenses": 431070000,
        "costAndExpenses": 1947659000,
        "interestIncome": 0,
        "interestExpense": 16525000,
        "depreciationAndAmortization": 45648000,
        "ebitda": 116703000,
        "ebitdaratio": 0.0578307629,
        "operatingIncome": 70350000,
        "operatingIncomeRatio": 0.0348610933,
        "totalOtherIncomeExpensesNet": -15132000,
        "incomeBeforeTax": 55218000,
        "incomeBeforeTaxRatio": 0.0273626133,
        "incomeTaxExpense": 21699000,
        "netIncome": 32831000,
        "netIncomeRatio": 0.0162690057,
        "eps": 0.36,
        "epsdiluted": 0.36,
        "weightedAverageShsOut": 90933886,
        "weightedAverageShsOutDil": 91510483,
        "link": "",
        "finalLink": "processing..."
    },
    {
        "date": "2016-09-30",
        "symbol": "DF",
        "reportedCurrency": "USD",
        "cik": "0000000000",
        "fillingDate": "2016-09-30",
        "acceptedDate": "2016-09-29 20:00:00",
        "calendarYear": "2016",
        "period": "Q3",
        "revenue": 1964601000,
        "costOfRevenue": 1475826000,
        "grossProfit": 488775000,
        "grossProfitRatio": 0.2487909759,
        "researchAndDevelopmentExpenses": 0,
        "generalAndAdministrativeExpenses": 90840000,
        "sellingAndMarketingExpenses": 355925000,
        "sellingGeneralAndAdministrativeExpenses": 446765000,
        "otherExpenses": 0,
        "operatingExpenses": 446765000,
        "costAndExpenses": 1922591000,
        "interestIncome": 0,
        "interestExpense": 16564000,
        "depreciationAndAmortization": 44861000,
        "ebitda": 88049000,
        "ebitdaratio": 0.0448177518,
        "operatingIncome": 42010000,
        "operatingIncomeRatio": 0.0213834768,
        "totalOtherIncomeExpensesNet": -15386000,
        "incomeBeforeTax": 26624000,
        "incomeBeforeTaxRatio": 0.0135518612,
        "incomeTaxExpense": 12098000,
        "netIncome": 14526000,
        "netIncomeRatio": 0.0073938678,
        "eps": 0.16,
        "epsdiluted": 0.16,
        "weightedAverageShsOut": 91076741,
        "weightedAverageShsOutDil": 91694838,
        "link": "",
        "finalLink": "processing..."
    },
    {
        "date": "2016-06-30",
        "symbol": "DF",
        "reportedCurrency": "USD",
        "cik": "0000000000",
        "fillingDate": "2016-06-30",
        "acceptedDate": "2016-06-29 20:00:00",
        "calendarYear": "2016",
        "period": "Q2",
        "revenue": 1848788000,
        "costOfRevenue": 1355535000,
        "grossProfit": 493253000,
        "grossProfitRatio": 0.266798032,
        "researchAndDevelopmentExpenses": 0,
        "generalAndAdministrativeExpenses": 86614000,
        "sellingAndMarketingExpenses": 333870000,
        "sellingGeneralAndAdministrativeExpenses": 420484000,
        "otherExpenses": 0,
        "operatingExpenses": 420484000,
        "costAndExpenses": 1776019000,
        "interestIncome": 0,
        "interestExpense": 16830000,
        "depreciationAndAmortization": 42838000,
        "ebitda": 117817000,
        "ebitdaratio": 0.0637266144,
        "operatingIncome": 72769000,
        "operatingIncomeRatio": 0.039360381,
        "totalOtherIncomeExpensesNet": -14620000,
        "incomeBeforeTax": 58149000,
        "incomeBeforeTaxRatio": 0.0314524975,
        "incomeTaxExpense": 24778000,
        "netIncome": 33371000,
        "netIncomeRatio": 0.0180502037,
        "eps": 0.37,
        "epsdiluted": 0.36,
        "weightedAverageShsOut": 91406969,
        "weightedAverageShsOutDil": 91995078,
        "link": "",
        "finalLink": "processing..."
    },
    {
        "date": "2016-03-31",
        "symbol": "DF",
        "reportedCurrency": "USD",
        "cik": "0000000000",
        "fillingDate": "2016-03-31",
        "acceptedDate": "2016-03-30 20:00:00",
        "calendarYear": "2016",
        "period": "Q1",
        "revenue": 1878828000,
        "costOfRevenue": 1374760000,
        "grossProfit": 504068000,
        "grossProfitRatio": 0.2682885288,
        "researchAndDevelopmentExpenses": 0,
        "generalAndAdministrativeExpenses": 85151000,
        "sellingAndMarketingExpenses": 340378000,
        "sellingGeneralAndAdministrativeExpenses": 425529000,
        "otherExpenses": 0,
        "operatingExpenses": 425529000,
        "costAndExpenses": 1800289000,
        "interestIncome": 0,
        "interestExpense": 16876000,
        "depreciationAndAmortization": 45038000,
        "ebitda": 124574000,
        "ebitdaratio": 0.0663041002,
        "operatingIncome": 78539000,
        "operatingIncomeRatio": 0.0418021235,
        "totalOtherIncomeExpensesNet": -15879000,
        "incomeBeforeTax": 62660000,
        "incomeBeforeTaxRatio": 0.0333505781,
        "incomeTaxExpense": 23459000,
        "netIncome": 39201000,
        "netIncomeRatio": 0.0208646028,
        "eps": 0.43,
        "epsdiluted": 0.43,
        "weightedAverageShsOut": 91567119,
        "weightedAverageShsOutDil": 92168303,
        "link": "",
        "finalLink": ""
    },
    {
        "date": "2015-12-31",
        "symbol": "DF",
        "reportedCurrency": "USD",
        "cik": "0000000000",
        "fillingDate": "2015-12-31",
        "acceptedDate": "2015-12-30 19:00:00",
        "calendarYear": "2015",
        "period": "Q4",
        "revenue": 2022500000,
        "costOfRevenue": 1514029000,
        "grossProfit": 508471000,
        "grossProfitRatio": 0.2514071693,
        "researchAndDevelopmentExpenses": 2300000,
        "generalAndAdministrativeExpenses": 90689000,
        "sellingAndMarketingExpenses": 370070000,
        "sellingGeneralAndAdministrativeExpenses": 460759000,
        "otherExpenses": 0,
        "operatingExpenses": 463059000,
        "costAndExpenses": 1977088000,
        "interestIncome": 0,
        "interestExpense": 16308000,
        "depreciationAndAmortization": 44909000,
        "ebitda": 92030000,
        "ebitdaratio": 0.0455030902,
        "operatingIncome": 45412000,
        "operatingIncomeRatio": 0.0224533993,
        "totalOtherIncomeExpensesNet": -14261000,
        "incomeBeforeTax": 31151000,
        "incomeBeforeTaxRatio": 0.015402225,
        "incomeTaxExpense": 12333000,
        "netIncome": 18480000,
        "netIncomeRatio": 0.0091372064,
        "eps": 0.2,
        "epsdiluted": 0.2,
        "weightedAverageShsOut": 93298467,
        "weightedAverageShsOutDil": 93298467,
        "link": "",
        "finalLink": ""
    },
    {
        "date": "2015-09-30",
        "symbol": "DF",
        "reportedCurrency": "USD",
        "cik": "0000000000",
        "fillingDate": "2015-09-30",
        "acceptedDate": "2015-09-29 20:00:00",
        "calendarYear": "2015",
        "period": "Q3",
        "revenue": 2033693000,
        "costOfRevenue": 1541705000,
        "grossProfit": 491988000,
        "grossProfitRatio": 0.2419185197,
        "researchAndDevelopmentExpenses": 0,
        "generalAndAdministrativeExpenses": 84916000,
        "sellingAndMarketingExpenses": 356603000,
        "sellingGeneralAndAdministrativeExpenses": 441519000,
        "otherExpenses": 0,
        "operatingExpenses": 441519000,
        "costAndExpenses": 1983224000,
        "interestIncome": 0,
        "interestExpense": 17003000,
        "depreciationAndAmortization": 45010000,
        "ebitda": 96443000,
        "ebitdaratio": 0.0474225952,
        "operatingIncome": 50469000,
        "operatingIncomeRatio": 0.02481643,
        "totalOtherIncomeExpensesNet": -16039000,
        "incomeBeforeTax": 34430000,
        "incomeBeforeTaxRatio": 0.0169297923,
        "incomeTaxExpense": 14197000,
        "netIncome": 20233000,
        "netIncomeRatio": 0.0099488959,
        "eps": 0.22,
        "epsdiluted": 0.22,
        "weightedAverageShsOut": 93950693,
        "weightedAverageShsOutDil": 93950693,
        "link": "",
        "finalLink": ""
    },
    {
        "date": "2015-06-30",
        "symbol": "DF",
        "reportedCurrency": "USD",
        "cik": "0000000000",
        "fillingDate": "2015-06-30",
        "acceptedDate": "2015-06-29 20:00:00",
        "calendarYear": "2015",
        "period": "Q2",
        "revenue": 2014706000,
        "costOfRevenue": 1519065000,
        "grossProfit": 495641000,
        "grossProfitRatio": 0.2460115769,
        "researchAndDevelopmentExpenses": 0,
        "generalAndAdministrativeExpenses": 87243000,
        "sellingAndMarketingExpenses": 351706000,
        "sellingGeneralAndAdministrativeExpenses": 438949000,
        "otherExpenses": 0,
        "operatingExpenses": 438949000,
        "costAndExpenses": 1958014000,
        "interestIncome": 0,
        "interestExpense": 16974000,
        "depreciationAndAmortization": 47707000,
        "ebitda": 104693000,
        "ebitdaratio": 0.0519644057,
        "operatingIncome": 56692000,
        "operatingIncomeRatio": 0.0281390932,
        "totalOtherIncomeExpensesNet": -16680000,
        "incomeBeforeTax": 40012000,
        "incomeBeforeTaxRatio": 0.0198599696,
        "incomeTaxExpense": 13493000,
        "netIncome": 26519000,
        "netIncomeRatio": 0.0131627146,
        "eps": 0.28,
        "epsdiluted": 0.28,
        "weightedAverageShsOut": 94307676,
        "weightedAverageShsOutDil": 94307676,
        "link": "",
        "finalLink": ""
    },
    {
        "date": "2015-03-31",
        "symbol": "DF",
        "reportedCurrency": "USD",
        "cik": "0000000000",
        "fillingDate": "2015-03-31",
        "acceptedDate": "2015-03-30 20:00:00",
        "calendarYear": "2015",
        "period": "Q1",
        "revenue": 2050762000,
        "costOfRevenue": 1572453000,
        "grossProfit": 478309000,
        "grossProfitRatio": 0.2332347683,
        "researchAndDevelopmentExpenses": 0,
        "generalAndAdministrativeExpenses": 87476000,
        "sellingAndMarketingExpenses": 450045000,
        "sellingGeneralAndAdministrativeExpenses": 537521000,
        "otherExpenses": 0,
        "operatingExpenses": 537521000,
        "costAndExpenses": 2109974000,
        "interestIncome": 0,
        "interestExpense": 16528000,
        "depreciationAndAmortization": 39258000,
        "ebitda": -63206000,
        "ebitdaratio": -0.0308207388,
        "operatingIncome": -59212000,
        "operatingIncomeRatio": -0.0288731701,
        "totalOtherIncomeExpensesNet": -59691000,
        "incomeBeforeTax": -118903000,
        "incomeBeforeTaxRatio": -0.0579799119,
        "incomeTaxExpense": -45252000,
        "netIncome": -73740000,
        "netIncomeRatio": -0.0359573661,
        "eps": -0.78,
        "epsdiluted": -0.78,
        "weightedAverageShsOut": 94222243,
        "weightedAverageShsOutDil": 94222243,
        "link": "",
        "finalLink": ""
    },
    {
        "date": "2014-12-31",
        "symbol": "DF",
        "reportedCurrency": "USD",
        "cik": "0000000000",
        "fillingDate": "2014-12-31",
        "acceptedDate": "2014-12-30 19:00:00",
        "calendarYear": "2014",
        "period": "Q4",
        "revenue": 2395007000,
        "costOfRevenue": 1953607000,
        "grossProfit": 441400000,
        "grossProfitRatio": 0.1843000876,
        "researchAndDevelopmentExpenses": 1900000,
        "generalAndAdministrativeExpenses": 75940000,
        "sellingAndMarketingExpenses": 355580000,
        "sellingGeneralAndAdministrativeExpenses": 431520000,
        "otherExpenses": 0,
        "operatingExpenses": 433420000,
        "costAndExpenses": 2387027000,
        "interestIncome": 0,
        "interestExpense": 15542000,
        "depreciationAndAmortization": 41648000,
        "ebitda": 48624000,
        "ebitdaratio": 0.0203022371,
        "operatingIncome": 7980000,
        "operatingIncomeRatio": 0.0033319318,
        "totalOtherIncomeExpensesNet": -34372000,
        "incomeBeforeTax": -26392000,
        "incomeBeforeTaxRatio": -0.011019592,
        "incomeTaxExpense": -13843000,
        "netIncome": 5277000,
        "netIncomeRatio": 0.0022033339,
        "eps": 0.0562,
        "epsdiluted": 0.0562,
        "weightedAverageShsOut": 93916656,
        "weightedAverageShsOutDil": 93916656,
        "link": "",
        "finalLink": ""
    },
    {
        "date": "2014-09-30",
        "symbol": "DF",
        "reportedCurrency": "USD",
        "cik": "0000000000",
        "fillingDate": "2014-09-30",
        "acceptedDate": "2014-09-29 20:00:00",
        "calendarYear": "2014",
        "period": "Q3",
        "revenue": 2373280000,
        "costOfRevenue": 1956480000,
        "grossProfit": 416800000,
        "grossProfitRatio": 0.1756219241,
        "researchAndDevelopmentExpenses": 0,
        "generalAndAdministrativeExpenses": 69728000,
        "sellingAndMarketingExpenses": 348265000,
        "sellingGeneralAndAdministrativeExpenses": 417993000,
        "otherExpenses": 0,
        "operatingExpenses": 417993000,
        "costAndExpenses": 2374473000,
        "interestIncome": 0,
        "interestExpense": 15233000,
        "depreciationAndAmortization": 40955000,
        "ebitda": 39413000,
        "ebitdaratio": 0.0166069743,
        "operatingIncome": -1193000,
        "operatingIncomeRatio": -0.0005026798,
        "totalOtherIncomeExpensesNet": -13943000,
        "incomeBeforeTax": -15136000,
        "incomeBeforeTaxRatio": -0.0063776714,
        "incomeTaxExpense": -803000,
        "netIncome": -15972000,
        "netIncomeRatio": -0.0067299265,
        "eps": -0.17,
        "epsdiluted": -0.17,
        "weightedAverageShsOut": 93916848,
        "weightedAverageShsOutDil": 93916848,
        "link": "",
        "finalLink": ""
    },
    {
        "date": "2014-06-30",
        "symbol": "DF",
        "reportedCurrency": "USD",
        "cik": "0000000000",
        "fillingDate": "2014-06-30",
        "acceptedDate": "2014-06-29 20:00:00",
        "calendarYear": "2014",
        "period": "Q2",
        "revenue": 2393869000,
        "costOfRevenue": 1994781000,
        "grossProfit": 399088000,
        "grossProfitRatio": 0.1667125478,
        "researchAndDevelopmentExpenses": 0,
        "generalAndAdministrativeExpenses": 70777000,
        "sellingAndMarketingExpenses": 331842000,
        "sellingGeneralAndAdministrativeExpenses": 402619000,
        "otherExpenses": 0,
        "operatingExpenses": 402619000,
        "costAndExpenses": 2397400000,
        "interestIncome": 0,
        "interestExpense": 15221000,
        "depreciationAndAmortization": 41448000,
        "ebitda": 38187000,
        "ebitdaratio": 0.0159520007,
        "operatingIncome": -3531000,
        "operatingIncomeRatio": -0.0014750181,
        "totalOtherIncomeExpensesNet": 2181000,
        "incomeBeforeTax": -1350000,
        "incomeBeforeTaxRatio": -0.0005639406,
        "incomeTaxExpense": -17837000,
        "netIncome": -645000,
        "netIncomeRatio": -0.0002694383,
        "eps": -0.0069,
        "epsdiluted": -0.0069,
        "weightedAverageShsOut": 93977672,
        "weightedAverageShsOutDil": 93977672,
        "link": "",
        "finalLink": ""
    },
    {
        "date": "2014-03-31",
        "symbol": "DF",
        "reportedCurrency": "USD",
        "cik": "0000000000",
        "fillingDate": "2014-03-31",
        "acceptedDate": "2014-03-30 20:00:00",
        "calendarYear": "2014",
        "period": "Q1",
        "revenue": 2341040000,
        "costOfRevenue": 1924865000,
        "grossProfit": 416175000,
        "grossProfitRatio": 0.1777735536,
        "researchAndDevelopmentExpenses": 0,
        "generalAndAdministrativeExpenses": 72299000,
        "sellingAndMarketingExpenses": 338579000,
        "sellingGeneralAndAdministrativeExpenses": 410878000,
        "otherExpenses": 0,
        "operatingExpenses": 410878000,
        "costAndExpenses": 2335743000,
        "interestIncome": 0,
        "interestExpense": 15023000,
        "depreciationAndAmortization": 40246000,
        "ebitda": 46700000,
        "ebitdaratio": 0.019948399,
        "operatingIncome": 5297000,
        "operatingIncomeRatio": 0.0022626696,
        "totalOtherIncomeExpensesNet": -14702000,
        "incomeBeforeTax": -9405000,
        "incomeBeforeTaxRatio": -0.0040174452,
        "incomeTaxExpense": 387000,
        "netIncome": -8956000,
        "netIncomeRatio": -0.0038256501,
        "eps": -0.0949,
        "epsdiluted": -0.0949,
        "weightedAverageShsOut": 94398665,
        "weightedAverageShsOutDil": 94398665,
        "link": "",
        "finalLink": ""
    },
    {
        "date": "2013-12-31",
        "symbol": "DF",
        "reportedCurrency": "USD",
        "cik": "0000000000",
        "fillingDate": "2013-12-31",
        "acceptedDate": "2013-12-30 19:00:00",
        "calendarYear": "2013",
        "period": "Q4",
        "revenue": 2295450000,
        "costOfRevenue": 1849680000,
        "grossProfit": 445770000,
        "grossProfitRatio": 0.1941972162,
        "researchAndDevelopmentExpenses": 1800000,
        "generalAndAdministrativeExpenses": 66827000,
        "sellingAndMarketingExpenses": 342389000,
        "sellingGeneralAndAdministrativeExpenses": 409216000,
        "otherExpenses": 0,
        "operatingExpenses": 411016000,
        "costAndExpenses": 2260696000,
        "interestIncome": 0,
        "interestExpense": 20549000,
        "depreciationAndAmortization": 42178000,
        "ebitda": 13141000,
        "ebitdaratio": 0.0057248034,
        "operatingIncome": 34754000,
        "operatingIncomeRatio": 0.0151403864,
        "totalOtherIncomeExpensesNet": -72116000,
        "incomeBeforeTax": -37362000,
        "incomeBeforeTaxRatio": -0.0162765471,
        "incomeTaxExpense": -11909000,
        "netIncome": -37677000,
        "netIncomeRatio": -0.0164137751,
        "eps": -0.4,
        "epsdiluted": -0.4,
        "weightedAverageShsOut": 93785611,
        "weightedAverageShsOutDil": 94796236,
        "link": "",
        "finalLink": ""
    },
    {
        "date": "2013-09-30",
        "symbol": "DF",
        "reportedCurrency": "USD",
        "cik": "0000000000",
        "fillingDate": "2013-09-30",
        "acceptedDate": "2013-09-29 20:00:00",
        "calendarYear": "2013",
        "period": "Q3",
        "revenue": 2200899000,
        "costOfRevenue": 1759614000,
        "grossProfit": 441285000,
        "grossProfitRatio": 0.2005021584,
        "researchAndDevelopmentExpenses": 0,
        "generalAndAdministrativeExpenses": 72274000,
        "sellingAndMarketingExpenses": 346341000,
        "sellingGeneralAndAdministrativeExpenses": 418615000,
        "otherExpenses": 0,
        "operatingExpenses": 418615000,
        "costAndExpenses": 2178229000,
        "interestIncome": 0,
        "interestExpense": 30238000,
        "depreciationAndAmortization": 42264000,
        "ebitda": 480445000,
        "ebitdaratio": 0.2182948877,
        "operatingIncome": 22670000,
        "operatingIncomeRatio": 0.0103003364,
        "totalOtherIncomeExpensesNet": 392848000,
        "incomeBeforeTax": 415518000,
        "incomeBeforeTaxRatio": 0.1887946698,
        "incomeTaxExpense": -7177000,
        "netIncome": 415120000,
        "netIncomeRatio": 0.1886138346,
        "eps": 4.44,
        "epsdiluted": 4.39,
        "weightedAverageShsOut": 93533631,
        "weightedAverageShsOutDil": 94577124,
        "link": "",
        "finalLink": ""
    },
    {
        "date": "2013-06-30",
        "symbol": "DF",
        "reportedCurrency": "USD",
        "cik": "0000000000",
        "fillingDate": "2013-06-30",
        "acceptedDate": "2013-06-29 20:00:00",
        "calendarYear": "2013",
        "period": "Q2",
        "revenue": 1641196000,
        "costOfRevenue": 1387440000,
        "grossProfit": 253756000,
        "grossProfitRatio": 0.1546165114,
        "researchAndDevelopmentExpenses": 0,
        "generalAndAdministrativeExpenses": 36158000,
        "sellingAndMarketingExpenses": 215676000,
        "sellingGeneralAndAdministrativeExpenses": 251834000,
        "otherExpenses": 0,
        "operatingExpenses": 251834000,
        "costAndExpenses": 1639274000,
        "interestIncome": 0,
        "interestExpense": 85398000,
        "depreciationAndAmortization": 24090000,
        "ebitda": 25782000,
        "ebitdaratio": 0.0157092754,
        "operatingIncome": 1922000,
        "operatingIncomeRatio": 0.0011710972,
        "totalOtherIncomeExpensesNet": -61851000,
        "incomeBeforeTax": -59929000,
        "incomeBeforeTaxRatio": -0.0365154436,
        "incomeTaxExpense": -26836000,
        "netIncome": -56870000,
        "netIncomeRatio": -0.034651559,
        "eps": -0.31,
        "epsdiluted": -0.31,
        "weightedAverageShsOut": 186430261,
        "weightedAverageShsOutDil": 186430261,
        "link": "updating...",
        "finalLink": ""
    },
    {
        "date": "2013-03-31",
        "symbol": "DF",
        "reportedCurrency": "USD",
        "cik": "0000000000",
        "fillingDate": "2013-03-31",
        "acceptedDate": "2013-03-30 20:00:00",
        "calendarYear": "2013",
        "period": "Q1",
        "revenue": 2878776000,
        "costOfRevenue": 2165000000,
        "grossProfit": 713776000,
        "grossProfitRatio": 0.2479442652,
        "researchAndDevelopmentExpenses": 0,
        "generalAndAdministrativeExpenses": 135194000,
        "sellingAndMarketingExpenses": 507132000,
        "sellingGeneralAndAdministrativeExpenses": 642326000,
        "otherExpenses": 0,
        "operatingExpenses": 642326000,
        "costAndExpenses": 2807326000,
        "interestIncome": 0,
        "interestExpense": 64373000,
        "depreciationAndAmortization": 65297000,
        "ebitda": 625872000,
        "ebitdaratio": 0.2174090655,
        "operatingIncome": 71450000,
        "operatingIncomeRatio": 0.0248195761,
        "totalOtherIncomeExpensesNet": -64318000,
        "incomeBeforeTax": 7132000,
        "incomeBeforeTaxRatio": 0.0024774418,
        "incomeTaxExpense": 3597000,
        "netIncome": 492605000,
        "netIncomeRatio": 0.1711161271,
        "eps": 2.65,
        "epsdiluted": 2.63,
        "weightedAverageShsOut": 186021192,
        "weightedAverageShsOutDil": 187509413,
        "link": "updating...",
        "finalLink": ""
    },
    {
        "date": "2012-12-31",
        "symbol": "DF",
        "reportedCurrency": "USD",
        "cik": "0000000000",
        "fillingDate": "2012-12-31",
        "acceptedDate": "2012-12-30 19:00:00",
        "calendarYear": "2012",
        "period": "Q4",
        "revenue": 1979427000,
        "costOfRevenue": 1454159000,
        "grossProfit": 525268000,
        "grossProfitRatio": 0.2653636633,
        "researchAndDevelopmentExpenses": 14400000,
        "generalAndAdministrativeExpenses": 127448000,
        "sellingAndMarketingExpenses": 406334000,
        "sellingGeneralAndAdministrativeExpenses": 533782000,
        "otherExpenses": 0,
        "operatingExpenses": 548182000,
        "costAndExpenses": 2002341000,
        "interestIncome": 0,
        "interestExpense": -2256000,
        "depreciationAndAmortization": 47466000,
        "ebitda": 68013000,
        "ebitdaratio": 0.0343599436,
        "operatingIncome": -22914000,
        "operatingIncomeRatio": -0.0115760773,
        "totalOtherIncomeExpensesNet": 2050000,
        "incomeBeforeTax": -20864000,
        "incomeBeforeTaxRatio": -0.0105404241,
        "incomeTaxExpense": -5330000,
        "netIncome": 28133000,
        "netIncomeRatio": 0.0142126989,
        "eps": 0.15,
        "epsdiluted": 0.15,
        "weightedAverageShsOut": 184750755,
        "weightedAverageShsOutDil": 186131823,
        "link": "updating...",
        "finalLink": ""
    },
    {
        "date": "2012-09-30",
        "symbol": "DF",
        "reportedCurrency": "USD",
        "cik": "0000000000",
        "fillingDate": "2012-09-30",
        "acceptedDate": "2012-09-29 20:00:00",
        "calendarYear": "2012",
        "period": "Q3",
        "revenue": 3143252000,
        "costOfRevenue": 2361495000,
        "grossProfit": 781757000,
        "grossProfitRatio": 0.2487096167,
        "researchAndDevelopmentExpenses": 0,
        "generalAndAdministrativeExpenses": 145404000,
        "sellingAndMarketingExpenses": 454666000,
        "sellingGeneralAndAdministrativeExpenses": 600070000,
        "otherExpenses": 0,
        "operatingExpenses": 600070000,
        "costAndExpenses": 2961565000,
        "interestIncome": 0,
        "interestExpense": 52259000,
        "depreciationAndAmortization": 72084000,
        "ebitda": 253287000,
        "ebitdaratio": 0.0805811943,
        "operatingIncome": 181687000,
        "operatingIncomeRatio": 0.0578022379,
        "totalOtherIncomeExpensesNet": -52743000,
        "incomeBeforeTax": 128944000,
        "incomeBeforeTaxRatio": 0.0410224824,
        "incomeTaxExpense": 92503000,
        "netIncome": 36441000,
        "netIncomeRatio": 0.0115934071,
        "eps": 0.2,
        "epsdiluted": 0.2,
        "weightedAverageShsOut": 184552582,
        "weightedAverageShsOutDil": 185606630,
        "link": "updating...",
        "finalLink": ""
    },
    {
        "date": "2012-06-30",
        "symbol": "DF",
        "reportedCurrency": "USD",
        "cik": "0000000000",
        "fillingDate": "2012-06-30",
        "acceptedDate": "2012-06-29 20:00:00",
        "calendarYear": "2012",
        "period": "Q2",
        "revenue": 3125504000,
        "costOfRevenue": 2320384000,
        "grossProfit": 805120000,
        "grossProfitRatio": 0.2575968548,
        "researchAndDevelopmentExpenses": 0,
        "generalAndAdministrativeExpenses": 152655000,
        "sellingAndMarketingExpenses": 506457000,
        "sellingGeneralAndAdministrativeExpenses": 659112000,
        "otherExpenses": 0,
        "operatingExpenses": 659112000,
        "costAndExpenses": 2979496000,
        "interestIncome": 0,
        "interestExpense": 53822000,
        "depreciationAndAmortization": 70628000,
        "ebitda": 216129000,
        "ebitdaratio": 0.0691501275,
        "operatingIncome": 146008000,
        "operatingIncomeRatio": 0.0467150258,
        "totalOtherIncomeExpensesNet": -51871000,
        "incomeBeforeTax": 94137000,
        "incomeBeforeTaxRatio": 0.0301189824,
        "incomeTaxExpense": 35514000,
        "netIncome": 56165000,
        "netIncomeRatio": 0.0179699018,
        "eps": 0.3,
        "epsdiluted": 0.3,
        "weightedAverageShsOut": 184331313,
        "weightedAverageShsOutDil": 185250192,
        "link": "updating...",
        "finalLink": ""
    },
    {
        "date": "2012-03-31",
        "symbol": "DF",
        "reportedCurrency": "USD",
        "cik": "0000000000",
        "fillingDate": "2012-03-31",
        "acceptedDate": "2012-03-30 20:00:00",
        "calendarYear": "2012",
        "period": "Q1",
        "revenue": 3214094000,
        "costOfRevenue": 2426241000,
        "grossProfit": 787853000,
        "grossProfitRatio": 0.2451244425,
        "researchAndDevelopmentExpenses": 0,
        "generalAndAdministrativeExpenses": 129505000,
        "sellingAndMarketingExpenses": 535342000,
        "sellingGeneralAndAdministrativeExpenses": 664847000,
        "otherExpenses": 0,
        "operatingExpenses": 664847000,
        "costAndExpenses": 3091088000,
        "interestIncome": 0,
        "interestExpense": 60747000,
        "depreciationAndAmortization": 70930000,
        "ebitda": 193382000,
        "ebitdaratio": 0.0601668775,
        "operatingIncome": 123006000,
        "operatingIncomeRatio": 0.038270816,
        "totalOtherIncomeExpensesNet": -61301000,
        "incomeBeforeTax": 61705000,
        "incomeBeforeTaxRatio": 0.0191982562,
        "incomeTaxExpense": 23822000,
        "netIncome": 37883000,
        "netIncomeRatio": 0.0117865252,
        "eps": 0.21,
        "epsdiluted": 0.2,
        "weightedAverageShsOut": 184104804,
        "weightedAverageShsOutDil": 184947681,
        "link": "updating...",
        "finalLink": ""
    },
    {
        "date": "2011-12-31",
        "symbol": "DF",
        "reportedCurrency": "USD",
        "cik": "0000000000",
        "fillingDate": "2011-12-31",
        "acceptedDate": "2011-12-30 19:00:00",
        "calendarYear": "2011",
        "period": "Q4",
        "revenue": 3296034000,
        "costOfRevenue": 2529556000,
        "grossProfit": 766478000,
        "grossProfitRatio": 0.2325455381,
        "researchAndDevelopmentExpenses": 19700000,
        "generalAndAdministrativeExpenses": 142370000,
        "sellingAndMarketingExpenses": 623152000,
        "sellingGeneralAndAdministrativeExpenses": 765522000,
        "otherExpenses": 0,
        "operatingExpenses": 785222000,
        "costAndExpenses": 3314778000,
        "interestIncome": 0,
        "interestExpense": 61315000,
        "depreciationAndAmortization": 71872000,
        "ebitda": 54499000,
        "ebitdaratio": 0.0165347202,
        "operatingIncome": -18744000,
        "operatingIncomeRatio": -0.0056868345,
        "totalOtherIncomeExpensesNet": -60569000,
        "incomeBeforeTax": -79313000,
        "incomeBeforeTaxRatio": -0.024063162,
        "incomeTaxExpense": -68814000,
        "netIncome": -9874000,
        "netIncomeRatio": -0.0029957215,
        "eps": -0.0538,
        "epsdiluted": -0.0538,
        "weightedAverageShsOut": 183388220,
        "weightedAverageShsOutDil": 183388220,
        "link": "updating...",
        "finalLink": ""
    },
    {
        "date": "2011-09-30",
        "symbol": "DF",
        "reportedCurrency": "USD",
        "cik": "0000000000",
        "fillingDate": "2011-09-30",
        "acceptedDate": "2011-09-29 20:00:00",
        "calendarYear": "2011",
        "period": "Q3",
        "revenue": 3410797000,
        "costOfRevenue": 2669532000,
        "grossProfit": 741265000,
        "grossProfitRatio": 0.2173289703,
        "researchAndDevelopmentExpenses": 0,
        "generalAndAdministrativeExpenses": 148191000,
        "sellingAndMarketingExpenses": 2465376000,
        "sellingGeneralAndAdministrativeExpenses": 2613567000,
        "otherExpenses": 0,
        "operatingExpenses": 2613567000,
        "costAndExpenses": 5283099000,
        "interestIncome": 0,
        "interestExpense": 62873000,
        "depreciationAndAmortization": 70556000,
        "ebitda": -1786179000,
        "ebitdaratio": -0.5236837607,
        "operatingIncome": -1872302000,
        "operatingIncomeRatio": -0.5489338709,
        "totalOtherIncomeExpensesNet": -62459000,
        "incomeBeforeTax": -1934761000,
        "incomeBeforeTaxRatio": -0.5672460132,
        "incomeTaxExpense": -379111000,
        "netIncome": -1540497000,
        "netIncomeRatio": -0.4516530887,
        "eps": -8.41,
        "epsdiluted": -8.41,
        "weightedAverageShsOut": 183278667,
        "weightedAverageShsOutDil": 183278667,
        "link": "updating...",
        "finalLink": ""
    },
    {
        "date": "2011-06-30",
        "symbol": "DF",
        "reportedCurrency": "USD",
        "cik": "0000000000",
        "fillingDate": "2011-06-30",
        "acceptedDate": "2011-06-29 20:00:00",
        "calendarYear": "2011",
        "period": "Q2",
        "revenue": 3298808000,
        "costOfRevenue": 2539247000,
        "grossProfit": 759561000,
        "grossProfitRatio": 0.2302531702,
        "researchAndDevelopmentExpenses": 0,
        "generalAndAdministrativeExpenses": 153645000,
        "sellingAndMarketingExpenses": 1099314000,
        "sellingGeneralAndAdministrativeExpenses": 1252959000,
        "otherExpenses": 0,
        "operatingExpenses": 1252959000,
        "costAndExpenses": 3792206000,
        "interestIncome": 0,
        "interestExpense": 63493000,
        "depreciationAndAmortization": 71015000,
        "ebitda": 57786000,
        "ebitdaratio": 0.0175172365,
        "operatingIncome": -16443000,
        "operatingIncomeRatio": -0.0049845277,
        "totalOtherIncomeExpensesNet": -62786000,
        "incomeBeforeTax": -79229000,
        "incomeBeforeTaxRatio": -0.0240174633,
        "incomeTaxExpense": -26209000,
        "netIncome": -50513000,
        "netIncomeRatio": -0.0153125008,
        "eps": -0.28,
        "epsdiluted": -0.28,
        "weightedAverageShsOut": 183090128,
        "weightedAverageShsOutDil": 183090128,
        "link": "updating...",
        "finalLink": ""
    },
    {
        "date": "2011-03-31",
        "symbol": "DF",
        "reportedCurrency": "USD",
        "cik": "0000000000",
        "fillingDate": "2011-03-31",
        "acceptedDate": "2011-03-30 20:00:00",
        "calendarYear": "2011",
        "period": "Q1",
        "revenue": 3049854000,
        "costOfRevenue": 2299572000,
        "grossProfit": 750282000,
        "grossProfitRatio": 0.2460058744,
        "researchAndDevelopmentExpenses": 0,
        "generalAndAdministrativeExpenses": 164662000,
        "sellingAndMarketingExpenses": 2738000,
        "sellingGeneralAndAdministrativeExpenses": 167400000,
        "otherExpenses": 0,
        "operatingExpenses": 167400000,
        "costAndExpenses": 2466972000,
        "interestIncome": 0,
        "interestExpense": 65270000,
        "depreciationAndAmortization": 72324000,
        "ebitda": 180180000,
        "ebitdaratio": 0.0590782378,
        "operatingIncome": 105927000,
        "operatingIncomeRatio": 0.0347318265,
        "totalOtherIncomeExpensesNet": -65222000,
        "incomeBeforeTax": 40705000,
        "incomeBeforeTaxRatio": 0.0133465405,
        "incomeTaxExpense": 17323000,
        "netIncome": 25263000,
        "netIncomeRatio": 0.0082833473,
        "eps": 0.14,
        "epsdiluted": 0.14,
        "weightedAverageShsOut": 182817066,
        "weightedAverageShsOutDil": 183292877,
        "link": "updating...",
        "finalLink": ""
    },
    {
        "date": "2010-12-31",
        "symbol": "DF",
        "reportedCurrency": "USD",
        "cik": "0000000000",
        "fillingDate": "2010-12-31",
        "acceptedDate": "2010-12-30 19:00:00",
        "calendarYear": "2010",
        "period": "Q4",
        "revenue": 3152961000,
        "costOfRevenue": 2395885000,
        "grossProfit": 757076000,
        "grossProfitRatio": 0.2401158784,
        "researchAndDevelopmentExpenses": 0,
        "generalAndAdministrativeExpenses": 164373000,
        "sellingAndMarketingExpenses": 2815000,
        "sellingGeneralAndAdministrativeExpenses": 167188000,
        "otherExpenses": 0,
        "operatingExpenses": 167188000,
        "costAndExpenses": 2563073000,
        "interestIncome": 0,
        "interestExpense": 70559000,
        "depreciationAndAmortization": 76650000,
        "ebitda": 140852000,
        "ebitdaratio": 0.0446729281,
        "operatingIncome": 62500000,
        "operatingIncomeRatio": 0.0198226366,
        "totalOtherIncomeExpensesNet": -70822000,
        "incomeBeforeTax": -8322000,
        "incomeBeforeTaxRatio": -0.0026394237,
        "incomeTaxExpense": 14387000,
        "netIncome": -20744000,
        "netIncomeRatio": -0.0065792124,
        "eps": -0.11,
        "epsdiluted": -0.11,
        "weightedAverageShsOut": 181799306,
        "weightedAverageShsOutDil": 182861802,
        "link": "updating...",
        "finalLink": ""
    },
    {
        "date": "2010-09-30",
        "symbol": "DF",
        "reportedCurrency": "USD",
        "cik": "0000000000",
        "fillingDate": "2010-09-30",
        "acceptedDate": "2010-09-29 20:00:00",
        "calendarYear": "2010",
        "period": "Q3",
        "revenue": 3054130000,
        "costOfRevenue": 2304501000,
        "grossProfit": 749629000,
        "grossProfitRatio": 0.2454476398,
        "researchAndDevelopmentExpenses": 0,
        "generalAndAdministrativeExpenses": 154895000,
        "sellingAndMarketingExpenses": 2810000,
        "sellingGeneralAndAdministrativeExpenses": 157705000,
        "otherExpenses": 0,
        "operatingExpenses": 157705000,
        "costAndExpenses": 2462206000,
        "interestIncome": 0,
        "interestExpense": 64304000,
        "depreciationAndAmortization": 69591000,
        "ebitda": 168844000,
        "ebitdaratio": 0.0552838288,
        "operatingIncome": 92517000,
        "operatingIncomeRatio": 0.0302924237,
        "totalOtherIncomeExpensesNet": -64687000,
        "incomeBeforeTax": 27830000,
        "incomeBeforeTaxRatio": 0.0091122513,
        "incomeTaxExpense": 10653000,
        "netIncome": 24296000,
        "netIncomeRatio": 0.0079551296,
        "eps": 0.13,
        "epsdiluted": 0.13,
        "weightedAverageShsOut": 181666251,
        "weightedAverageShsOutDil": 182839073,
        "link": "updating...",
        "finalLink": ""
    },
    {
        "date": "2010-06-30",
        "symbol": "DF",
        "reportedCurrency": "USD",
        "cik": "0000000000",
        "fillingDate": "2010-06-30",
        "acceptedDate": "2010-06-29 20:00:00",
        "calendarYear": "2010",
        "period": "Q2",
        "revenue": 5635602000,
        "costOfRevenue": 4416579000,
        "grossProfit": 1219023000,
        "grossProfitRatio": 0.2163075036,
        "researchAndDevelopmentExpenses": 0,
        "generalAndAdministrativeExpenses": 297300000,
        "sellingAndMarketingExpenses": -154327000,
        "sellingGeneralAndAdministrativeExpenses": 142973000,
        "otherExpenses": 0,
        "operatingExpenses": 142973000,
        "costAndExpenses": 4559552000,
        "interestIncome": 0,
        "interestExpense": 90186000,
        "depreciationAndAmortization": 75125000,
        "ebitda": 229672000,
        "ebitdaratio": 0.0407537651,
        "operatingIncome": 137558000,
        "operatingIncomeRatio": 0.0244087499,
        "totalOtherIncomeExpensesNet": -88205000,
        "incomeBeforeTax": 49353000,
        "incomeBeforeTaxRatio": 0.0087573608,
        "incomeTaxExpense": 48442000,
        "netIncome": 15919000,
        "netIncomeRatio": 0.0028247204,
        "eps": 0.0877,
        "epsdiluted": 0.0869,
        "weightedAverageShsOut": 181436376,
        "weightedAverageShsOutDil": 183116492,
        "link": "updating...",
        "finalLink": ""
    }
]