[
    {
        "date": "2025-03-31",
        "symbol": "DFS",
        "reportedCurrency": "USD",
        "cik": "0001393612",
        "fillingDate": "2025-04-30",
        "acceptedDate": "2025-04-30 16:23:54",
        "calendarYear": "2025",
        "period": "Q1",
        "revenue": 5494000000,
        "costOfRevenue": 1243000000,
        "grossProfit": 4251000000,
        "grossProfitRatio": 0.7737531853,
        "researchAndDevelopmentExpenses": 0,
        "generalAndAdministrativeExpenses": 735000000,
        "sellingAndMarketingExpenses": 246000000,
        "sellingGeneralAndAdministrativeExpenses": 981000000,
        "otherExpenses": 582000000,
        "operatingExpenses": 1563000000,
        "costAndExpenses": 2806000000,
        "interestIncome": 4801000000,
        "interestExpense": 1243000000,
        "depreciationAndAmortization": 11000000,
        "ebitda": 2698000000,
        "ebitdaratio": 0.4910811795,
        "operatingIncome": 2688000000,
        "operatingIncomeRatio": 0.489261012,
        "totalOtherIncomeExpensesNet": -1244000000,
        "incomeBeforeTax": 1444000000,
        "incomeBeforeTaxRatio": 0.2628321806,
        "incomeTaxExpense": 340000000,
        "netIncome": 1104000000,
        "netIncomeRatio": 0.2009464871,
        "eps": 4.25,
        "epsdiluted": 4.25,
        "weightedAverageShsOut": 252000000,
        "weightedAverageShsOutDil": 252000000,
        "link": "https://www.sec.gov/Archives/edgar/data/1393612/000139361225000020/0001393612-25-000020-index.htm",
        "finalLink": "https://www.sec.gov/Archives/edgar/data/1393612/000139361225000020/dfs-20250331.htm"
    },
    {
        "date": "2024-12-31",
        "symbol": "DFS",
        "reportedCurrency": "USD",
        "cik": "0001393612",
        "fillingDate": "2025-02-20",
        "acceptedDate": "2025-02-20 16:31:23",
        "calendarYear": "2024",
        "period": "Q4",
        "revenue": 4759000000,
        "costOfRevenue": 1202000000,
        "grossProfit": 3557000000,
        "grossProfitRatio": 0.7474259298,
        "researchAndDevelopmentExpenses": 0,
        "generalAndAdministrativeExpenses": 792000000,
        "sellingAndMarketingExpenses": 299000000,
        "sellingGeneralAndAdministrativeExpenses": 1091000000,
        "otherExpenses": 764000000,
        "operatingExpenses": 1855000000,
        "costAndExpenses": 3057000000,
        "interestIncome": 4989000000,
        "interestExpense": 1359000000,
        "depreciationAndAmortization": 31000000,
        "ebitda": 1702000000,
        "ebitdaratio": 0.3576381593,
        "operatingIncome": 1702000000,
        "operatingIncomeRatio": 0.3576381593,
        "totalOtherIncomeExpensesNet": 0,
        "incomeBeforeTax": 1702000000,
        "incomeBeforeTaxRatio": 0.3576381593,
        "incomeTaxExpense": 411000000,
        "netIncome": 1291000000,
        "netIncomeRatio": 0.271275478,
        "eps": 5.11,
        "epsdiluted": 5.12,
        "weightedAverageShsOut": 251000000,
        "weightedAverageShsOutDil": 251000000,
        "link": "https://www.sec.gov/Archives/edgar/data/1393612/000139361225000009/0001393612-25-000009-index.htm",
        "finalLink": "https://www.sec.gov/Archives/edgar/data/1393612/000139361225000009/dfs-20241231.htm"
    },
    {
        "date": "2024-09-30",
        "symbol": "DFS",
        "reportedCurrency": "USD",
        "cik": "0001393612",
        "fillingDate": "2024-12-23",
        "acceptedDate": "2024-12-23 07:25:20",
        "calendarYear": "2024",
        "period": "Q3",
        "revenue": 5910000000,
        "costOfRevenue": 2930000000,
        "grossProfit": 2980000000,
        "grossProfitRatio": 0.5042301184,
        "researchAndDevelopmentExpenses": 0,
        "generalAndAdministrativeExpenses": 703000000,
        "sellingAndMarketingExpenses": 263000000,
        "sellingGeneralAndAdministrativeExpenses": 966000000,
        "otherExpenses": 822000000,
        "operatingExpenses": 1788000000,
        "costAndExpenses": 4718000000,
        "interestIncome": 5112000000,
        "interestExpense": 1457000000,
        "depreciationAndAmortization": 91000000,
        "ebitda": 1283000000,
        "ebitdaratio": 0.2170896785,
        "operatingIncome": 1192000000,
        "operatingIncomeRatio": 0.2016920474,
        "totalOtherIncomeExpensesNet": 0,
        "incomeBeforeTax": 1192000000,
        "incomeBeforeTaxRatio": 0.2016920474,
        "incomeTaxExpense": 323000000,
        "netIncome": 870000000,
        "netIncomeRatio": 0.1472081218,
        "eps": 3.32,
        "epsdiluted": 3.32,
        "weightedAverageShsOut": 251000000,
        "weightedAverageShsOutDil": 251000000,
        "link": "https://www.sec.gov/Archives/edgar/data/1393612/000139361224000076/0001393612-24-000076-index.htm",
        "finalLink": "https://www.sec.gov/Archives/edgar/data/1393612/000139361224000076/dfs-20240930.htm"
    },
    {
        "date": "2024-06-30",
        "symbol": "DFS",
        "reportedCurrency": "USD",
        "cik": "0001393612",
        "fillingDate": "2024-07-31",
        "acceptedDate": "2024-07-31 16:25:23",
        "calendarYear": "2024",
        "period": "Q2",
        "revenue": 5985000000,
        "costOfRevenue": 2186000000,
        "grossProfit": 3799000000,
        "grossProfitRatio": 0.6347535505,
        "researchAndDevelopmentExpenses": 0,
        "generalAndAdministrativeExpenses": 658000000,
        "sellingAndMarketingExpenses": 258000000,
        "sellingGeneralAndAdministrativeExpenses": 916000000,
        "otherExpenses": 822000000,
        "operatingExpenses": 1738000000,
        "costAndExpenses": 3915000000,
        "interestIncome": 4971000000,
        "interestExpense": 1447000000,
        "depreciationAndAmortization": 82000000,
        "ebitda": 2152000000,
        "ebitdaratio": 0.3595655806,
        "operatingIncome": 2070000000,
        "operatingIncomeRatio": 0.3458646617,
        "totalOtherIncomeExpensesNet": 0,
        "incomeBeforeTax": 2070000000,
        "incomeBeforeTaxRatio": 0.3458646617,
        "incomeTaxExpense": 540000000,
        "netIncome": 1530000000,
        "netIncomeRatio": 0.2556390977,
        "eps": 6.06,
        "epsdiluted": 6.06,
        "weightedAverageShsOut": 251000000,
        "weightedAverageShsOutDil": 251000000,
        "link": "https://www.sec.gov/Archives/edgar/data/1393612/000139361224000047/0001393612-24-000047-index.htm",
        "finalLink": "https://www.sec.gov/Archives/edgar/data/1393612/000139361224000047/dfs-20240630.htm"
    },
    {
        "date": "2024-03-31",
        "symbol": "DFS",
        "reportedCurrency": "USD",
        "cik": "0001393612",
        "fillingDate": "2024-05-01",
        "acceptedDate": "2024-05-01 16:27:51",
        "calendarYear": "2024",
        "period": "Q1",
        "revenue": 2663000000,
        "costOfRevenue": 2958000000,
        "grossProfit": 2663000000,
        "grossProfitRatio": 1,
        "researchAndDevelopmentExpenses": 0,
        "generalAndAdministrativeExpenses": 671000000,
        "sellingAndMarketingExpenses": 250000000,
        "sellingGeneralAndAdministrativeExpenses": 921000000,
        "otherExpenses": 312000000,
        "operatingExpenses": 1233000000,
        "costAndExpenses": 1233000000,
        "interestIncome": 4948000000,
        "interestExpense": 1461000000,
        "depreciationAndAmortization": 96000000,
        "ebitda": 500000000,
        "ebitdaratio": 0.1877581675,
        "operatingIncome": 1430000000,
        "operatingIncomeRatio": 0.536988359,
        "totalOtherIncomeExpensesNet": -311000000,
        "incomeBeforeTax": 1119000000,
        "incomeBeforeTaxRatio": 0.4202027788,
        "incomeTaxExpense": 268000000,
        "netIncome": 851000000,
        "netIncomeRatio": 0.3195644011,
        "eps": 3.25,
        "epsdiluted": 3.25,
        "weightedAverageShsOut": 250000000,
        "weightedAverageShsOutDil": 250000000,
        "link": "https://www.sec.gov/Archives/edgar/data/1393612/000139361224000032/0001393612-24-000032-index.htm",
        "finalLink": "https://www.sec.gov/Archives/edgar/data/1393612/000139361224000032/dfs-20240331.htm"
    },
    {
        "date": "2023-12-31",
        "symbol": "DFS",
        "reportedCurrency": "USD",
        "cik": "0001393612",
        "fillingDate": "2023-12-31",
        "acceptedDate": "2023-12-30 19:00:00",
        "calendarYear": "2023",
        "period": "Q4",
        "revenue": 2271000000,
        "costOfRevenue": 3309000000,
        "grossProfit": 2271000000,
        "grossProfitRatio": 1,
        "researchAndDevelopmentExpenses": 0,
        "generalAndAdministrativeExpenses": 646000000,
        "sellingAndMarketingExpenses": 372000000,
        "sellingGeneralAndAdministrativeExpenses": 1018000000,
        "otherExpenses": 757000000,
        "operatingExpenses": 1775000000,
        "costAndExpenses": 1355000000,
        "interestIncome": 4868000000,
        "interestExpense": 1400000000,
        "depreciationAndAmortization": 0,
        "ebitda": 323000000,
        "ebitdaratio": 0.1422280934,
        "operatingIncome": 916000000,
        "operatingIncomeRatio": 0.4033465434,
        "totalOtherIncomeExpensesNet": -433000000,
        "incomeBeforeTax": 483000000,
        "incomeBeforeTaxRatio": 0.212681638,
        "incomeTaxExpense": 79000000,
        "netIncome": 388000000,
        "netIncomeRatio": 0.1708498459,
        "eps": 1.54,
        "epsdiluted": 1.54,
        "weightedAverageShsOut": 250102860,
        "weightedAverageShsOutDil": 250649350,
        "link": null,
        "finalLink": null
    },
    {
        "date": "2023-09-30",
        "symbol": "DFS",
        "reportedCurrency": "USD",
        "cik": "0001393612",
        "fillingDate": "2023-10-26",
        "acceptedDate": "2023-10-26 16:26:02",
        "calendarYear": "2023",
        "period": "Q3",
        "revenue": 4044000000,
        "costOfRevenue": 0,
        "grossProfit": 4044000000,
        "grossProfitRatio": 1,
        "researchAndDevelopmentExpenses": 0,
        "generalAndAdministrativeExpenses": 575000000,
        "sellingAndMarketingExpenses": 283000000,
        "sellingGeneralAndAdministrativeExpenses": 858000000,
        "otherExpenses": -4014000000,
        "operatingExpenses": -3156000000,
        "costAndExpenses": -3156000000,
        "interestIncome": 4610000000,
        "interestExpense": 1288000000,
        "depreciationAndAmortization": 106000000,
        "ebitda": 994000000,
        "ebitdaratio": 0.2457962413,
        "operatingIncome": 888000000,
        "operatingIncomeRatio": 0.2195845697,
        "totalOtherIncomeExpensesNet": 0,
        "incomeBeforeTax": 888000000,
        "incomeBeforeTaxRatio": 0.2195845697,
        "incomeTaxExpense": 205000000,
        "netIncome": 683000000,
        "netIncomeRatio": 0.168892186,
        "eps": 2.59,
        "epsdiluted": 2.59,
        "weightedAverageShsOut": 250000000,
        "weightedAverageShsOutDil": 250000000,
        "link": "https://www.sec.gov/Archives/edgar/data/1393612/000139361223000052/0001393612-23-000052-index.htm",
        "finalLink": "https://www.sec.gov/Archives/edgar/data/1393612/000139361223000052/dfs-20230930.htm"
    },
    {
        "date": "2023-06-30",
        "symbol": "DFS",
        "reportedCurrency": "USD",
        "cik": "0001393612",
        "fillingDate": "2023-07-28",
        "acceptedDate": "2023-07-28 17:29:30",
        "calendarYear": "2023",
        "period": "Q2",
        "revenue": 3878000000,
        "costOfRevenue": 0,
        "grossProfit": 3878000000,
        "grossProfitRatio": 1,
        "researchAndDevelopmentExpenses": 0,
        "generalAndAdministrativeExpenses": 588000000,
        "sellingAndMarketingExpenses": 268000000,
        "sellingGeneralAndAdministrativeExpenses": 856000000,
        "otherExpenses": -3565000000,
        "operatingExpenses": -2709000000,
        "costAndExpenses": -2709000000,
        "interestIncome": 4290000000,
        "interestExpense": 1113000000,
        "depreciationAndAmortization": 119000000,
        "ebitda": 1288000000,
        "ebitdaratio": 0.3321299639,
        "operatingIncome": 1169000000,
        "operatingIncomeRatio": 0.3014440433,
        "totalOtherIncomeExpensesNet": 0,
        "incomeBeforeTax": 1169000000,
        "incomeBeforeTaxRatio": 0.3014440433,
        "incomeTaxExpense": 268000000,
        "netIncome": 901000000,
        "netIncomeRatio": 0.2323362558,
        "eps": 3.54,
        "epsdiluted": 3.54,
        "weightedAverageShsOut": 253000000,
        "weightedAverageShsOutDil": 253000000,
        "link": "https://www.sec.gov/Archives/edgar/data/1393612/000139361223000041/0001393612-23-000041-index.htm",
        "finalLink": "https://www.sec.gov/Archives/edgar/data/1393612/000139361223000041/dfs-20230630.htm"
    },
    {
        "date": "2023-03-31",
        "symbol": "DFS",
        "reportedCurrency": "USD",
        "cik": "0001393612",
        "fillingDate": "2023-04-25",
        "acceptedDate": "2023-04-24 18:26:41",
        "calendarYear": "2023",
        "period": "Q1",
        "revenue": 3753000000,
        "costOfRevenue": 0,
        "grossProfit": 3753000000,
        "grossProfitRatio": 1,
        "researchAndDevelopmentExpenses": 0,
        "generalAndAdministrativeExpenses": 625000000,
        "sellingAndMarketingExpenses": 241000000,
        "sellingGeneralAndAdministrativeExpenses": 866000000,
        "otherExpenses": -607000000,
        "operatingExpenses": 473000000,
        "costAndExpenses": 473000000,
        "interestIncome": 4077000000,
        "interestExpense": 945000000,
        "depreciationAndAmortization": 129000000,
        "ebitda": 1397000000,
        "ebitdaratio": 0.3722355449,
        "operatingIncome": 2084000000,
        "operatingIncomeRatio": 0.5552891021,
        "totalOtherIncomeExpensesNet": -252000000,
        "incomeBeforeTax": 1268000000,
        "incomeBeforeTaxRatio": 0.3378630429,
        "incomeTaxExpense": 292000000,
        "netIncome": 968000000,
        "netIncomeRatio": 0.2579269917,
        "eps": 3.58,
        "epsdiluted": 3.58,
        "weightedAverageShsOut": 262000000,
        "weightedAverageShsOutDil": 262000000,
        "link": "https://www.sec.gov/Archives/edgar/data/1393612/000139361223000031/0001393612-23-000031-index.htm",
        "finalLink": "https://www.sec.gov/Archives/edgar/data/1393612/000139361223000031/dfs-20230331.htm"
    },
    {
        "date": "2022-12-31",
        "symbol": "DFS",
        "reportedCurrency": "USD",
        "cik": "0001393612",
        "fillingDate": "2023-02-23",
        "acceptedDate": "2023-02-23 16:18:33",
        "calendarYear": "2022",
        "period": "Q4",
        "revenue": 3732000000,
        "costOfRevenue": 0,
        "grossProfit": 3732000000,
        "grossProfitRatio": 1,
        "researchAndDevelopmentExpenses": 0,
        "generalAndAdministrativeExpenses": 573000000,
        "sellingAndMarketingExpenses": 313000000,
        "sellingGeneralAndAdministrativeExpenses": 886000000,
        "otherExpenses": 2846000000,
        "operatingExpenses": 3732000000,
        "costAndExpenses": 3732000000,
        "interestIncome": 3856000000,
        "interestExpense": 789000000,
        "depreciationAndAmortization": 137000000,
        "ebitda": 0,
        "ebitdaratio": 0,
        "operatingIncome": 0,
        "operatingIncomeRatio": 0,
        "totalOtherIncomeExpensesNet": 1354000000,
        "incomeBeforeTax": 1354000000,
        "incomeBeforeTaxRatio": 0.3628081458,
        "incomeTaxExpense": 321000000,
        "netIncome": 1033000000,
        "netIncomeRatio": 0.276795284,
        "eps": 3.78,
        "epsdiluted": 3.76,
        "weightedAverageShsOut": 272000000,
        "weightedAverageShsOutDil": 273000000,
        "link": "https://www.sec.gov/Archives/edgar/data/1393612/000139361223000007/0001393612-23-000007-index.htm",
        "finalLink": "https://www.sec.gov/Archives/edgar/data/1393612/000139361223000007/dfs-20221231.htm"
    },
    {
        "date": "2022-09-30",
        "symbol": "DFS",
        "reportedCurrency": "USD",
        "cik": "0001393612",
        "fillingDate": "2022-10-27",
        "acceptedDate": "2022-10-27 16:21:42",
        "calendarYear": "2022",
        "period": "Q3",
        "revenue": 3479000000,
        "costOfRevenue": 0,
        "grossProfit": 3479000000,
        "grossProfitRatio": 1,
        "researchAndDevelopmentExpenses": 0,
        "generalAndAdministrativeExpenses": 551000000,
        "sellingAndMarketingExpenses": 276000000,
        "sellingGeneralAndAdministrativeExpenses": 827000000,
        "otherExpenses": -670000000,
        "operatingExpenses": 517000000,
        "costAndExpenses": 517000000,
        "interestIncome": 3357000000,
        "interestExpense": 514000000,
        "depreciationAndAmortization": 145000000,
        "ebitda": 1463000000,
        "ebitdaratio": 0.4205231388,
        "operatingIncome": 1832000000,
        "operatingIncomeRatio": 0.5265881,
        "totalOtherIncomeExpensesNet": -287000000,
        "incomeBeforeTax": 1318000000,
        "incomeBeforeTaxRatio": 0.3788444955,
        "incomeTaxExpense": 312000000,
        "netIncome": 975000000,
        "netIncomeRatio": 0.2802529462,
        "eps": 3.57,
        "epsdiluted": 3.56,
        "weightedAverageShsOut": 273000000,
        "weightedAverageShsOutDil": 274000000,
        "link": "https://www.sec.gov/Archives/edgar/data/1393612/000162828022027220/0001628280-22-027220-index.htm",
        "finalLink": "https://www.sec.gov/Archives/edgar/data/1393612/000162828022027220/dfs-20220930.htm"
    },
    {
        "date": "2022-06-30",
        "symbol": "DFS",
        "reportedCurrency": "USD",
        "cik": "0001393612",
        "fillingDate": "2022-07-27",
        "acceptedDate": "2022-07-27 16:26:14",
        "calendarYear": "2022",
        "period": "Q2",
        "revenue": 3224000000,
        "costOfRevenue": 0,
        "grossProfit": 3224000000,
        "grossProfitRatio": 1,
        "researchAndDevelopmentExpenses": 0,
        "generalAndAdministrativeExpenses": 515000000,
        "sellingAndMarketingExpenses": 254000000,
        "sellingGeneralAndAdministrativeExpenses": 769000000,
        "otherExpenses": -2541000000,
        "operatingExpenses": -1772000000,
        "costAndExpenses": -1772000000,
        "interestIncome": 2915000000,
        "interestExpense": 305000000,
        "depreciationAndAmortization": 140000000,
        "ebitda": 1592000000,
        "ebitdaratio": 0.4937965261,
        "operatingIncome": 1452000000,
        "operatingIncomeRatio": 0.4503722084,
        "totalOtherIncomeExpensesNet": 0,
        "incomeBeforeTax": 1452000000,
        "incomeBeforeTaxRatio": 0.4503722084,
        "incomeTaxExpense": 341000000,
        "netIncome": 1097000000,
        "netIncomeRatio": 0.3402605459,
        "eps": 3.93,
        "epsdiluted": 3.93,
        "weightedAverageShsOut": 279000000,
        "weightedAverageShsOutDil": 279000000,
        "link": "https://www.sec.gov/Archives/edgar/data/1393612/000139361222000029/0001393612-22-000029-index.htm",
        "finalLink": "https://www.sec.gov/Archives/edgar/data/1393612/000139361222000029/dfs-20220630.htm"
    },
    {
        "date": "2022-03-31",
        "symbol": "DFS",
        "reportedCurrency": "USD",
        "cik": "0001393612",
        "fillingDate": "2022-04-28",
        "acceptedDate": "2022-04-28 16:35:48",
        "calendarYear": "2022",
        "period": "Q1",
        "revenue": 2902000000,
        "costOfRevenue": 0,
        "grossProfit": 2902000000,
        "grossProfitRatio": 1,
        "researchAndDevelopmentExpenses": 0,
        "generalAndAdministrativeExpenses": 500000000,
        "sellingAndMarketingExpenses": 192000000,
        "sellingGeneralAndAdministrativeExpenses": 692000000,
        "otherExpenses": -1976000000,
        "operatingExpenses": -1284000000,
        "costAndExpenses": -1284000000,
        "interestIncome": 2736000000,
        "interestExpense": 257000000,
        "depreciationAndAmortization": 139000000,
        "ebitda": 1757000000,
        "ebitdaratio": 0.605444521,
        "operatingIncome": 1618000000,
        "operatingIncomeRatio": 0.5575465196,
        "totalOtherIncomeExpensesNet": 0,
        "incomeBeforeTax": 1618000000,
        "incomeBeforeTaxRatio": 0.5575465196,
        "incomeTaxExpense": 376000000,
        "netIncome": 1205000000,
        "netIncomeRatio": 0.4152308753,
        "eps": 4.23,
        "epsdiluted": 4.23,
        "weightedAverageShsOut": 285000000,
        "weightedAverageShsOutDil": 285000000,
        "link": "https://www.sec.gov/Archives/edgar/data/1393612/000139361222000016/0001393612-22-000016-index.htm",
        "finalLink": "https://www.sec.gov/Archives/edgar/data/1393612/000139361222000016/dfs-20220331.htm"
    },
    {
        "date": "2021-12-31",
        "symbol": "DFS",
        "reportedCurrency": "USD",
        "cik": "0001393612",
        "fillingDate": "2022-02-24",
        "acceptedDate": "2022-02-24 16:14:48",
        "calendarYear": "2021",
        "period": "Q4",
        "revenue": 2936000000,
        "costOfRevenue": 0,
        "grossProfit": 2936000000,
        "grossProfitRatio": 1,
        "researchAndDevelopmentExpenses": 0,
        "generalAndAdministrativeExpenses": 499000000,
        "sellingAndMarketingExpenses": 271000000,
        "sellingGeneralAndAdministrativeExpenses": 770000000,
        "otherExpenses": -601000000,
        "operatingExpenses": 601000000,
        "costAndExpenses": 1973000000,
        "interestIncome": 2742000000,
        "interestExpense": 259000000,
        "depreciationAndAmortization": 189000000,
        "ebitda": 1550000000,
        "ebitdaratio": 0.5279291553,
        "operatingIncome": 1361000000,
        "operatingIncomeRatio": 0.4635558583,
        "totalOtherIncomeExpensesNet": -289000000,
        "incomeBeforeTax": 1361000000,
        "incomeBeforeTaxRatio": 0.4635558583,
        "incomeTaxExpense": 294000000,
        "netIncome": 1062000000,
        "netIncomeRatio": 0.3617166213,
        "eps": 3.64,
        "epsdiluted": 3.64,
        "weightedAverageShsOut": 291000000,
        "weightedAverageShsOutDil": 291000000,
        "link": "https://www.sec.gov/Archives/edgar/data/1393612/000139361222000007/0001393612-22-000007-index.htm",
        "finalLink": "https://www.sec.gov/Archives/edgar/data/1393612/000139361222000007/dfs-20211231.htm"
    },
    {
        "date": "2021-09-30",
        "symbol": "DFS",
        "reportedCurrency": "USD",
        "cik": "0001393612",
        "fillingDate": "2021-10-28",
        "acceptedDate": "2021-10-28 16:28:23",
        "calendarYear": "2021",
        "period": "Q3",
        "revenue": 2777000000,
        "costOfRevenue": 0,
        "grossProfit": 2777000000,
        "grossProfitRatio": 1,
        "researchAndDevelopmentExpenses": 0,
        "generalAndAdministrativeExpenses": 483000000,
        "sellingAndMarketingExpenses": 210000000,
        "sellingGeneralAndAdministrativeExpenses": 693000000,
        "otherExpenses": -545000000,
        "operatingExpenses": 545000000,
        "costAndExpenses": 1811000000,
        "interestIncome": 2674000000,
        "interestExpense": 269000000,
        "depreciationAndAmortization": 139000000,
        "ebitda": 1541000000,
        "ebitdaratio": 0.5549153763,
        "operatingIncome": 1402000000,
        "operatingIncomeRatio": 0.5048613612,
        "totalOtherIncomeExpensesNet": 0,
        "incomeBeforeTax": 1402000000,
        "incomeBeforeTaxRatio": 0.5048613612,
        "incomeTaxExpense": 311000000,
        "netIncome": 1055000000,
        "netIncomeRatio": 0.3799063738,
        "eps": 3.54,
        "epsdiluted": 3.54,
        "weightedAverageShsOut": 298000000,
        "weightedAverageShsOutDil": 298000000,
        "link": "https://www.sec.gov/Archives/edgar/data/1393612/000139361221000043/0001393612-21-000043-index.htm",
        "finalLink": "https://www.sec.gov/Archives/edgar/data/1393612/000139361221000043/dfs-20210930.htm"
    },
    {
        "date": "2021-06-30",
        "symbol": "DFS",
        "reportedCurrency": "USD",
        "cik": "0001393612",
        "fillingDate": "2021-07-29",
        "acceptedDate": "2021-07-29 16:17:25",
        "calendarYear": "2021",
        "period": "Q2",
        "revenue": 3579000000,
        "costOfRevenue": 0,
        "grossProfit": 3579000000,
        "grossProfitRatio": 1,
        "researchAndDevelopmentExpenses": 0,
        "generalAndAdministrativeExpenses": 498000000,
        "sellingAndMarketingExpenses": 175000000,
        "sellingGeneralAndAdministrativeExpenses": 673000000,
        "otherExpenses": -573000000,
        "operatingExpenses": 573000000,
        "costAndExpenses": 918000000,
        "interestIncome": 2589000000,
        "interestExpense": 290000000,
        "depreciationAndAmortization": 129000000,
        "ebitda": 2351000000,
        "ebitdaratio": 0.6568873987,
        "operatingIncome": 2222000000,
        "operatingIncomeRatio": 0.6208438111,
        "totalOtherIncomeExpensesNet": 0,
        "incomeBeforeTax": 2222000000,
        "incomeBeforeTaxRatio": 0.6208438111,
        "incomeTaxExpense": 524000000,
        "netIncome": 1688000000,
        "netIncomeRatio": 0.4716401229,
        "eps": 5.56,
        "epsdiluted": 5.55,
        "weightedAverageShsOut": 304000000,
        "weightedAverageShsOutDil": 304000000,
        "link": "https://www.sec.gov/Archives/edgar/data/1393612/000139361221000031/0001393612-21-000031-index.htm",
        "finalLink": "https://www.sec.gov/Archives/edgar/data/1393612/000139361221000031/dfs-20210630.htm"
    },
    {
        "date": "2021-03-31",
        "symbol": "DFS",
        "reportedCurrency": "USD",
        "cik": "0001393612",
        "fillingDate": "2021-05-04",
        "acceptedDate": "2021-05-03 18:43:20",
        "calendarYear": "2021",
        "period": "Q1",
        "revenue": 2795000000,
        "costOfRevenue": 0,
        "grossProfit": 2795000000,
        "grossProfitRatio": 1,
        "researchAndDevelopmentExpenses": 0,
        "generalAndAdministrativeExpenses": 506000000,
        "sellingAndMarketingExpenses": 154000000,
        "sellingGeneralAndAdministrativeExpenses": 660000000,
        "otherExpenses": 0,
        "operatingExpenses": 1081000000,
        "costAndExpenses": 1081000000,
        "interestIncome": 2646000000,
        "interestExpense": 316000000,
        "depreciationAndAmortization": 119000000,
        "ebitda": 2198000000,
        "ebitdaratio": 0.7864042934,
        "operatingIncome": 2079000000,
        "operatingIncomeRatio": 0.7438282648,
        "totalOtherIncomeExpensesNet": 0,
        "incomeBeforeTax": 2079000000,
        "incomeBeforeTaxRatio": 0.7438282648,
        "incomeTaxExpense": 486000000,
        "netIncome": 1546000000,
        "netIncomeRatio": 0.5531305903,
        "eps": 5.04,
        "epsdiluted": 5.04,
        "weightedAverageShsOut": 307000000,
        "weightedAverageShsOutDil": 307000000,
        "link": "https://www.sec.gov/Archives/edgar/data/1393612/000139361221000023/0001393612-21-000023-index.htm",
        "finalLink": "https://www.sec.gov/Archives/edgar/data/1393612/000139361221000023/dfs-20210331.htm"
    },
    {
        "date": "2020-12-31",
        "symbol": "DFS",
        "reportedCurrency": "USD",
        "cik": "0001393612",
        "fillingDate": "2021-02-17",
        "acceptedDate": "2021-02-17 16:08:24",
        "calendarYear": "2020",
        "period": "Q4",
        "revenue": 2824000000,
        "costOfRevenue": 0,
        "grossProfit": 2824000000,
        "grossProfitRatio": 1,
        "researchAndDevelopmentExpenses": 0,
        "generalAndAdministrativeExpenses": 504000000,
        "sellingAndMarketingExpenses": 159000000,
        "sellingGeneralAndAdministrativeExpenses": 663000000,
        "otherExpenses": -195000000,
        "operatingExpenses": 468000000,
        "costAndExpenses": 468000000,
        "interestIncome": 2760000000,
        "interestExpense": 383000000,
        "depreciationAndAmortization": 123000000,
        "ebitda": 1138000000,
        "ebitdaratio": 0.4029745042,
        "operatingIncome": 1015000000,
        "operatingIncomeRatio": 0.3594192635,
        "totalOtherIncomeExpensesNet": -393000000,
        "incomeBeforeTax": 1015000000,
        "incomeBeforeTaxRatio": 0.3594192635,
        "incomeTaxExpense": 216000000,
        "netIncome": 795000000,
        "netIncomeRatio": 0.2815155807,
        "eps": 2.59,
        "epsdiluted": 2.59,
        "weightedAverageShsOut": 307000000,
        "weightedAverageShsOutDil": 319000000,
        "link": "https://www.sec.gov/Archives/edgar/data/1393612/000139361221000014/0001393612-21-000014-index.htm",
        "finalLink": "https://www.sec.gov/Archives/edgar/data/1393612/000139361221000014/dfs-20201231.htm"
    },
    {
        "date": "2020-09-30",
        "symbol": "DFS",
        "reportedCurrency": "USD",
        "cik": "0001393612",
        "fillingDate": "2020-10-26",
        "acceptedDate": "2020-10-26 16:19:42",
        "calendarYear": "2020",
        "period": "Q3",
        "revenue": 2714000000,
        "costOfRevenue": 0,
        "grossProfit": 2714000000,
        "grossProfitRatio": 1,
        "researchAndDevelopmentExpenses": 0,
        "generalAndAdministrativeExpenses": 471000000,
        "sellingAndMarketingExpenses": 140000000,
        "sellingGeneralAndAdministrativeExpenses": 611000000,
        "otherExpenses": -106000000,
        "operatingExpenses": 505000000,
        "costAndExpenses": 505000000,
        "interestIncome": 2681000000,
        "interestExpense": 416000000,
        "depreciationAndAmortization": 116000000,
        "ebitda": 1075000000,
        "ebitdaratio": 0.3960943257,
        "operatingIncome": 959000000,
        "operatingIncomeRatio": 0.3533529845,
        "totalOtherIncomeExpensesNet": 0,
        "incomeBeforeTax": 959000000,
        "incomeBeforeTaxRatio": 0.3533529845,
        "incomeTaxExpense": 188000000,
        "netIncome": 751000000,
        "netIncomeRatio": 0.2767133382,
        "eps": 2.45,
        "epsdiluted": 2.45,
        "weightedAverageShsOut": 306000000,
        "weightedAverageShsOutDil": 306000000,
        "link": "https://www.sec.gov/Archives/edgar/data/1393612/000139361220000040/0001393612-20-000040-index.htm",
        "finalLink": "https://www.sec.gov/Archives/edgar/data/1393612/000139361220000040/dfs-20200930.htm"
    },
    {
        "date": "2020-06-30",
        "symbol": "DFS",
        "reportedCurrency": "USD",
        "cik": "0001393612",
        "fillingDate": "2020-07-27",
        "acceptedDate": "2020-07-27 16:15:38",
        "calendarYear": "2020",
        "period": "Q2",
        "revenue": 2662000000,
        "costOfRevenue": 0,
        "grossProfit": 2662000000,
        "grossProfitRatio": 1,
        "researchAndDevelopmentExpenses": 0,
        "generalAndAdministrativeExpenses": 452000000,
        "sellingAndMarketingExpenses": 129000000,
        "sellingGeneralAndAdministrativeExpenses": 581000000,
        "otherExpenses": -171000000,
        "operatingExpenses": 410000000,
        "costAndExpenses": 410000000,
        "interestIncome": 2672000000,
        "interestExpense": 482000000,
        "depreciationAndAmortization": 123000000,
        "ebitda": -338000000,
        "ebitdaratio": -0.1269722014,
        "operatingIncome": -461000000,
        "operatingIncomeRatio": -0.1731780616,
        "totalOtherIncomeExpensesNet": -288000000,
        "incomeBeforeTax": -461000000,
        "incomeBeforeTaxRatio": -0.1731780616,
        "incomeTaxExpense": -93000000,
        "netIncome": -368000000,
        "netIncomeRatio": -0.1382419234,
        "eps": -1.21,
        "epsdiluted": -1.2,
        "weightedAverageShsOut": 304577532,
        "weightedAverageShsOutDil": 306000000,
        "link": "https://www.sec.gov/Archives/edgar/data/1393612/000139361220000030/0001393612-20-000030-index.htm",
        "finalLink": "https://www.sec.gov/Archives/edgar/data/1393612/000139361220000030/dfs630202010q.htm"
    },
    {
        "date": "2020-03-31",
        "symbol": "DFS",
        "reportedCurrency": "USD",
        "cik": "0001393612",
        "fillingDate": "2020-04-30",
        "acceptedDate": "2020-04-30 16:19:10",
        "calendarYear": "2020",
        "period": "Q1",
        "revenue": 2888000000,
        "costOfRevenue": 0,
        "grossProfit": 2888000000,
        "grossProfitRatio": 1,
        "researchAndDevelopmentExpenses": 0,
        "generalAndAdministrativeExpenses": 467000000,
        "sellingAndMarketingExpenses": 231000000,
        "sellingGeneralAndAdministrativeExpenses": 698000000,
        "otherExpenses": -124000000,
        "operatingExpenses": 574000000,
        "costAndExpenses": 574000000,
        "interestIncome": 2982000000,
        "interestExpense": 584000000,
        "depreciationAndAmortization": 123000000,
        "ebitda": 0,
        "ebitdaratio": 0,
        "operatingIncome": -78000000,
        "operatingIncomeRatio": -0.0270083102,
        "totalOtherIncomeExpensesNet": 0,
        "incomeBeforeTax": -78000000,
        "incomeBeforeTaxRatio": -0.0270083102,
        "incomeTaxExpense": -17000000,
        "netIncome": -61000000,
        "netIncomeRatio": -0.0211218837,
        "eps": -0.2,
        "epsdiluted": -0.2,
        "weightedAverageShsOut": 308000000,
        "weightedAverageShsOutDil": 308000000,
        "link": "https://www.sec.gov/Archives/edgar/data/1393612/000139361220000021/0001393612-20-000021-index.htm",
        "finalLink": "https://www.sec.gov/Archives/edgar/data/1393612/000139361220000021/dfs331202010q.htm"
    },
    {
        "date": "2019-12-31",
        "symbol": "DFS",
        "reportedCurrency": "USD",
        "cik": "0001393612",
        "fillingDate": "2020-02-26",
        "acceptedDate": "2020-02-26 17:04:06",
        "calendarYear": "2019",
        "period": "Q4",
        "revenue": 2944000000,
        "costOfRevenue": 0,
        "grossProfit": 2944000000,
        "grossProfitRatio": 1,
        "researchAndDevelopmentExpenses": 0,
        "generalAndAdministrativeExpenses": 447000000,
        "sellingAndMarketingExpenses": 234000000,
        "sellingGeneralAndAdministrativeExpenses": 681000000,
        "otherExpenses": -149000000,
        "operatingExpenses": 532000000,
        "costAndExpenses": 532000000,
        "interestIncome": 3039000000,
        "interestExpense": 615000000,
        "depreciationAndAmortization": 121000000,
        "ebitda": 1045000000,
        "ebitdaratio": 0.3549592391,
        "operatingIncome": 924000000,
        "operatingIncomeRatio": 0.3138586957,
        "totalOtherIncomeExpensesNet": -262000000,
        "incomeBeforeTax": 924000000,
        "incomeBeforeTaxRatio": 0.3138586957,
        "incomeTaxExpense": 216000000,
        "netIncome": 705000000,
        "netIncomeRatio": 0.2394701087,
        "eps": 2.25,
        "epsdiluted": 2.25,
        "weightedAverageShsOut": 312000000,
        "weightedAverageShsOutDil": 313000000,
        "link": "https://www.sec.gov/Archives/edgar/data/1393612/000139361220000009/0001393612-20-000009-index.htm",
        "finalLink": "https://www.sec.gov/Archives/edgar/data/1393612/000139361220000009/dfs1231201910k.htm"
    },
    {
        "date": "2019-09-30",
        "symbol": "DFS",
        "reportedCurrency": "USD",
        "cik": "0001393612",
        "fillingDate": "2019-10-30",
        "acceptedDate": "2019-10-30 16:21:16",
        "calendarYear": "2019",
        "period": "Q3",
        "revenue": 2900000000,
        "costOfRevenue": 0,
        "grossProfit": 2900000000,
        "grossProfitRatio": 1,
        "researchAndDevelopmentExpenses": 0,
        "generalAndAdministrativeExpenses": 439000000,
        "sellingAndMarketingExpenses": 230000000,
        "sellingGeneralAndAdministrativeExpenses": 669000000,
        "otherExpenses": -127000000,
        "operatingExpenses": 542000000,
        "costAndExpenses": 542000000,
        "interestIncome": 3040000000,
        "interestExpense": 638000000,
        "depreciationAndAmortization": 113000000,
        "ebitda": 1107000000,
        "ebitdaratio": 0.3817241379,
        "operatingIncome": 994000000,
        "operatingIncomeRatio": 0.3427586207,
        "totalOtherIncomeExpensesNet": 0,
        "incomeBeforeTax": 994000000,
        "incomeBeforeTaxRatio": 0.3427586207,
        "incomeTaxExpense": 224000000,
        "netIncome": 749000000,
        "netIncomeRatio": 0.2582758621,
        "eps": 2.36,
        "epsdiluted": 2.36,
        "weightedAverageShsOut": 317000000,
        "weightedAverageShsOutDil": 317000000,
        "link": "https://www.sec.gov/Archives/edgar/data/1393612/000139361219000051/0001393612-19-000051-index.htm",
        "finalLink": "https://www.sec.gov/Archives/edgar/data/1393612/000139361219000051/dfs930201910q.htm"
    },
    {
        "date": "2019-06-30",
        "symbol": "DFS",
        "reportedCurrency": "USD",
        "cik": "0001393612",
        "fillingDate": "2019-08-01",
        "acceptedDate": "2019-08-01 16:24:30",
        "calendarYear": "2019",
        "period": "Q2",
        "revenue": 2852000000,
        "costOfRevenue": 0,
        "grossProfit": 2852000000,
        "grossProfitRatio": 1,
        "researchAndDevelopmentExpenses": 0,
        "generalAndAdministrativeExpenses": 427000000,
        "sellingAndMarketingExpenses": 224000000,
        "sellingGeneralAndAdministrativeExpenses": 651000000,
        "otherExpenses": -117000000,
        "operatingExpenses": 534000000,
        "costAndExpenses": 534000000,
        "interestIncome": 2977000000,
        "interestExpense": 645000000,
        "depreciationAndAmortization": 103000000,
        "ebitda": 1090000000,
        "ebitdaratio": 0.3821879383,
        "operatingIncome": 987000000,
        "operatingIncomeRatio": 0.3460729313,
        "totalOtherIncomeExpensesNet": 0,
        "incomeBeforeTax": 987000000,
        "incomeBeforeTaxRatio": 0.3460729313,
        "incomeTaxExpense": 234000000,
        "netIncome": 747000000,
        "netIncomeRatio": 0.2619214586,
        "eps": 2.32,
        "epsdiluted": 2.32,
        "weightedAverageShsOut": 322000000,
        "weightedAverageShsOutDil": 323000000,
        "link": "https://www.sec.gov/Archives/edgar/data/1393612/000139361219000039/0001393612-19-000039-index.htm",
        "finalLink": "https://www.sec.gov/Archives/edgar/data/1393612/000139361219000039/dfs630201910q.htm"
    },
    {
        "date": "2019-03-31",
        "symbol": "DFS",
        "reportedCurrency": "USD",
        "cik": "0001393612",
        "fillingDate": "2019-05-02",
        "acceptedDate": "2019-05-02 16:52:31",
        "calendarYear": "2019",
        "period": "Q1",
        "revenue": 2763000000,
        "costOfRevenue": 0,
        "grossProfit": 2763000000,
        "grossProfitRatio": 1,
        "researchAndDevelopmentExpenses": 0,
        "generalAndAdministrativeExpenses": 425000000,
        "sellingAndMarketingExpenses": 195000000,
        "sellingGeneralAndAdministrativeExpenses": 620000000,
        "otherExpenses": -110000000,
        "operatingExpenses": 510000000,
        "costAndExpenses": 510000000,
        "interestIncome": 2937000000,
        "interestExpense": 632000000,
        "depreciationAndAmortization": 99000000,
        "ebitda": 1029000000,
        "ebitdaratio": 0.3724212812,
        "operatingIncome": 930000000,
        "operatingIncomeRatio": 0.3365906623,
        "totalOtherIncomeExpensesNet": 0,
        "incomeBeforeTax": 930000000,
        "incomeBeforeTaxRatio": 0.3365906623,
        "incomeTaxExpense": 204000000,
        "netIncome": 705000000,
        "netIncomeRatio": 0.2551574376,
        "eps": 2.15,
        "epsdiluted": 2.15,
        "weightedAverageShsOut": 328000000,
        "weightedAverageShsOutDil": 328000000,
        "link": "https://www.sec.gov/Archives/edgar/data/1393612/000139361219000029/0001393612-19-000029-index.htm",
        "finalLink": "https://www.sec.gov/Archives/edgar/data/1393612/000139361219000029/dfs331201910q.htm"
    },
    {
        "date": "2018-12-31",
        "symbol": "DFS",
        "reportedCurrency": "USD",
        "cik": "0001393612",
        "fillingDate": "2019-02-20",
        "acceptedDate": "2019-02-20 16:56:07",
        "calendarYear": "2018",
        "period": "Q4",
        "revenue": 2807000000,
        "costOfRevenue": 0,
        "grossProfit": 2807000000,
        "grossProfitRatio": 1,
        "researchAndDevelopmentExpenses": 0,
        "generalAndAdministrativeExpenses": 414000000,
        "sellingAndMarketingExpenses": 230000000,
        "sellingGeneralAndAdministrativeExpenses": 644000000,
        "otherExpenses": -157000000,
        "operatingExpenses": 487000000,
        "costAndExpenses": 487000000,
        "interestIncome": 2907000000,
        "interestExpense": 605000000,
        "depreciationAndAmortization": 109000000,
        "ebitda": 1006000000,
        "ebitdaratio": 0.3583897399,
        "operatingIncome": 897000000,
        "operatingIncomeRatio": 0.3195582472,
        "totalOtherIncomeExpensesNet": -250000000,
        "incomeBeforeTax": 897000000,
        "incomeBeforeTaxRatio": 0.3195582472,
        "incomeTaxExpense": 210000000,
        "netIncome": 681000000,
        "netIncomeRatio": 0.2426077663,
        "eps": 2.04,
        "epsdiluted": 2.03,
        "weightedAverageShsOut": 335000000,
        "weightedAverageShsOutDil": 335000000,
        "link": "https://www.sec.gov/Archives/edgar/data/1393612/000139361219000011/0001393612-19-000011-index.htm",
        "finalLink": "https://www.sec.gov/Archives/edgar/data/1393612/000139361219000011/dfs1231201810k.htm"
    },
    {
        "date": "2018-09-30",
        "symbol": "DFS",
        "reportedCurrency": "USD",
        "cik": "0001393612",
        "fillingDate": "2018-10-31",
        "acceptedDate": "2018-10-31 16:48:30",
        "calendarYear": "2018",
        "period": "Q3",
        "revenue": 2724000000,
        "costOfRevenue": 0,
        "grossProfit": 2724000000,
        "grossProfitRatio": 1,
        "researchAndDevelopmentExpenses": 0,
        "generalAndAdministrativeExpenses": 408000000,
        "sellingAndMarketingExpenses": 218000000,
        "sellingGeneralAndAdministrativeExpenses": 626000000,
        "otherExpenses": -108000000,
        "operatingExpenses": 518000000,
        "costAndExpenses": 518000000,
        "interestIncome": 2781000000,
        "interestExpense": 558000000,
        "depreciationAndAmortization": 110000000,
        "ebitda": 1077000000,
        "ebitdaratio": 0.3953744493,
        "operatingIncome": 967000000,
        "operatingIncomeRatio": 0.3549926579,
        "totalOtherIncomeExpensesNet": 0,
        "incomeBeforeTax": 967000000,
        "incomeBeforeTaxRatio": 0.3549926579,
        "incomeTaxExpense": 247000000,
        "netIncome": 699000000,
        "netIncomeRatio": 0.2566079295,
        "eps": 2.05,
        "epsdiluted": 2.05,
        "weightedAverageShsOut": 341000000,
        "weightedAverageShsOutDil": 342000000,
        "link": "https://www.sec.gov/Archives/edgar/data/1393612/000139361218000051/0001393612-18-000051-index.htm",
        "finalLink": "https://www.sec.gov/Archives/edgar/data/1393612/000139361218000051/dfs930201810q.htm"
    },
    {
        "date": "2018-06-30",
        "symbol": "DFS",
        "reportedCurrency": "USD",
        "cik": "0001393612",
        "fillingDate": "2018-08-01",
        "acceptedDate": "2018-08-01 17:12:50",
        "calendarYear": "2018",
        "period": "Q2",
        "revenue": 2603000000,
        "costOfRevenue": 0,
        "grossProfit": 2603000000,
        "grossProfitRatio": 1,
        "researchAndDevelopmentExpenses": 0,
        "generalAndAdministrativeExpenses": 400000000,
        "sellingAndMarketingExpenses": 224000000,
        "sellingGeneralAndAdministrativeExpenses": 624000000,
        "otherExpenses": -89000000,
        "operatingExpenses": 535000000,
        "costAndExpenses": 535000000,
        "interestIncome": 2636000000,
        "interestExpense": 507000000,
        "depreciationAndAmortization": 109000000,
        "ebitda": 986000000,
        "ebitdaratio": 0.3787936996,
        "operatingIncome": 877000000,
        "operatingIncomeRatio": 0.3369189397,
        "totalOtherIncomeExpensesNet": 0,
        "incomeBeforeTax": 877000000,
        "incomeBeforeTaxRatio": 0.3369189397,
        "incomeTaxExpense": 208000000,
        "netIncome": 663000000,
        "netIncomeRatio": 0.2547061083,
        "eps": 1.91,
        "epsdiluted": 1.91,
        "weightedAverageShsOut": 348000000,
        "weightedAverageShsOutDil": 348000000,
        "link": "https://www.sec.gov/Archives/edgar/data/1393612/000139361218000039/0001393612-18-000039-index.htm",
        "finalLink": "https://www.sec.gov/Archives/edgar/data/1393612/000139361218000039/dfs630201810q.htm"
    },
    {
        "date": "2018-03-31",
        "symbol": "DFS",
        "reportedCurrency": "USD",
        "cik": "0001393612",
        "fillingDate": "2018-05-01",
        "acceptedDate": "2018-05-01 17:01:03",
        "calendarYear": "2018",
        "period": "Q1",
        "revenue": 2575000000,
        "costOfRevenue": 0,
        "grossProfit": 2575000000,
        "grossProfitRatio": 1,
        "researchAndDevelopmentExpenses": 0,
        "generalAndAdministrativeExpenses": 405000000,
        "sellingAndMarketingExpenses": 185000000,
        "sellingGeneralAndAdministrativeExpenses": 590000000,
        "otherExpenses": -115000000,
        "operatingExpenses": 475000000,
        "costAndExpenses": 475000000,
        "interestIncome": 2569000000,
        "interestExpense": 469000000,
        "depreciationAndAmortization": 107000000,
        "ebitda": 963000000,
        "ebitdaratio": 0.3739805825,
        "operatingIncome": 856000000,
        "operatingIncomeRatio": 0.3324271845,
        "totalOtherIncomeExpensesNet": 0,
        "incomeBeforeTax": 856000000,
        "incomeBeforeTaxRatio": 0.3324271845,
        "incomeTaxExpense": 190000000,
        "netIncome": 646000000,
        "netIncomeRatio": 0.2508737864,
        "eps": 1.82,
        "epsdiluted": 1.82,
        "weightedAverageShsOut": 355000000,
        "weightedAverageShsOutDil": 355000000,
        "link": "https://www.sec.gov/Archives/edgar/data/1393612/000139361218000025/0001393612-18-000025-index.htm",
        "finalLink": "https://www.sec.gov/Archives/edgar/data/1393612/000139361218000025/dfs331201810q.htm"
    },
    {
        "date": "2017-12-31",
        "symbol": "DFS",
        "reportedCurrency": "USD",
        "cik": "0001393612",
        "fillingDate": "2018-02-21",
        "acceptedDate": "2018-02-21 16:25:19",
        "calendarYear": "2017",
        "period": "Q4",
        "revenue": 2614000000,
        "costOfRevenue": 0,
        "grossProfit": 2614000000,
        "grossProfitRatio": 1,
        "researchAndDevelopmentExpenses": 0,
        "generalAndAdministrativeExpenses": 411000000,
        "sellingAndMarketingExpenses": 213000000,
        "sellingGeneralAndAdministrativeExpenses": 624000000,
        "otherExpenses": -117000000,
        "operatingExpenses": 507000000,
        "costAndExpenses": 507000000,
        "interestIncome": 2556000000,
        "interestExpense": 436000000,
        "depreciationAndAmortization": 104000000,
        "ebitda": 1003000000,
        "ebitdaratio": 0.383703137,
        "operatingIncome": 899000000,
        "operatingIncomeRatio": 0.343917368,
        "totalOtherIncomeExpensesNet": -197000000,
        "incomeBeforeTax": 899000000,
        "incomeBeforeTaxRatio": 0.343917368,
        "incomeTaxExpense": 512000000,
        "netIncome": 359000000,
        "netIncomeRatio": 0.1373374139,
        "eps": 0.99,
        "epsdiluted": 0.99,
        "weightedAverageShsOut": 362000000,
        "weightedAverageShsOutDil": 362000000,
        "link": "https://www.sec.gov/Archives/edgar/data/1393612/000139361218000012/0001393612-18-000012-index.htm",
        "finalLink": "https://www.sec.gov/Archives/edgar/data/1393612/000139361218000012/dfs1231201710k.htm"
    },
    {
        "date": "2017-09-30",
        "symbol": "DFS",
        "reportedCurrency": "USD",
        "cik": "0001393612",
        "fillingDate": "2017-11-02",
        "acceptedDate": "2017-11-02 16:18:19",
        "calendarYear": "2017",
        "period": "Q3",
        "revenue": 2525000000,
        "costOfRevenue": 0,
        "grossProfit": 2525000000,
        "grossProfitRatio": 1,
        "researchAndDevelopmentExpenses": 0,
        "generalAndAdministrativeExpenses": 371000000,
        "sellingAndMarketingExpenses": 203000000,
        "sellingGeneralAndAdministrativeExpenses": 574000000,
        "otherExpenses": -108000000,
        "operatingExpenses": 466000000,
        "costAndExpenses": 466000000,
        "interestIncome": 2476000000,
        "interestExpense": 426000000,
        "depreciationAndAmortization": 101000000,
        "ebitda": 1004000000,
        "ebitdaratio": 0.3976237624,
        "operatingIncome": 903000000,
        "operatingIncomeRatio": 0.3576237624,
        "totalOtherIncomeExpensesNet": 0,
        "incomeBeforeTax": 903000000,
        "incomeBeforeTaxRatio": 0.3576237624,
        "incomeTaxExpense": 301000000,
        "netIncome": 589000000,
        "netIncomeRatio": 0.2332673267,
        "eps": 1.59,
        "epsdiluted": 1.59,
        "weightedAverageShsOut": 371000000,
        "weightedAverageShsOutDil": 371000000,
        "link": "https://www.sec.gov/Archives/edgar/data/1393612/000139361217000056/0001393612-17-000056-index.htm",
        "finalLink": "https://www.sec.gov/Archives/edgar/data/1393612/000139361217000056/dfs930201710q.htm"
    },
    {
        "date": "2017-06-30",
        "symbol": "DFS",
        "reportedCurrency": "USD",
        "cik": "0001393612",
        "fillingDate": "2017-08-01",
        "acceptedDate": "2017-08-01 17:16:43",
        "calendarYear": "2017",
        "period": "Q2",
        "revenue": 2419000000,
        "costOfRevenue": 0,
        "grossProfit": 2419000000,
        "grossProfitRatio": 1,
        "researchAndDevelopmentExpenses": 0,
        "generalAndAdministrativeExpenses": 367000000,
        "sellingAndMarketingExpenses": 192000000,
        "sellingGeneralAndAdministrativeExpenses": 559000000,
        "otherExpenses": -97000000,
        "operatingExpenses": 462000000,
        "costAndExpenses": 462000000,
        "interestIncome": 2338000000,
        "interestExpense": 400000000,
        "depreciationAndAmortization": 95000000,
        "ebitda": 962000000,
        "ebitdaratio": 0.3976849938,
        "operatingIncome": 867000000,
        "operatingIncomeRatio": 0.3584125672,
        "totalOtherIncomeExpensesNet": 0,
        "incomeBeforeTax": 867000000,
        "incomeBeforeTaxRatio": 0.3584125672,
        "incomeTaxExpense": 321000000,
        "netIncome": 532000000,
        "netIncomeRatio": 0.2199255891,
        "eps": 1.41,
        "epsdiluted": 1.4,
        "weightedAverageShsOut": 379000000,
        "weightedAverageShsOutDil": 379000000,
        "link": "https://www.sec.gov/Archives/edgar/data/1393612/000139361217000041/0001393612-17-000041-index.htm",
        "finalLink": "https://www.sec.gov/Archives/edgar/data/1393612/000139361217000041/dfs630201710q.htm"
    },
    {
        "date": "2017-03-31",
        "symbol": "DFS",
        "reportedCurrency": "USD",
        "cik": "0001393612",
        "fillingDate": "2017-05-02",
        "acceptedDate": "2017-05-02 16:19:54",
        "calendarYear": "2017",
        "period": "Q1",
        "revenue": 2339000000,
        "costOfRevenue": 0,
        "grossProfit": 2339000000,
        "grossProfitRatio": 1,
        "researchAndDevelopmentExpenses": 0,
        "generalAndAdministrativeExpenses": 363000000,
        "sellingAndMarketingExpenses": 168000000,
        "sellingGeneralAndAdministrativeExpenses": 531000000,
        "otherExpenses": -102000000,
        "operatingExpenses": 429000000,
        "costAndExpenses": 429000000,
        "interestIncome": 2278000000,
        "interestExpense": 386000000,
        "depreciationAndAmortization": 93000000,
        "ebitda": 961000000,
        "ebitdaratio": 0.4108593416,
        "operatingIncome": 868000000,
        "operatingIncomeRatio": 0.3710987602,
        "totalOtherIncomeExpensesNet": 0,
        "incomeBeforeTax": 868000000,
        "incomeBeforeTaxRatio": 0.3710987602,
        "incomeTaxExpense": 304000000,
        "netIncome": 551000000,
        "netIncomeRatio": 0.2355707567,
        "eps": 1.43,
        "epsdiluted": 1.43,
        "weightedAverageShsOut": 386000000,
        "weightedAverageShsOutDil": 386000000,
        "link": "https://www.sec.gov/Archives/edgar/data/1393612/000139361217000025/0001393612-17-000025-index.htm",
        "finalLink": "https://www.sec.gov/Archives/edgar/data/1393612/000139361217000025/dfs331201710q.htm"
    },
    {
        "date": "2016-12-31",
        "symbol": "DFS",
        "reportedCurrency": "USD",
        "cik": "0001393612",
        "fillingDate": "2017-02-23",
        "acceptedDate": "2017-02-22 17:54:42",
        "calendarYear": "2016",
        "period": "Q4",
        "revenue": 2358000000,
        "costOfRevenue": 0,
        "grossProfit": 2358000000,
        "grossProfitRatio": 1,
        "researchAndDevelopmentExpenses": 0,
        "generalAndAdministrativeExpenses": 352000000,
        "sellingAndMarketingExpenses": 176000000,
        "sellingGeneralAndAdministrativeExpenses": 528000000,
        "otherExpenses": -113000000,
        "operatingExpenses": 415000000,
        "costAndExpenses": 415000000,
        "interestIncome": 2258000000,
        "interestExpense": 366000000,
        "depreciationAndAmortization": 89000000,
        "ebitda": 972000000,
        "ebitdaratio": 0.4122137405,
        "operatingIncome": 883000000,
        "operatingIncomeRatio": 0.3744698897,
        "totalOtherIncomeExpensesNet": -194000000,
        "incomeBeforeTax": 883000000,
        "incomeBeforeTaxRatio": 0.3744698897,
        "incomeTaxExpense": 320000000,
        "netIncome": 550000000,
        "netIncomeRatio": 0.2332485157,
        "eps": 1.4,
        "epsdiluted": 1.4,
        "weightedAverageShsOut": 392000000,
        "weightedAverageShsOutDil": 393000000,
        "link": "https://www.sec.gov/Archives/edgar/data/1393612/000139361217000012/0001393612-17-000012-index.htm",
        "finalLink": "https://www.sec.gov/Archives/edgar/data/1393612/000139361217000012/dfs1231201610k.htm"
    },
    {
        "date": "2016-09-30",
        "symbol": "DFS",
        "reportedCurrency": "USD",
        "cik": "0001393612",
        "fillingDate": "2016-10-27",
        "acceptedDate": "2016-10-27 16:35:30",
        "calendarYear": "2016",
        "period": "Q3",
        "revenue": 2301000000,
        "costOfRevenue": 0,
        "grossProfit": 2301000000,
        "grossProfitRatio": 1,
        "researchAndDevelopmentExpenses": 0,
        "generalAndAdministrativeExpenses": 342000000,
        "sellingAndMarketingExpenses": 195000000,
        "sellingGeneralAndAdministrativeExpenses": 537000000,
        "otherExpenses": -109000000,
        "operatingExpenses": 428000000,
        "costAndExpenses": 428000000,
        "interestIncome": 2184000000,
        "interestExpense": 359000000,
        "depreciationAndAmortization": 86000000,
        "ebitda": 1047000000,
        "ebitdaratio": 0.4550195567,
        "operatingIncome": 961000000,
        "operatingIncomeRatio": 0.4176445024,
        "totalOtherIncomeExpensesNet": 0,
        "incomeBeforeTax": 961000000,
        "incomeBeforeTaxRatio": 0.4176445024,
        "incomeTaxExpense": 322000000,
        "netIncome": 625000000,
        "netIncomeRatio": 0.2716210343,
        "eps": 1.56,
        "epsdiluted": 1.56,
        "weightedAverageShsOut": 402000000,
        "weightedAverageShsOutDil": 402000000,
        "link": "https://www.sec.gov/Archives/edgar/data/1393612/000139361216000100/0001393612-16-000100-index.htm",
        "finalLink": "https://www.sec.gov/Archives/edgar/data/1393612/000139361216000100/dfs930201610q.htm"
    },
    {
        "date": "2016-06-30",
        "symbol": "DFS",
        "reportedCurrency": "USD",
        "cik": "0001393612",
        "fillingDate": "2016-08-02",
        "acceptedDate": "2016-08-02 17:05:26",
        "calendarYear": "2016",
        "period": "Q2",
        "revenue": 2216000000,
        "costOfRevenue": 0,
        "grossProfit": 2216000000,
        "grossProfitRatio": 1,
        "researchAndDevelopmentExpenses": 0,
        "generalAndAdministrativeExpenses": 340000000,
        "sellingAndMarketingExpenses": 198000000,
        "sellingGeneralAndAdministrativeExpenses": 538000000,
        "otherExpenses": -106000000,
        "operatingExpenses": 432000000,
        "costAndExpenses": 432000000,
        "interestIncome": 2090000000,
        "interestExpense": 339000000,
        "depreciationAndAmortization": 92000000,
        "ebitda": 0,
        "ebitdaratio": 0,
        "operatingIncome": 898000000,
        "operatingIncomeRatio": 0.405234657,
        "totalOtherIncomeExpensesNet": -195000000,
        "incomeBeforeTax": 898000000,
        "incomeBeforeTaxRatio": 0.405234657,
        "incomeTaxExpense": 282000000,
        "netIncome": 602000000,
        "netIncomeRatio": 0.2716606498,
        "eps": 1.47,
        "epsdiluted": 1.47,
        "weightedAverageShsOut": 410000000,
        "weightedAverageShsOutDil": 411000000,
        "link": "https://www.sec.gov/Archives/edgar/data/1393612/000139361216000085/0001393612-16-000085-index.htm",
        "finalLink": "https://www.sec.gov/Archives/edgar/data/1393612/000139361216000085/dfs630201610q.htm"
    },
    {
        "date": "2016-03-31",
        "symbol": "DFS",
        "reportedCurrency": "USD",
        "cik": "0001393612",
        "fillingDate": "2016-04-28",
        "acceptedDate": "2016-04-28 16:58:42",
        "calendarYear": "2016",
        "period": "Q1",
        "revenue": 2224000000,
        "costOfRevenue": 0,
        "grossProfit": 2224000000,
        "grossProfitRatio": 1,
        "researchAndDevelopmentExpenses": 0,
        "generalAndAdministrativeExpenses": 345000000,
        "sellingAndMarketingExpenses": 162000000,
        "sellingGeneralAndAdministrativeExpenses": 507000000,
        "otherExpenses": -107000000,
        "operatingExpenses": 400000000,
        "costAndExpenses": 400000000,
        "interestIncome": 2084000000,
        "interestExpense": 334000000,
        "depreciationAndAmortization": 84000000,
        "ebitda": 0,
        "ebitdaratio": 0,
        "operatingIncome": 914000000,
        "operatingIncomeRatio": 0.410971223,
        "totalOtherIncomeExpensesNet": -195000000,
        "incomeBeforeTax": 914000000,
        "incomeBeforeTaxRatio": 0.410971223,
        "incomeTaxExpense": 339000000,
        "netIncome": 562000000,
        "netIncomeRatio": 0.2526978417,
        "eps": 1.35,
        "epsdiluted": 1.35,
        "weightedAverageShsOut": 417000000,
        "weightedAverageShsOutDil": 417000000,
        "link": "https://www.sec.gov/Archives/edgar/data/1393612/000139361216000070/0001393612-16-000070-index.htm",
        "finalLink": "https://www.sec.gov/Archives/edgar/data/1393612/000139361216000070/dfs331201610q.htm"
    },
    {
        "date": "2015-12-31",
        "symbol": "DFS",
        "reportedCurrency": "USD",
        "cik": "0001393612",
        "fillingDate": "2016-02-24",
        "acceptedDate": "2016-02-24 16:49:41",
        "calendarYear": "2015",
        "period": "Q4",
        "revenue": 2205000000,
        "costOfRevenue": 0,
        "grossProfit": 2205000000,
        "grossProfitRatio": 1,
        "researchAndDevelopmentExpenses": 0,
        "generalAndAdministrativeExpenses": 333000000,
        "sellingAndMarketingExpenses": 196000000,
        "sellingGeneralAndAdministrativeExpenses": 529000000,
        "otherExpenses": -123000000,
        "operatingExpenses": 406000000,
        "costAndExpenses": 406000000,
        "interestIncome": 2061000000,
        "interestExpense": 329000000,
        "depreciationAndAmortization": 100000000,
        "ebitda": 0,
        "ebitdaratio": 0,
        "operatingIncome": 788000000,
        "operatingIncomeRatio": 0.3573696145,
        "totalOtherIncomeExpensesNet": -210000000,
        "incomeBeforeTax": 788000000,
        "incomeBeforeTaxRatio": 0.3573696145,
        "incomeTaxExpense": 288000000,
        "netIncome": 488000000,
        "netIncomeRatio": 0.2213151927,
        "eps": 1.15,
        "epsdiluted": 1.14,
        "weightedAverageShsOut": 426000000,
        "weightedAverageShsOutDil": 426000000,
        "link": "https://www.sec.gov/Archives/edgar/data/1393612/000139361216000059/0001393612-16-000059-index.htm",
        "finalLink": "https://www.sec.gov/Archives/edgar/data/1393612/000139361216000059/dfs1231201510k.htm"
    },
    {
        "date": "2015-09-30",
        "symbol": "DFS",
        "reportedCurrency": "USD",
        "cik": "0001393612",
        "fillingDate": "2015-10-29",
        "acceptedDate": "2015-10-29 16:54:00",
        "calendarYear": "2015",
        "period": "Q3",
        "revenue": 2188000000,
        "costOfRevenue": 0,
        "grossProfit": 2188000000,
        "grossProfitRatio": 1,
        "researchAndDevelopmentExpenses": 0,
        "generalAndAdministrativeExpenses": 337000000,
        "sellingAndMarketingExpenses": 168000000,
        "sellingGeneralAndAdministrativeExpenses": 505000000,
        "otherExpenses": -109000000,
        "operatingExpenses": 396000000,
        "costAndExpenses": 396000000,
        "interestIncome": 2008000000,
        "interestExpense": 323000000,
        "depreciationAndAmortization": 98000000,
        "ebitda": 0,
        "ebitdaratio": 0,
        "operatingIncome": 974000000,
        "operatingIncomeRatio": 0.4451553931,
        "totalOtherIncomeExpensesNet": -193000000,
        "incomeBeforeTax": 974000000,
        "incomeBeforeTaxRatio": 0.4451553931,
        "incomeTaxExpense": 362000000,
        "netIncome": 599000000,
        "netIncomeRatio": 0.2737659963,
        "eps": 1.38,
        "epsdiluted": 1.38,
        "weightedAverageShsOut": 433000000,
        "weightedAverageShsOutDil": 434000000,
        "link": "https://www.sec.gov/Archives/edgar/data/1393612/000139361215000043/0001393612-15-000043-index.htm",
        "finalLink": "https://www.sec.gov/Archives/edgar/data/1393612/000139361215000043/dfs930201510q.htm"
    },
    {
        "date": "2015-06-30",
        "symbol": "DFS",
        "reportedCurrency": "USD",
        "cik": "0001393612",
        "fillingDate": "2015-07-29",
        "acceptedDate": "2015-07-29 16:46:53",
        "calendarYear": "2015",
        "period": "Q2",
        "revenue": 2175000000,
        "costOfRevenue": 0,
        "grossProfit": 2175000000,
        "grossProfitRatio": 1,
        "researchAndDevelopmentExpenses": 0,
        "generalAndAdministrativeExpenses": 326000000,
        "sellingAndMarketingExpenses": 199000000,
        "sellingGeneralAndAdministrativeExpenses": 525000000,
        "otherExpenses": -136000000,
        "operatingExpenses": 389000000,
        "costAndExpenses": 389000000,
        "interestIncome": 1947000000,
        "interestExpense": 311000000,
        "depreciationAndAmortization": 98000000,
        "ebitda": 0,
        "ebitdaratio": 0,
        "operatingIncome": 942000000,
        "operatingIncomeRatio": 0.4331034483,
        "totalOtherIncomeExpensesNet": -226000000,
        "incomeBeforeTax": 942000000,
        "incomeBeforeTaxRatio": 0.4331034483,
        "incomeTaxExpense": 343000000,
        "netIncome": 586000000,
        "netIncomeRatio": 0.2694252874,
        "eps": 1.33,
        "epsdiluted": 1.33,
        "weightedAverageShsOut": 441000000,
        "weightedAverageShsOutDil": 442000000,
        "link": "https://www.sec.gov/Archives/edgar/data/1393612/000139361215000028/0001393612-15-000028-index.htm",
        "finalLink": "https://www.sec.gov/Archives/edgar/data/1393612/000139361215000028/dfs630201510q.htm"
    },
    {
        "date": "2015-03-31",
        "symbol": "DFS",
        "reportedCurrency": "USD",
        "cik": "0001393612",
        "fillingDate": "2015-04-30",
        "acceptedDate": "2015-04-30 17:21:32",
        "calendarYear": "2015",
        "period": "Q1",
        "revenue": 2171000000,
        "costOfRevenue": 0,
        "grossProfit": 2171000000,
        "grossProfitRatio": 1,
        "researchAndDevelopmentExpenses": 0,
        "generalAndAdministrativeExpenses": 331000000,
        "sellingAndMarketingExpenses": 182000000,
        "sellingGeneralAndAdministrativeExpenses": 513000000,
        "otherExpenses": -121000000,
        "operatingExpenses": 392000000,
        "costAndExpenses": 392000000,
        "interestIncome": 1929000000,
        "interestExpense": 300000000,
        "depreciationAndAmortization": 95000000,
        "ebitda": 0,
        "ebitdaratio": 0,
        "operatingIncome": 908000000,
        "operatingIncomeRatio": 0.4182404422,
        "totalOtherIncomeExpensesNet": -209000000,
        "incomeBeforeTax": 908000000,
        "incomeBeforeTaxRatio": 0.4182404422,
        "incomeTaxExpense": 322000000,
        "netIncome": 573000000,
        "netIncomeRatio": 0.2639336711,
        "eps": 1.28,
        "epsdiluted": 1.28,
        "weightedAverageShsOut": 448000000,
        "weightedAverageShsOutDil": 448000000,
        "link": "https://www.sec.gov/Archives/edgar/data/1393612/000139361215000015/0001393612-15-000015-index.htm",
        "finalLink": "https://www.sec.gov/Archives/edgar/data/1393612/000139361215000015/dfs331201510q.htm"
    },
    {
        "date": "2014-12-31",
        "symbol": "DFS",
        "reportedCurrency": "USD",
        "cik": "0001393612",
        "fillingDate": "2015-02-25",
        "acceptedDate": "2015-02-25 16:51:51",
        "calendarYear": "2014",
        "period": "Q4",
        "revenue": 2037000000,
        "costOfRevenue": 0,
        "grossProfit": 2037000000,
        "grossProfitRatio": 1,
        "researchAndDevelopmentExpenses": 0,
        "generalAndAdministrativeExpenses": 314000000,
        "sellingAndMarketingExpenses": 216000000,
        "sellingGeneralAndAdministrativeExpenses": 530000000,
        "otherExpenses": -162000000,
        "operatingExpenses": 368000000,
        "costAndExpenses": 368000000,
        "interestIncome": 1974000000,
        "interestExpense": 302000000,
        "depreciationAndAmortization": 95000000,
        "ebitda": 0,
        "ebitdaratio": 0,
        "operatingIncome": 648000000,
        "operatingIncomeRatio": 0.3181148748,
        "totalOtherIncomeExpensesNet": -427000000,
        "incomeBeforeTax": 648000000,
        "incomeBeforeTaxRatio": 0.3181148748,
        "incomeTaxExpense": 244000000,
        "netIncome": 392000000,
        "netIncomeRatio": 0.1924398625,
        "eps": 0.87,
        "epsdiluted": 0.87,
        "weightedAverageShsOut": 452000000,
        "weightedAverageShsOutDil": 453000000,
        "link": "https://www.sec.gov/Archives/edgar/data/1393612/000139361215000007/0001393612-15-000007-index.htm",
        "finalLink": "https://www.sec.gov/Archives/edgar/data/1393612/000139361215000007/dfs1231201410k.htm"
    },
    {
        "date": "2014-09-30",
        "symbol": "DFS",
        "reportedCurrency": "USD",
        "cik": "0001393612",
        "fillingDate": "2014-10-28",
        "acceptedDate": "2014-10-28 17:04:24",
        "calendarYear": "2014",
        "period": "Q3",
        "revenue": 2190000000,
        "costOfRevenue": 0,
        "grossProfit": 2190000000,
        "grossProfitRatio": 1,
        "researchAndDevelopmentExpenses": 0,
        "generalAndAdministrativeExpenses": 320000000,
        "sellingAndMarketingExpenses": 182000000,
        "sellingGeneralAndAdministrativeExpenses": 502000000,
        "otherExpenses": -104000000,
        "operatingExpenses": 398000000,
        "costAndExpenses": 398000000,
        "interestIncome": 1926000000,
        "interestExpense": 288000000,
        "depreciationAndAmortization": 93000000,
        "ebitda": 0,
        "ebitdaratio": 0,
        "operatingIncome": 1009000000,
        "operatingIncomeRatio": 0.4607305936,
        "totalOtherIncomeExpensesNet": -187000000,
        "incomeBeforeTax": 1009000000,
        "incomeBeforeTaxRatio": 0.4607305936,
        "incomeTaxExpense": 365000000,
        "netIncome": 630000000,
        "netIncomeRatio": 0.2876712329,
        "eps": 1.37,
        "epsdiluted": 1.37,
        "weightedAverageShsOut": 460000000,
        "weightedAverageShsOutDil": 461000000,
        "link": "https://www.sec.gov/Archives/edgar/data/1393612/000139361214000044/0001393612-14-000044-index.htm",
        "finalLink": "https://www.sec.gov/Archives/edgar/data/1393612/000139361214000044/dfs930201410q.htm"
    },
    {
        "date": "2014-06-30",
        "symbol": "DFS",
        "reportedCurrency": "USD",
        "cik": "0001393612",
        "fillingDate": "2014-08-01",
        "acceptedDate": "2014-07-31 18:31:15",
        "calendarYear": "2014",
        "period": "Q2",
        "revenue": 2172000000,
        "costOfRevenue": 0,
        "grossProfit": 2172000000,
        "grossProfitRatio": 1,
        "researchAndDevelopmentExpenses": 0,
        "generalAndAdministrativeExpenses": 301000000,
        "sellingAndMarketingExpenses": 168000000,
        "sellingGeneralAndAdministrativeExpenses": 469000000,
        "otherExpenses": -107000000,
        "operatingExpenses": 362000000,
        "costAndExpenses": 362000000,
        "interestIncome": 1863000000,
        "interestExpense": 274000000,
        "depreciationAndAmortization": 91000000,
        "ebitda": 0,
        "ebitdaratio": 0,
        "operatingIncome": 1015000000,
        "operatingIncomeRatio": 0.4673112339,
        "totalOtherIncomeExpensesNet": -194000000,
        "incomeBeforeTax": 1015000000,
        "incomeBeforeTaxRatio": 0.4673112339,
        "incomeTaxExpense": 371000000,
        "netIncome": 630000000,
        "netIncomeRatio": 0.2900552486,
        "eps": 1.35,
        "epsdiluted": 1.35,
        "weightedAverageShsOut": 466000000,
        "weightedAverageShsOutDil": 467000000,
        "link": "https://www.sec.gov/Archives/edgar/data/1393612/000139361214000032/0001393612-14-000032-index.htm",
        "finalLink": "https://www.sec.gov/Archives/edgar/data/1393612/000139361214000032/dfs630201410q.htm"
    },
    {
        "date": "2014-03-31",
        "symbol": "DFS",
        "reportedCurrency": "USD",
        "cik": "0001393612",
        "fillingDate": "2014-04-29",
        "acceptedDate": "2014-04-29 17:29:37",
        "calendarYear": "2014",
        "period": "Q1",
        "revenue": 2078000000,
        "costOfRevenue": 0,
        "grossProfit": 2078000000,
        "grossProfitRatio": 1,
        "researchAndDevelopmentExpenses": 0,
        "generalAndAdministrativeExpenses": 307000000,
        "sellingAndMarketingExpenses": 169000000,
        "sellingGeneralAndAdministrativeExpenses": 476000000,
        "otherExpenses": -102000000,
        "operatingExpenses": 374000000,
        "costAndExpenses": 374000000,
        "interestIncome": 1833000000,
        "interestExpense": 270000000,
        "depreciationAndAmortization": 90000000,
        "ebitda": 0,
        "ebitdaratio": 0,
        "operatingIncome": 1022000000,
        "operatingIncomeRatio": 0.4918190568,
        "totalOtherIncomeExpensesNet": -186000000,
        "incomeBeforeTax": 1022000000,
        "incomeBeforeTaxRatio": 0.4918190568,
        "incomeTaxExpense": 391000000,
        "netIncome": 618000000,
        "netIncomeRatio": 0.2974013474,
        "eps": 1.31,
        "epsdiluted": 1.31,
        "weightedAverageShsOut": 471000000,
        "weightedAverageShsOutDil": 472000000,
        "link": "https://www.sec.gov/Archives/edgar/data/1393612/000139361214000021/0001393612-14-000021-index.htm",
        "finalLink": "https://www.sec.gov/Archives/edgar/data/1393612/000139361214000021/dfs331201410q.htm"
    },
    {
        "date": "2013-12-31",
        "symbol": "DFS",
        "reportedCurrency": "USD",
        "cik": "0001393612",
        "fillingDate": "2014-02-25",
        "acceptedDate": "2014-02-24 21:54:52",
        "calendarYear": "2013",
        "period": "Q4",
        "revenue": 2129000000,
        "costOfRevenue": 0,
        "grossProfit": 2129000000,
        "grossProfitRatio": 1,
        "researchAndDevelopmentExpenses": 0,
        "generalAndAdministrativeExpenses": 297000000,
        "sellingAndMarketingExpenses": 189000000,
        "sellingGeneralAndAdministrativeExpenses": 486000000,
        "otherExpenses": -133000000,
        "operatingExpenses": 353000000,
        "costAndExpenses": 353000000,
        "interestIncome": 1842000000,
        "interestExpense": 273000000,
        "depreciationAndAmortization": 87000000,
        "ebitda": 0,
        "ebitdaratio": 0,
        "operatingIncome": 937000000,
        "operatingIncomeRatio": 0.440112729,
        "totalOtherIncomeExpensesNet": -222000000,
        "incomeBeforeTax": 937000000,
        "incomeBeforeTaxRatio": 0.440112729,
        "incomeTaxExpense": 335000000,
        "netIncome": 588000000,
        "netIncomeRatio": 0.2761860028,
        "eps": 1.24,
        "epsdiluted": 1.23,
        "weightedAverageShsOut": 475000000,
        "weightedAverageShsOutDil": 477000000,
        "link": "https://www.sec.gov/Archives/edgar/data/1393612/000139361214000012/0001393612-14-000012-index.htm",
        "finalLink": "https://www.sec.gov/Archives/edgar/data/1393612/000139361214000012/dfs1231201310k.htm"
    },
    {
        "date": "2013-09-30",
        "symbol": "DFS",
        "reportedCurrency": "USD",
        "cik": "0001393612",
        "fillingDate": "2013-11-01",
        "acceptedDate": "2013-10-31 19:05:47",
        "calendarYear": "2013",
        "period": "Q3",
        "revenue": 2062000000,
        "costOfRevenue": 0,
        "grossProfit": 2062000000,
        "grossProfitRatio": 1,
        "researchAndDevelopmentExpenses": 0,
        "generalAndAdministrativeExpenses": 292000000,
        "sellingAndMarketingExpenses": 174000000,
        "sellingGeneralAndAdministrativeExpenses": 466000000,
        "otherExpenses": -118000000,
        "operatingExpenses": 348000000,
        "costAndExpenses": 348000000,
        "interestIncome": 1787000000,
        "interestExpense": 278000000,
        "depreciationAndAmortization": 84000000,
        "ebitda": 0,
        "ebitdaratio": 0,
        "operatingIncome": 946000000,
        "operatingIncomeRatio": 0.4587778855,
        "totalOtherIncomeExpensesNet": -201000000,
        "incomeBeforeTax": 946000000,
        "incomeBeforeTaxRatio": 0.4587778855,
        "incomeTaxExpense": 353000000,
        "netIncome": 579000000,
        "netIncomeRatio": 0.2807953443,
        "eps": 1.2,
        "epsdiluted": 1.2,
        "weightedAverageShsOut": 482000000,
        "weightedAverageShsOutDil": 484000000,
        "link": "https://www.sec.gov/Archives/edgar/data/1393612/000139361213000043/0001393612-13-000043-index.htm",
        "finalLink": "https://www.sec.gov/Archives/edgar/data/1393612/000139361213000043/dfs930201310q.htm"
    },
    {
        "date": "2013-06-30",
        "symbol": "DFS",
        "reportedCurrency": "USD",
        "cik": "0001393612",
        "fillingDate": "2013-07-30",
        "acceptedDate": "2013-07-30 17:16:17",
        "calendarYear": "2013",
        "period": "Q2",
        "revenue": 2041000000,
        "costOfRevenue": 0,
        "grossProfit": 2041000000,
        "grossProfitRatio": 1,
        "researchAndDevelopmentExpenses": 0,
        "generalAndAdministrativeExpenses": 285000000,
        "sellingAndMarketingExpenses": 185000000,
        "sellingGeneralAndAdministrativeExpenses": 470000000,
        "otherExpenses": -144000000,
        "operatingExpenses": 326000000,
        "costAndExpenses": 326000000,
        "interestIncome": 1727000000,
        "interestExpense": 297000000,
        "depreciationAndAmortization": 95000000,
        "ebitda": 0,
        "ebitdaratio": 0,
        "operatingIncome": 981000000,
        "operatingIncomeRatio": 0.4806467418,
        "totalOtherIncomeExpensesNet": -1000000,
        "incomeBeforeTax": 981000000,
        "incomeBeforeTaxRatio": 0.4806467418,
        "incomeTaxExpense": 379000000,
        "netIncome": 588000000,
        "netIncomeRatio": 0.2880940715,
        "eps": 1.2,
        "epsdiluted": 1.2,
        "weightedAverageShsOut": 489000000,
        "weightedAverageShsOutDil": 490000000,
        "link": "https://www.sec.gov/Archives/edgar/data/1393612/000139361213000030/0001393612-13-000030-index.htm",
        "finalLink": "https://www.sec.gov/Archives/edgar/data/1393612/000139361213000030/dfs630201310q.htm"
    },
    {
        "date": "2013-03-31",
        "symbol": "DFS",
        "reportedCurrency": "USD",
        "cik": "0001393612",
        "fillingDate": "2013-04-30",
        "acceptedDate": "2013-04-30 17:25:54",
        "calendarYear": "2013",
        "period": "Q1",
        "revenue": 1992000000,
        "costOfRevenue": 0,
        "grossProfit": 1992000000,
        "grossProfitRatio": 1,
        "researchAndDevelopmentExpenses": 0,
        "generalAndAdministrativeExpenses": 290000000,
        "sellingAndMarketingExpenses": 169000000,
        "sellingGeneralAndAdministrativeExpenses": 459000000,
        "otherExpenses": -93000000,
        "operatingExpenses": 366000000,
        "costAndExpenses": 366000000,
        "interestIncome": 1708000000,
        "interestExpense": 298000000,
        "depreciationAndAmortization": 68000000,
        "ebitda": 0,
        "ebitdaratio": 0,
        "operatingIncome": 1080000000,
        "operatingIncomeRatio": 0.5421686747,
        "totalOtherIncomeExpensesNet": 2000000,
        "incomeBeforeTax": 1080000000,
        "incomeBeforeTaxRatio": 0.5421686747,
        "incomeTaxExpense": 407000000,
        "netIncome": 659000000,
        "netIncomeRatio": 0.3308232932,
        "eps": 1.33,
        "epsdiluted": 1.33,
        "weightedAverageShsOut": 496000000,
        "weightedAverageShsOutDil": 497000000,
        "link": "https://www.sec.gov/Archives/edgar/data/1393612/000139361213000015/0001393612-13-000015-index.htm",
        "finalLink": "https://www.sec.gov/Archives/edgar/data/1393612/000139361213000015/dfs331201310q.htm"
    },
    {
        "date": "2012-11-30",
        "symbol": "DFS",
        "reportedCurrency": "USD",
        "cik": "0001393612",
        "fillingDate": "2013-01-25",
        "acceptedDate": "2013-01-24 17:38:48",
        "calendarYear": "2012",
        "period": "Q4",
        "revenue": 2016000000,
        "costOfRevenue": 0,
        "grossProfit": 2016000000,
        "grossProfitRatio": 1,
        "researchAndDevelopmentExpenses": 0,
        "generalAndAdministrativeExpenses": 280000000,
        "sellingAndMarketingExpenses": 187000000,
        "sellingGeneralAndAdministrativeExpenses": 467000000,
        "otherExpenses": -122000000,
        "operatingExpenses": 345000000,
        "costAndExpenses": 345000000,
        "interestIncome": 1740000000,
        "interestExpense": 312000000,
        "depreciationAndAmortization": -491000000,
        "ebitda": 1186996000,
        "ebitdaratio": 0.5887876984,
        "operatingIncome": 843000000,
        "operatingIncomeRatio": 0.4181547619,
        "totalOtherIncomeExpensesNet": 352000000,
        "incomeBeforeTax": 843000000,
        "incomeBeforeTaxRatio": 0.4181547619,
        "incomeTaxExpense": 304000000,
        "netIncome": 539000000,
        "netIncomeRatio": 0.2673611111,
        "eps": 1.06,
        "epsdiluted": 1.06,
        "weightedAverageShsOut": 500000000,
        "weightedAverageShsOutDil": 502000000,
        "link": "https://www.sec.gov/Archives/edgar/data/1393612/000139361213000004/0001393612-13-000004-index.htm",
        "finalLink": "https://www.sec.gov/Archives/edgar/data/1393612/000139361213000004/dfs1130201210k.htm"
    },
    {
        "date": "2012-08-31",
        "symbol": "DFS",
        "reportedCurrency": "USD",
        "cik": "0001393612",
        "fillingDate": "2012-10-04",
        "acceptedDate": "2012-10-03 20:02:01",
        "calendarYear": "2012",
        "period": "Q3",
        "revenue": 1964000000,
        "costOfRevenue": 0,
        "grossProfit": 1964000000,
        "grossProfitRatio": 1,
        "researchAndDevelopmentExpenses": 0,
        "generalAndAdministrativeExpenses": 274000000,
        "sellingAndMarketingExpenses": 161000000,
        "sellingGeneralAndAdministrativeExpenses": 435000000,
        "otherExpenses": 0,
        "operatingExpenses": 268283000,
        "costAndExpenses": 268283000,
        "interestIncome": 1695000000,
        "interestExpense": 325000000,
        "depreciationAndAmortization": -4430000,
        "ebitda": 0,
        "ebitdaratio": 0,
        "operatingIncome": 1012000000,
        "operatingIncomeRatio": 0.5152749491,
        "totalOtherIncomeExpensesNet": -320880000,
        "incomeBeforeTax": 1012000000,
        "incomeBeforeTaxRatio": 0.5152749491,
        "incomeTaxExpense": 385000000,
        "netIncome": 620770000,
        "netIncomeRatio": 0.3160743381,
        "eps": 1.21,
        "epsdiluted": 1.21,
        "weightedAverageShsOut": 513000000,
        "weightedAverageShsOutDil": 514000000,
        "link": "https://www.sec.gov/Archives/edgar/data/1393612/000139361212000027/0001393612-12-000027-index.htm",
        "finalLink": "https://www.sec.gov/Archives/edgar/data/1393612/000139361212000027/dfs831201210q.htm"
    },
    {
        "date": "2012-05-31",
        "symbol": "DFS",
        "reportedCurrency": "USD",
        "cik": "0001393612",
        "fillingDate": "2012-06-26",
        "acceptedDate": "2012-06-26 17:06:26",
        "calendarYear": "2012",
        "period": "Q2",
        "revenue": 1848000000,
        "costOfRevenue": 0,
        "grossProfit": 1848000000,
        "grossProfitRatio": 1,
        "researchAndDevelopmentExpenses": 0,
        "generalAndAdministrativeExpenses": 249000000,
        "sellingAndMarketingExpenses": 119000000,
        "sellingGeneralAndAdministrativeExpenses": 368000000,
        "otherExpenses": 0,
        "operatingExpenses": 229097000,
        "costAndExpenses": 229097000,
        "interestIncome": 1656000000,
        "interestExpense": 341000000,
        "depreciationAndAmortization": -12056000,
        "ebitda": 0,
        "ebitdaratio": 0,
        "operatingIncome": 867000000,
        "operatingIncomeRatio": 0.4691558442,
        "totalOtherIncomeExpensesNet": -328483000,
        "incomeBeforeTax": 867000000,
        "incomeBeforeTaxRatio": 0.4691558442,
        "incomeTaxExpense": 330000000,
        "netIncome": 531545000,
        "netIncomeRatio": 0.2876325758,
        "eps": 1.01,
        "epsdiluted": 1,
        "weightedAverageShsOut": 528000000,
        "weightedAverageShsOutDil": 529000000,
        "link": "https://www.sec.gov/Archives/edgar/data/1393612/000139361212000019/0001393612-12-000019-index.htm",
        "finalLink": "https://www.sec.gov/Archives/edgar/data/1393612/000139361212000019/dfs531201210q.htm"
    },
    {
        "date": "2012-02-29",
        "symbol": "DFS",
        "reportedCurrency": "USD",
        "cik": "0001393612",
        "fillingDate": "2012-04-04",
        "acceptedDate": "2012-04-03 17:34:21",
        "calendarYear": "2012",
        "period": "Q1",
        "revenue": 1843000000,
        "costOfRevenue": 0,
        "grossProfit": 1843000000,
        "grossProfitRatio": 1,
        "researchAndDevelopmentExpenses": 0,
        "generalAndAdministrativeExpenses": 247000000,
        "sellingAndMarketingExpenses": 131000000,
        "sellingGeneralAndAdministrativeExpenses": 378000000,
        "otherExpenses": 0,
        "operatingExpenses": 230929000,
        "costAndExpenses": 230929000,
        "interestIncome": 1646000000,
        "interestExpense": 353000000,
        "depreciationAndAmortization": -15510000,
        "ebitda": 0,
        "ebitdaratio": 0,
        "operatingIncome": 1014000000,
        "operatingIncomeRatio": 0.5501899078,
        "totalOtherIncomeExpensesNet": -337750000,
        "incomeBeforeTax": 1014000000,
        "incomeBeforeTaxRatio": 0.5501899078,
        "incomeTaxExpense": 383000000,
        "netIncome": 624424000,
        "netIncomeRatio": 0.3388084645,
        "eps": 1.18,
        "epsdiluted": 1.18,
        "weightedAverageShsOut": 530000000,
        "weightedAverageShsOutDil": 531000000,
        "link": "https://www.sec.gov/Archives/edgar/data/1393612/000139361212000015/0001393612-12-000015-index.htm",
        "finalLink": "https://www.sec.gov/Archives/edgar/data/1393612/000139361212000015/dfs229201210q.htm"
    },
    {
        "date": "2011-11-30",
        "symbol": "DFS",
        "reportedCurrency": "USD",
        "cik": "0001393612",
        "fillingDate": "2012-01-26",
        "acceptedDate": "2012-01-26 17:19:14",
        "calendarYear": "2011",
        "period": "Q4",
        "revenue": 1806000000,
        "costOfRevenue": 0,
        "grossProfit": 1806000000,
        "grossProfitRatio": 1,
        "researchAndDevelopmentExpenses": 0,
        "generalAndAdministrativeExpenses": 229000000,
        "sellingAndMarketingExpenses": 144000000,
        "sellingGeneralAndAdministrativeExpenses": 373000000,
        "otherExpenses": -2548257000,
        "operatingExpenses": -189982000,
        "costAndExpenses": -189982000,
        "interestIncome": 1620000000,
        "interestExpense": 360000000,
        "depreciationAndAmortization": -10855000,
        "ebitda": 0,
        "ebitdaratio": 0,
        "operatingIncome": 818000000,
        "operatingIncomeRatio": 0.4529346622,
        "totalOtherIncomeExpensesNet": 4636004000,
        "incomeBeforeTax": 818000000,
        "incomeBeforeTaxRatio": 0.4529346622,
        "incomeTaxExpense": 305000000,
        "netIncome": 507123000,
        "netIncomeRatio": 0.2807990033,
        "eps": 0.95,
        "epsdiluted": 0.95,
        "weightedAverageShsOut": 532000000,
        "weightedAverageShsOutDil": 533000000,
        "link": "https://www.sec.gov/Archives/edgar/data/1393612/000139361212000008/0001393612-12-000008-index.htm",
        "finalLink": "https://www.sec.gov/Archives/edgar/data/1393612/000139361212000008/dfs1130201110k.htm"
    },
    {
        "date": "2011-08-31",
        "symbol": "DFS",
        "reportedCurrency": "USD",
        "cik": "0001393612",
        "fillingDate": "2011-09-28",
        "acceptedDate": "2011-09-28 17:07:43",
        "calendarYear": "2011",
        "period": "Q3",
        "revenue": 1789000000,
        "costOfRevenue": 0,
        "grossProfit": 1789000000,
        "grossProfitRatio": 1,
        "researchAndDevelopmentExpenses": 0,
        "generalAndAdministrativeExpenses": 242000000,
        "sellingAndMarketingExpenses": 133000000,
        "sellingGeneralAndAdministrativeExpenses": 375000000,
        "otherExpenses": 0,
        "operatingExpenses": 239440000,
        "costAndExpenses": 239440000,
        "interestIncome": 1599000000,
        "interestExpense": 362000000,
        "depreciationAndAmortization": 40437000,
        "ebitda": 0,
        "ebitdaratio": 0,
        "operatingIncome": 1047000000,
        "operatingIncomeRatio": 0.5852431526,
        "totalOtherIncomeExpensesNet": -402490000,
        "incomeBeforeTax": 1047000000,
        "incomeBeforeTaxRatio": 0.5852431526,
        "incomeTaxExpense": 398000000,
        "netIncome": 641772000,
        "netIncomeRatio": 0.3587322527,
        "eps": 1.18,
        "epsdiluted": 1.18,
        "weightedAverageShsOut": 544000000,
        "weightedAverageShsOutDil": 545000000,
        "link": "https://www.sec.gov/Archives/edgar/data/1393612/000144530511002854/0001445305-11-002854-index.htm",
        "finalLink": "https://www.sec.gov/Archives/edgar/data/1393612/000144530511002854/dfs831201110q.htm"
    },
    {
        "date": "2011-05-31",
        "symbol": "DFS",
        "reportedCurrency": "USD",
        "cik": "0001393612",
        "fillingDate": "2011-07-01",
        "acceptedDate": "2011-07-01 06:14:33",
        "calendarYear": "2011",
        "period": "Q2",
        "revenue": 1968000000,
        "costOfRevenue": 0,
        "grossProfit": 1968000000,
        "grossProfitRatio": 1,
        "researchAndDevelopmentExpenses": 0,
        "generalAndAdministrativeExpenses": 230000000,
        "sellingAndMarketingExpenses": 124000000,
        "sellingGeneralAndAdministrativeExpenses": 354000000,
        "otherExpenses": 0,
        "operatingExpenses": 228930000,
        "costAndExpenses": 228930000,
        "interestIncome": 1573000000,
        "interestExpense": 380000000,
        "depreciationAndAmortization": -10515000,
        "ebitda": 0,
        "ebitdaratio": 0,
        "operatingIncome": 926000000,
        "operatingIncomeRatio": 0.4705284553,
        "totalOtherIncomeExpensesNet": -369464000,
        "incomeBeforeTax": 926000000,
        "incomeBeforeTaxRatio": 0.4705284553,
        "incomeTaxExpense": 326000000,
        "netIncome": 593488000,
        "netIncomeRatio": 0.3015691057,
        "eps": 1.09,
        "epsdiluted": 1.09,
        "weightedAverageShsOut": 546000000,
        "weightedAverageShsOutDil": 546000000,
        "link": "https://www.sec.gov/Archives/edgar/data/1393612/000144530511001469/0001445305-11-001469-index.htm",
        "finalLink": "https://www.sec.gov/Archives/edgar/data/1393612/000144530511001469/dfs531201110q.htm"
    },
    {
        "date": "2011-02-28",
        "symbol": "DFS",
        "reportedCurrency": "USD",
        "cik": "0001393612",
        "fillingDate": "2011-04-08",
        "acceptedDate": "2011-04-07 19:56:38",
        "calendarYear": "2011",
        "period": "Q1",
        "revenue": 1625000000,
        "costOfRevenue": 0,
        "grossProfit": 1625000000,
        "grossProfitRatio": 1,
        "researchAndDevelopmentExpenses": 0,
        "generalAndAdministrativeExpenses": 213000000,
        "sellingAndMarketingExpenses": 136000000,
        "sellingGeneralAndAdministrativeExpenses": 349000000,
        "otherExpenses": 0,
        "operatingExpenses": 225996000,
        "costAndExpenses": 225996000,
        "interestIncome": 1553000000,
        "interestExpense": 383000000,
        "depreciationAndAmortization": 1006000,
        "ebitda": 0,
        "ebitdaratio": 0,
        "operatingIncome": 720000000,
        "operatingIncomeRatio": 0.4430769231,
        "totalOtherIncomeExpensesNet": -383734000,
        "incomeBeforeTax": 720000000,
        "incomeBeforeTaxRatio": 0.4430769231,
        "incomeTaxExpense": 255000000,
        "netIncome": 459428000,
        "netIncomeRatio": 0.2827249231,
        "eps": 0.84,
        "epsdiluted": 0.84,
        "weightedAverageShsOut": 545000000,
        "weightedAverageShsOutDil": 546000000,
        "link": "https://www.sec.gov/Archives/edgar/data/1393612/000119312511091525/0001193125-11-091525-index.htm",
        "finalLink": "https://www.sec.gov/Archives/edgar/data/1393612/000119312511091525/d10q.htm"
    },
    {
        "date": "2010-11-30",
        "symbol": "DFS",
        "reportedCurrency": "USD",
        "cik": "0001393612",
        "fillingDate": "2011-01-26",
        "acceptedDate": "2011-01-26 17:12:28",
        "calendarYear": "2010",
        "period": "Q4",
        "revenue": 1595976000,
        "costOfRevenue": 0,
        "grossProfit": 1595976000,
        "grossProfitRatio": 1,
        "researchAndDevelopmentExpenses": 0,
        "generalAndAdministrativeExpenses": 9277000,
        "sellingAndMarketingExpenses": 149911000,
        "sellingGeneralAndAdministrativeExpenses": 159188000,
        "otherExpenses": -4541810000,
        "operatingExpenses": -238456000,
        "costAndExpenses": -238456000,
        "interestIncome": 1499347000,
        "interestExpense": 375506000,
        "depreciationAndAmortization": 45928000,
        "ebitda": 0,
        "ebitdaratio": 0,
        "operatingIncome": 585231000,
        "operatingIncomeRatio": 0.3666916044,
        "totalOtherIncomeExpensesNet": 1711553000,
        "incomeBeforeTax": 585231000,
        "incomeBeforeTaxRatio": 0.3666916044,
        "incomeTaxExpense": 235589000,
        "netIncome": 346325000,
        "netIncomeRatio": 0.2169988772,
        "eps": 0.64,
        "epsdiluted": 0.64,
        "weightedAverageShsOut": 544378000,
        "weightedAverageShsOutDil": 545667000,
        "link": "https://www.sec.gov/Archives/edgar/data/1393612/000119312511014919/0001193125-11-014919-index.htm",
        "finalLink": "https://www.sec.gov/Archives/edgar/data/1393612/000119312511014919/d10k.htm"
    },
    {
        "date": "2010-08-31",
        "symbol": "DFS",
        "reportedCurrency": "USD",
        "cik": "0001393612",
        "fillingDate": "2010-10-06",
        "acceptedDate": "2010-10-06 17:10:54",
        "calendarYear": "2010",
        "period": "Q3",
        "revenue": 1710946000,
        "costOfRevenue": 0,
        "grossProfit": 1710946000,
        "grossProfitRatio": 1,
        "researchAndDevelopmentExpenses": 0,
        "generalAndAdministrativeExpenses": 266567000,
        "sellingAndMarketingExpenses": 130532000,
        "sellingGeneralAndAdministrativeExpenses": 397099000,
        "otherExpenses": 0,
        "operatingExpenses": 215821000,
        "costAndExpenses": 215821000,
        "interestIncome": 1535939000,
        "interestExpense": 389137000,
        "depreciationAndAmortization": 42326000,
        "ebitda": 0,
        "ebitdaratio": 0,
        "operatingIncome": 427297000,
        "operatingIncomeRatio": 0.2497431246,
        "totalOtherIncomeExpensesNet": 4846000,
        "incomeBeforeTax": 432143000,
        "incomeBeforeTaxRatio": 0.2525754758,
        "incomeTaxExpense": 171526000,
        "netIncome": 258194000,
        "netIncomeRatio": 0.150907159,
        "eps": 0.47,
        "epsdiluted": 0.47,
        "weightedAverageShsOut": 544314000,
        "weightedAverageShsOutDil": 547082000,
        "link": "https://www.sec.gov/Archives/edgar/data/1393612/000119312510225003/0001193125-10-225003-index.htm",
        "finalLink": "https://www.sec.gov/Archives/edgar/data/1393612/000119312510225003/d10q.htm"
    },
    {
        "date": "2010-05-31",
        "symbol": "DFS",
        "reportedCurrency": "USD",
        "cik": "0001393612",
        "fillingDate": "2010-07-07",
        "acceptedDate": "2010-07-07 17:11:19",
        "calendarYear": "2010",
        "period": "Q2",
        "revenue": 1660005000,
        "costOfRevenue": 0,
        "grossProfit": 1660005000,
        "grossProfitRatio": 1,
        "researchAndDevelopmentExpenses": 0,
        "generalAndAdministrativeExpenses": 265623000,
        "sellingAndMarketingExpenses": 97970000,
        "sellingGeneralAndAdministrativeExpenses": 363593000,
        "otherExpenses": 0,
        "operatingExpenses": 176037000,
        "costAndExpenses": 176037000,
        "interestIncome": 1551782000,
        "interestExpense": 404621000,
        "depreciationAndAmortization": 41325000,
        "ebitda": 0,
        "ebitdaratio": 0,
        "operatingIncome": 422193000,
        "operatingIncomeRatio": 0.2543323665,
        "totalOtherIncomeExpensesNet": -445946000,
        "incomeBeforeTax": 422193000,
        "incomeBeforeTaxRatio": 0.2543323665,
        "incomeTaxExpense": 164126000,
        "netIncome": 258067000,
        "netIncomeRatio": 0.1554615799,
        "eps": 0.47,
        "epsdiluted": 0.47,
        "weightedAverageShsOut": 543875000,
        "weightedAverageShsOutDil": 552060000,
        "link": "https://www.sec.gov/Archives/edgar/data/1393612/000119312510154973/0001193125-10-154973-index.htm",
        "finalLink": "https://www.sec.gov/Archives/edgar/data/1393612/000119312510154973/d10q.htm"
    },
    {
        "date": "2010-02-28",
        "symbol": "DFS",
        "reportedCurrency": "USD",
        "cik": "0001393612",
        "fillingDate": "2010-04-09",
        "acceptedDate": "2010-04-08 19:52:26",
        "calendarYear": "2010",
        "period": "Q1",
        "revenue": 1691302000,
        "costOfRevenue": 0,
        "grossProfit": 1691302000,
        "grossProfitRatio": 1,
        "researchAndDevelopmentExpenses": 0,
        "generalAndAdministrativeExpenses": 261182000,
        "sellingAndMarketingExpenses": 84673000,
        "sellingGeneralAndAdministrativeExpenses": 345855000,
        "otherExpenses": 0,
        "operatingExpenses": 160486000,
        "costAndExpenses": 160486000,
        "interestIncome": 1559150000,
        "interestExpense": 413724000,
        "depreciationAndAmortization": 42426000,
        "ebitda": 0,
        "ebitdaratio": 0,
        "operatingIncome": -170708000,
        "operatingIncomeRatio": -0.1009328908,
        "totalOtherIncomeExpensesNet": -170708000,
        "incomeBeforeTax": -170708000,
        "incomeBeforeTaxRatio": -0.1009328908,
        "incomeTaxExpense": -67170000,
        "netIncome": -103538000,
        "netIncomeRatio": -0.0612179256,
        "eps": -0.19,
        "epsdiluted": -0.19,
        "weightedAverageShsOut": 555604545,
        "weightedAverageShsOutDil": 555604545,
        "link": "https://www.sec.gov/Archives/edgar/data/1393612/000119312510079766/0001193125-10-079766-index.htm",
        "finalLink": "https://www.sec.gov/Archives/edgar/data/1393612/000119312510079766/d10q.htm"
    },
    {
        "date": "2009-11-30",
        "symbol": "DFS",
        "reportedCurrency": "USD",
        "cik": "0001393612",
        "fillingDate": "2010-01-28",
        "acceptedDate": "2010-01-27 20:21:05",
        "calendarYear": "2009",
        "period": "Q4",
        "revenue": 1704434000,
        "costOfRevenue": 0,
        "grossProfit": 1704434000,
        "grossProfitRatio": 1,
        "researchAndDevelopmentExpenses": 0,
        "generalAndAdministrativeExpenses": -25501000,
        "sellingAndMarketingExpenses": 113851000,
        "sellingGeneralAndAdministrativeExpenses": 88350000,
        "otherExpenses": -3472544000,
        "operatingExpenses": -343107000,
        "costAndExpenses": -343107000,
        "interestIncome": 3954078000,
        "interestExpense": 711294000,
        "depreciationAndAmortization": 141065000,
        "ebitda": 0,
        "ebitdaratio": 0,
        "operatingIncome": 570256000,
        "operatingIncomeRatio": 0.3345720632,
        "totalOtherIncomeExpensesNet": 1781839000,
        "incomeBeforeTax": 570256000,
        "incomeBeforeTaxRatio": 0.3345720632,
        "incomeTaxExpense": 217719000,
        "netIncome": 333903000,
        "netIncomeRatio": 0.1959025694,
        "eps": 0.61,
        "epsdiluted": 0.6,
        "weightedAverageShsOut": 542683000,
        "weightedAverageShsOutDil": 553351000,
        "link": "https://www.sec.gov/Archives/edgar/data/1393612/000119312510014549/0001193125-10-014549-index.htm",
        "finalLink": "https://www.sec.gov/Archives/edgar/data/1393612/000119312510014549/d10k.htm"
    },
    {
        "date": "2009-08-31",
        "symbol": "DFS",
        "reportedCurrency": "USD",
        "cik": "0001393612",
        "fillingDate": "2009-10-07",
        "acceptedDate": "2009-10-07 17:10:53",
        "calendarYear": "2009",
        "period": "Q3",
        "revenue": 1844776000,
        "costOfRevenue": 0,
        "grossProfit": 1844776000,
        "grossProfitRatio": 1,
        "researchAndDevelopmentExpenses": 0,
        "generalAndAdministrativeExpenses": 276207000,
        "sellingAndMarketingExpenses": 77814000,
        "sellingGeneralAndAdministrativeExpenses": 354021000,
        "otherExpenses": 0,
        "operatingExpenses": 161560000,
        "costAndExpenses": 161560000,
        "interestIncome": 833217000,
        "interestExpense": 304401000,
        "depreciationAndAmortization": 18622000,
        "ebitda": 0,
        "ebitdaratio": 0,
        "operatingIncome": 939939000,
        "operatingIncomeRatio": 0.5095138922,
        "totalOtherIncomeExpensesNet": 362485000,
        "incomeBeforeTax": 939939000,
        "incomeBeforeTaxRatio": 0.5095138922,
        "incomeTaxExpense": 362485000,
        "netIncome": 552928000,
        "netIncomeRatio": 0.2997263624,
        "eps": 1.08,
        "epsdiluted": 1.07,
        "weightedAverageShsOut": 513098000,
        "weightedAverageShsOutDil": 517050000,
        "link": "https://www.sec.gov/Archives/edgar/data/1393612/000119312509205021/0001193125-09-205021-index.htm",
        "finalLink": "https://www.sec.gov/Archives/edgar/data/1393612/000119312509205021/d10q.htm"
    },
    {
        "date": "2009-05-31",
        "symbol": "DFS",
        "reportedCurrency": "USD",
        "cik": "0001393612",
        "fillingDate": "2009-07-01",
        "acceptedDate": "2009-07-01 17:28:59",
        "calendarYear": "2009",
        "period": "Q2",
        "revenue": 1619099000,
        "costOfRevenue": 0,
        "grossProfit": 1619099000,
        "grossProfitRatio": 1,
        "researchAndDevelopmentExpenses": 0,
        "generalAndAdministrativeExpenses": 282592000,
        "sellingAndMarketingExpenses": 102922000,
        "sellingGeneralAndAdministrativeExpenses": 385514000,
        "otherExpenses": 0,
        "operatingExpenses": 177472000,
        "costAndExpenses": 177472000,
        "interestIncome": 857984000,
        "interestExpense": 320005000,
        "depreciationAndAmortization": 17727000,
        "ebitda": 0,
        "ebitdaratio": 0,
        "operatingIncome": 414610000,
        "operatingIncomeRatio": 0.2560745205,
        "totalOtherIncomeExpensesNet": 188810000,
        "incomeBeforeTax": 414610000,
        "incomeBeforeTaxRatio": 0.2560745205,
        "incomeTaxExpense": 188810000,
        "netIncome": 206366000,
        "netIncomeRatio": 0.127457308,
        "eps": 0.43,
        "epsdiluted": 0.43,
        "weightedAverageShsOut": 481636000,
        "weightedAverageShsOutDil": 481636000,
        "link": "https://www.sec.gov/Archives/edgar/data/1393612/000119312509142922/0001193125-09-142922-index.htm",
        "finalLink": "https://www.sec.gov/Archives/edgar/data/1393612/000119312509142922/d10q.htm"
    },
    {
        "date": "2009-02-28",
        "symbol": "DFS",
        "reportedCurrency": "USD",
        "cik": "0001393612",
        "fillingDate": "2009-04-08",
        "acceptedDate": "2009-04-08 17:07:35",
        "calendarYear": "2009",
        "period": "Q1",
        "revenue": 1218188000,
        "costOfRevenue": 0,
        "grossProfit": 1218188000,
        "grossProfitRatio": 1,
        "researchAndDevelopmentExpenses": 0,
        "generalAndAdministrativeExpenses": 219488000,
        "sellingAndMarketingExpenses": 111433000,
        "sellingGeneralAndAdministrativeExpenses": 330921000,
        "otherExpenses": 0,
        "operatingExpenses": 181556000,
        "costAndExpenses": 181556000,
        "interestIncome": 815793000,
        "interestExpense": 312720000,
        "depreciationAndAmortization": 26078000,
        "ebitda": 0,
        "ebitdaratio": 0,
        "operatingIncome": 196093000,
        "operatingIncomeRatio": 0.1609710488,
        "totalOtherIncomeExpensesNet": 75699000,
        "incomeBeforeTax": 196093000,
        "incomeBeforeTaxRatio": 0.1609710488,
        "incomeTaxExpense": 75699000,
        "netIncome": 118380000,
        "netIncomeRatio": 0.0971771188,
        "eps": 0.25,
        "epsdiluted": 0.25,
        "weightedAverageShsOut": 480497000,
        "weightedAverageShsOutDil": 480497000,
        "link": "https://www.sec.gov/Archives/edgar/data/1393612/000119312509075680/0001193125-09-075680-index.htm",
        "finalLink": "https://www.sec.gov/Archives/edgar/data/1393612/000119312509075680/d10q.htm"
    },
    {
        "date": "2008-11-30",
        "symbol": "DFS",
        "reportedCurrency": "USD",
        "cik": "0001393612",
        "fillingDate": "2009-01-28",
        "acceptedDate": "2009-01-28 17:12:00",
        "calendarYear": "2008",
        "period": "Q4",
        "revenue": 2606652000,
        "costOfRevenue": 0,
        "grossProfit": 2606652000,
        "grossProfitRatio": 1,
        "researchAndDevelopmentExpenses": 0,
        "generalAndAdministrativeExpenses": 187306000,
        "sellingAndMarketingExpenses": 530901000,
        "sellingGeneralAndAdministrativeExpenses": 718207000,
        "otherExpenses": -3002914000,
        "operatingExpenses": 222299000,
        "costAndExpenses": 222299000,
        "interestIncome": 4589272000,
        "interestExpense": 1398587000,
        "depreciationAndAmortization": 58278000,
        "ebitda": 0,
        "ebitdaratio": 0,
        "operatingIncome": 655671000,
        "operatingIncomeRatio": 0.2515376046,
        "totalOtherIncomeExpensesNet": 1429167000,
        "incomeBeforeTax": 666977000,
        "incomeBeforeTaxRatio": 0.2558749691,
        "incomeTaxExpense": 223336000,
        "netIncome": 432335000,
        "netIncomeRatio": 0.1658583501,
        "eps": 0.87,
        "epsdiluted": 0.87,
        "weightedAverageShsOut": 474383689,
        "weightedAverageShsOutDil": 474471689,
        "link": "https://www.sec.gov/Archives/edgar/data/1393612/000119312509013205/0001193125-09-013205-index.htm",
        "finalLink": "https://www.sec.gov/Archives/edgar/data/1393612/000119312509013205/d10k.htm"
    },
    {
        "date": "2008-08-31",
        "symbol": "DFS",
        "reportedCurrency": "USD",
        "cik": "0001393612",
        "fillingDate": "2008-10-09",
        "acceptedDate": "2008-10-09 17:14:12",
        "calendarYear": "2008",
        "period": "Q3",
        "revenue": 1251170000,
        "costOfRevenue": 0,
        "grossProfit": 1251170000,
        "grossProfitRatio": 1,
        "researchAndDevelopmentExpenses": 0,
        "generalAndAdministrativeExpenses": 222426000,
        "sellingAndMarketingExpenses": 0,
        "sellingGeneralAndAdministrativeExpenses": 222426000,
        "otherExpenses": 0,
        "operatingExpenses": 220703000,
        "costAndExpenses": 220703000,
        "interestIncome": 681692000,
        "interestExpense": 305643000,
        "depreciationAndAmortization": 66048000,
        "ebitda": 0,
        "ebitdaratio": 0,
        "operatingIncome": 274938000,
        "operatingIncomeRatio": 0.2197447189,
        "totalOtherIncomeExpensesNet": 94885000,
        "incomeBeforeTax": 273785000,
        "incomeBeforeTaxRatio": 0.2188231815,
        "incomeTaxExpense": 94885000,
        "netIncome": 180053000,
        "netIncomeRatio": 0.1439077024,
        "eps": 0.38,
        "epsdiluted": 0.37,
        "weightedAverageShsOut": 473823684,
        "weightedAverageShsOutDil": 486629730,
        "link": "https://www.sec.gov/Archives/edgar/data/1393612/000119312508208595/0001193125-08-208595-index.htm",
        "finalLink": "https://www.sec.gov/Archives/edgar/data/1393612/000119312508208595/d10q.htm"
    },
    {
        "date": "2008-05-31",
        "symbol": "DFS",
        "reportedCurrency": "USD",
        "cik": "0001393612",
        "fillingDate": "2008-07-10",
        "acceptedDate": "2008-07-10 16:55:40",
        "calendarYear": "2008",
        "period": "Q2",
        "revenue": 1143707000,
        "costOfRevenue": 0,
        "grossProfit": 1143707000,
        "grossProfitRatio": 1,
        "researchAndDevelopmentExpenses": 0,
        "generalAndAdministrativeExpenses": 218290000,
        "sellingAndMarketingExpenses": 0,
        "sellingGeneralAndAdministrativeExpenses": 218290000,
        "otherExpenses": 0,
        "operatingExpenses": 213430000,
        "costAndExpenses": 213430000,
        "interestIncome": 612063000,
        "interestExpense": 313248000,
        "depreciationAndAmortization": 52078000,
        "ebitda": 0,
        "ebitdaratio": 0,
        "operatingIncome": 358518000,
        "operatingIncomeRatio": 0.3134701458,
        "totalOtherIncomeExpensesNet": 124370000,
        "incomeBeforeTax": 325913000,
        "incomeBeforeTaxRatio": 0.2849619702,
        "incomeTaxExpense": 124370000,
        "netIncome": 234148000,
        "netIncomeRatio": 0.2047272597,
        "eps": 0.49,
        "epsdiluted": 0.48,
        "weightedAverageShsOut": 477853061,
        "weightedAverageShsOutDil": 487808333,
        "link": "https://www.sec.gov/Archives/edgar/data/1393612/000119312508149345/0001193125-08-149345-index.htm",
        "finalLink": "https://www.sec.gov/Archives/edgar/data/1393612/000119312508149345/d10q.htm"
    },
    {
        "date": "2008-02-29",
        "symbol": "DFS",
        "reportedCurrency": "USD",
        "cik": "0001393612",
        "fillingDate": "2008-04-14",
        "acceptedDate": "2008-04-14 16:43:23",
        "calendarYear": "2008",
        "period": "Q1",
        "revenue": 1298905000,
        "costOfRevenue": 0,
        "grossProfit": 1298905000,
        "grossProfitRatio": 1,
        "researchAndDevelopmentExpenses": 0,
        "generalAndAdministrativeExpenses": 217370000,
        "sellingAndMarketingExpenses": 0,
        "sellingGeneralAndAdministrativeExpenses": 217370000,
        "otherExpenses": 0,
        "operatingExpenses": 215225000,
        "costAndExpenses": 215225000,
        "interestIncome": 662802000,
        "interestExpense": 339441000,
        "depreciationAndAmortization": 54994000,
        "ebitda": 0,
        "ebitdaratio": 0,
        "operatingIncome": 233315000,
        "operatingIncomeRatio": 0.1796243759,
        "totalOtherIncomeExpensesNet": 152101000,
        "incomeBeforeTax": 390930000,
        "incomeBeforeTaxRatio": 0.300968893,
        "incomeTaxExpense": 152101000,
        "netIncome": 81214000,
        "netIncomeRatio": 0.062524973,
        "eps": 0.17,
        "epsdiluted": 0.17,
        "weightedAverageShsOut": 478518000,
        "weightedAverageShsOutDil": 481744000,
        "link": "https://www.sec.gov/Archives/edgar/data/1393612/000119312508080891/0001193125-08-080891-index.htm",
        "finalLink": "https://www.sec.gov/Archives/edgar/data/1393612/000119312508080891/d10q.htm"
    },
    {
        "date": "2007-11-30",
        "symbol": "DFS",
        "reportedCurrency": "USD",
        "cik": "0001393612",
        "fillingDate": "2008-02-27",
        "acceptedDate": "2008-02-27 09:11:34",
        "calendarYear": "2007",
        "period": "Q4",
        "revenue": 2594019000,
        "costOfRevenue": 0,
        "grossProfit": 2594019000,
        "grossProfitRatio": 1,
        "researchAndDevelopmentExpenses": 0,
        "generalAndAdministrativeExpenses": 226494000,
        "sellingAndMarketingExpenses": 163916000,
        "sellingGeneralAndAdministrativeExpenses": 390410000,
        "otherExpenses": -1394778000,
        "operatingExpenses": 1689000,
        "costAndExpenses": 1689000,
        "interestIncome": 4721239000,
        "interestExpense": 1994107000,
        "depreciationAndAmortization": 79869000,
        "ebitda": 0,
        "ebitdaratio": 0,
        "operatingIncome": -88005000,
        "operatingIncomeRatio": -0.03392612,
        "totalOtherIncomeExpensesNet": -88005000,
        "incomeBeforeTax": -88005000,
        "incomeBeforeTaxRatio": -0.03392612,
        "incomeTaxExpense": -31521000,
        "netIncome": -56484000,
        "netIncomeRatio": -0.0217747056,
        "eps": -0.12,
        "epsdiluted": -0.12,
        "weightedAverageShsOut": 475357333,
        "weightedAverageShsOutDil": 481929333,
        "link": "https://www.sec.gov/Archives/edgar/data/1393612/000119312508039547/0001193125-08-039547-index.htm",
        "finalLink": "https://www.sec.gov/Archives/edgar/data/1393612/000119312508039547/d10k.htm"
    },
    {
        "date": "2007-08-31",
        "symbol": "DFS",
        "reportedCurrency": "USD",
        "cik": "0001393612",
        "fillingDate": "2007-10-12",
        "acceptedDate": "2007-10-12 14:27:50",
        "calendarYear": "2007",
        "period": "Q3",
        "revenue": 1239639000,
        "costOfRevenue": 0,
        "grossProfit": 1239639000,
        "grossProfitRatio": 1,
        "researchAndDevelopmentExpenses": 0,
        "generalAndAdministrativeExpenses": 227904000,
        "sellingAndMarketingExpenses": 163015000,
        "sellingGeneralAndAdministrativeExpenses": 390919000,
        "otherExpenses": 0,
        "operatingExpenses": 257075000,
        "costAndExpenses": 257075000,
        "interestIncome": 755610000,
        "interestExpense": 361469000,
        "depreciationAndAmortization": 62123000,
        "ebitda": 0,
        "ebitdaratio": 0,
        "operatingIncome": 329214000,
        "operatingIncomeRatio": 0.2655724771,
        "totalOtherIncomeExpensesNet": -379247000,
        "incomeBeforeTax": 329214000,
        "incomeBeforeTaxRatio": 0.2655724771,
        "incomeTaxExpense": 126974000,
        "netIncome": 202240000,
        "netIncomeRatio": 0.1631442702,
        "eps": 0.42,
        "epsdiluted": 0.42,
        "weightedAverageShsOut": 481523810,
        "weightedAverageShsOutDil": 481523810,
        "link": "https://www.sec.gov/Archives/edgar/data/1393612/000119312507217648/0001193125-07-217648-index.htm",
        "finalLink": "https://www.sec.gov/Archives/edgar/data/1393612/000119312507217648/d10q.htm"
    },
    {
        "date": "2007-05-31",
        "symbol": "DFS",
        "reportedCurrency": "USD",
        "cik": "0001393612",
        "fillingDate": "2007-07-12",
        "acceptedDate": "2007-07-12 17:00:11",
        "calendarYear": "2007",
        "period": "Q2",
        "revenue": 1238805000,
        "costOfRevenue": 0,
        "grossProfit": 1238805000,
        "grossProfitRatio": 1,
        "researchAndDevelopmentExpenses": 0,
        "generalAndAdministrativeExpenses": 234373000,
        "sellingAndMarketingExpenses": 140930000,
        "sellingGeneralAndAdministrativeExpenses": 375303000,
        "otherExpenses": 0,
        "operatingExpenses": 254194000,
        "costAndExpenses": 254194000,
        "interestIncome": 703365000,
        "interestExpense": 336253000,
        "depreciationAndAmortization": 58789000,
        "ebitda": 0,
        "ebitdaratio": 0,
        "operatingIncome": 332526000,
        "operatingIncomeRatio": 0.2684248126,
        "totalOtherIncomeExpensesNet": -362211000,
        "incomeBeforeTax": 332526000,
        "incomeBeforeTaxRatio": 0.2684248126,
        "incomeTaxExpense": 123284000,
        "netIncome": 210242000,
        "netIncomeRatio": 0.1697135546,
        "eps": 0.44,
        "epsdiluted": 0.44,
        "weightedAverageShsOut": 477822727,
        "weightedAverageShsOutDil": 477822727,
        "link": "https://www.sec.gov/Archives/edgar/data/1393612/000119312507154185/0001193125-07-154185-index.htm",
        "finalLink": "https://www.sec.gov/Archives/edgar/data/1393612/000119312507154185/d10q.htm"
    },
    {
        "date": "2007-02-28",
        "symbol": "DFS",
        "reportedCurrency": "USD",
        "cik": "0001393612",
        "fillingDate": "2007-02-28",
        "acceptedDate": "2007-02-28 00:00:00",
        "calendarYear": "2007",
        "period": "Q1",
        "revenue": 1222023000,
        "costOfRevenue": 0,
        "grossProfit": 1222023000,
        "grossProfitRatio": 1,
        "researchAndDevelopmentExpenses": 0,
        "generalAndAdministrativeExpenses": 233318000,
        "sellingAndMarketingExpenses": 0,
        "sellingGeneralAndAdministrativeExpenses": 233318000,
        "otherExpenses": -1083880000,
        "operatingExpenses": -850562000,
        "costAndExpenses": -850562000,
        "interestIncome": 680305000,
        "interestExpense": 283959000,
        "depreciationAndAmortization": 56350000,
        "ebitda": 0,
        "ebitdaratio": 0,
        "operatingIncome": 371461000,
        "operatingIncomeRatio": 0.3039721838,
        "totalOtherIncomeExpensesNet": 411709000,
        "incomeBeforeTax": 371461000,
        "incomeBeforeTaxRatio": 0.3039721838,
        "incomeTaxExpense": 137829000,
        "netIncome": 233632000,
        "netIncomeRatio": 0.1911846176,
        "eps": 0.49,
        "epsdiluted": 0.49,
        "weightedAverageShsOut": 476800000,
        "weightedAverageShsOutDil": 476800000,
        "link": null,
        "finalLink": null
    },
    {
        "date": "2006-11-30",
        "symbol": "DFS",
        "reportedCurrency": "USD",
        "cik": "0001393612",
        "fillingDate": "2006-11-30",
        "acceptedDate": "2006-11-30 00:00:00",
        "calendarYear": "2006",
        "period": "Q4",
        "revenue": 2996189000,
        "costOfRevenue": 0,
        "grossProfit": 2996189000,
        "grossProfitRatio": 1,
        "researchAndDevelopmentExpenses": 0,
        "generalAndAdministrativeExpenses": 234625000,
        "sellingAndMarketingExpenses": 603556000,
        "sellingGeneralAndAdministrativeExpenses": 838181000,
        "otherExpenses": -3648829000,
        "operatingExpenses": -2810648000,
        "costAndExpenses": -2810648000,
        "interestIncome": 4331125000,
        "interestExpense": 1641067000,
        "depreciationAndAmortization": 144724000,
        "ebitda": 0,
        "ebitdaratio": 0,
        "operatingIncome": 185541000,
        "operatingIncomeRatio": 0.0619256662,
        "totalOtherIncomeExpensesNet": 185541000,
        "incomeBeforeTax": 185541000,
        "incomeBeforeTaxRatio": 0.0619256662,
        "incomeTaxExpense": -981000,
        "netIncome": 186522000,
        "netIncomeRatio": 0.0622530822,
        "eps": 0.39,
        "epsdiluted": 0.39,
        "weightedAverageShsOut": 480985711,
        "weightedAverageShsOutDil": 480985711,
        "link": null,
        "finalLink": null
    },
    {
        "date": "2006-08-31",
        "symbol": "DFS",
        "reportedCurrency": "USD",
        "cik": "0001393612",
        "fillingDate": "2006-08-31",
        "acceptedDate": "2006-08-30 20:00:00",
        "calendarYear": "2006",
        "period": "Q3",
        "revenue": 1120988000,
        "costOfRevenue": 0,
        "grossProfit": 1120988000,
        "grossProfitRatio": 1,
        "researchAndDevelopmentExpenses": 0,
        "generalAndAdministrativeExpenses": 237436000,
        "sellingAndMarketingExpenses": 0,
        "sellingGeneralAndAdministrativeExpenses": 237436000,
        "otherExpenses": -990893000,
        "operatingExpenses": -753457000,
        "costAndExpenses": -753457000,
        "interestIncome": 642748000,
        "interestExpense": 250440000,
        "depreciationAndAmortization": 24832000,
        "ebitda": 0,
        "ebitdaratio": 0,
        "operatingIncome": 367531000,
        "operatingIncomeRatio": 0.3278634562,
        "totalOtherIncomeExpensesNet": 367531000,
        "incomeBeforeTax": 367531000,
        "incomeBeforeTaxRatio": 0.3278634562,
        "incomeTaxExpense": 126138000,
        "netIncome": 241393000,
        "netIncomeRatio": 0.2153395041,
        "eps": 0.51,
        "epsdiluted": 0.51,
        "weightedAverageShsOut": 473319608,
        "weightedAverageShsOutDil": 473319608,
        "link": null,
        "finalLink": null
    },
    {
        "date": "2006-05-31",
        "symbol": "DFS",
        "reportedCurrency": "USD",
        "cik": "0001393612",
        "fillingDate": "2006-05-31",
        "acceptedDate": "2006-05-30 20:00:00",
        "calendarYear": "2006",
        "period": "Q2",
        "revenue": 1061529000,
        "costOfRevenue": 0,
        "grossProfit": 1061529000,
        "grossProfitRatio": 1,
        "researchAndDevelopmentExpenses": 0,
        "generalAndAdministrativeExpenses": 223296000,
        "sellingAndMarketingExpenses": 0,
        "sellingGeneralAndAdministrativeExpenses": 223296000,
        "otherExpenses": -740489000,
        "operatingExpenses": -517193000,
        "costAndExpenses": -517193000,
        "interestIncome": 607181000,
        "interestExpense": 217336000,
        "depreciationAndAmortization": 0,
        "ebitda": 544336000,
        "ebitdaratio": 0.5127848603,
        "operatingIncome": 544336000,
        "operatingIncomeRatio": 0.5127848603,
        "totalOtherIncomeExpensesNet": -1034386000,
        "incomeBeforeTax": 544336000,
        "incomeBeforeTaxRatio": 0.5127848603,
        "incomeTaxExpense": 201058000,
        "netIncome": 343278000,
        "netIncomeRatio": 0.3233807084,
        "eps": 0.72,
        "epsdiluted": 0.72,
        "weightedAverageShsOut": 476775000,
        "weightedAverageShsOutDil": 476775000,
        "link": null,
        "finalLink": null
    }
]