[
    {
        "date": "2025-06-30",
        "symbol": "DISH",
        "reportedCurrency": "USD",
        "cik": "0001001082",
        "fillingDate": "2025-08-07",
        "acceptedDate": "2025-08-07 06:01:32",
        "calendarYear": "2025",
        "period": "Q2",
        "revenue": 3395542000,
        "costOfRevenue": 2348532000,
        "grossProfit": 1047010000,
        "grossProfitRatio": 0.3083484168,
        "researchAndDevelopmentExpenses": 0,
        "generalAndAdministrativeExpenses": 0,
        "sellingAndMarketingExpenses": 0,
        "sellingGeneralAndAdministrativeExpenses": 539983000,
        "otherExpenses": 680276000,
        "operatingExpenses": 1220259000,
        "costAndExpenses": 3568791000,
        "interestIncome": 15397000,
        "interestExpense": 230249000,
        "depreciationAndAmortization": 388785000,
        "ebitda": -25358000,
        "ebitdaratio": -0.0074680272,
        "operatingIncome": -173249000,
        "operatingIncomeRatio": -0.0510224877,
        "totalOtherIncomeExpensesNet": -189154000,
        "incomeBeforeTax": -362403000,
        "incomeBeforeTaxRatio": -0.1067290583,
        "incomeTaxExpense": -89302000,
        "netIncome": -273196000,
        "netIncomeRatio": -0.0804572584,
        "eps": -511.57,
        "epsdiluted": -511.57,
        "weightedAverageShsOut": 534034000,
        "weightedAverageShsOutDil": 534034000,
        "link": "https://www.sec.gov/Archives/edgar/data/1001082/000155837025010618/0001558370-25-010618-index.htm",
        "finalLink": "https://www.sec.gov/Archives/edgar/data/1001082/000155837025010618/dish-20250630x10q.htm"
    },
    {
        "date": "2025-03-31",
        "symbol": "DISH",
        "reportedCurrency": "USD",
        "cik": "0001001082",
        "fillingDate": "2025-05-13",
        "acceptedDate": "2025-05-13 17:08:34",
        "calendarYear": "2025",
        "period": "Q1",
        "revenue": 3510360000,
        "costOfRevenue": 2321318000,
        "grossProfit": 1189042000,
        "grossProfitRatio": 0.3387236637,
        "researchAndDevelopmentExpenses": 0,
        "generalAndAdministrativeExpenses": 0,
        "sellingAndMarketingExpenses": 0,
        "sellingGeneralAndAdministrativeExpenses": 511548000,
        "otherExpenses": 742598000,
        "operatingExpenses": 1254146000,
        "costAndExpenses": 3575464000,
        "interestIncome": 9801000,
        "interestExpense": 197255000,
        "depreciationAndAmortization": 383681000,
        "ebitda": 60424000,
        "ebitdaratio": 0.0172130494,
        "operatingIncome": -65104000,
        "operatingIncomeRatio": -0.018546246,
        "totalOtherIncomeExpensesNet": -187934000,
        "incomeBeforeTax": -253038000,
        "incomeBeforeTaxRatio": -0.0720832051,
        "incomeTaxExpense": -63543000,
        "netIncome": -189529000,
        "netIncomeRatio": -0.0539913285,
        "eps": -0.35,
        "epsdiluted": -0.35,
        "weightedAverageShsOut": 534034000,
        "weightedAverageShsOutDil": 534034000,
        "link": "https://www.sec.gov/Archives/edgar/data/1001082/000155837025007591/0001558370-25-007591-index.htm",
        "finalLink": "https://www.sec.gov/Archives/edgar/data/1001082/000155837025007591/dish-20250331x10q.htm"
    },
    {
        "date": "2024-12-31",
        "symbol": "DISH",
        "reportedCurrency": "USD",
        "cik": "0001001082",
        "fillingDate": "2025-03-12",
        "acceptedDate": "2025-03-12 17:07:26",
        "calendarYear": "2024",
        "period": "Q4",
        "revenue": 2719583000,
        "costOfRevenue": 1458137000,
        "grossProfit": 2111045000,
        "grossProfitRatio": 0.7762384895,
        "researchAndDevelopmentExpenses": 0,
        "generalAndAdministrativeExpenses": 1415068000,
        "sellingAndMarketingExpenses": -463000000,
        "sellingGeneralAndAdministrativeExpenses": 479630000,
        "otherExpenses": 1666846000,
        "operatingExpenses": 2146476000,
        "costAndExpenses": 3387159000,
        "interestIncome": -36848000,
        "interestExpense": -535671000,
        "depreciationAndAmortization": 626468000,
        "ebitda": 239686000,
        "ebitdaratio": 0.0881333646,
        "operatingIncome": -49333000,
        "operatingIncomeRatio": -0.0181399134,
        "totalOtherIncomeExpensesNet": 489685000,
        "incomeBeforeTax": 440352000,
        "incomeBeforeTaxRatio": 0.1619189412,
        "incomeTaxExpense": -71540000,
        "netIncome": 366173000,
        "netIncomeRatio": 0.1346430684,
        "eps": 0.69,
        "epsdiluted": 0.69,
        "weightedAverageShsOut": 534034000,
        "weightedAverageShsOutDil": 534034000,
        "link": "https://www.sec.gov/Archives/edgar/data/1001082/000155837025002818/0001558370-25-002818-index.htm",
        "finalLink": "https://www.sec.gov/Archives/edgar/data/1001082/000155837025002818/dish-20241231x10k.htm"
    },
    {
        "date": "2024-09-30",
        "symbol": "DISH",
        "reportedCurrency": "USD",
        "cik": "0001001082",
        "fillingDate": "2024-11-14",
        "acceptedDate": "2024-11-14 14:13:14",
        "calendarYear": "2024",
        "period": "Q3",
        "revenue": 3515317000,
        "costOfRevenue": 2735116000,
        "grossProfit": 780201000,
        "grossProfitRatio": 0.2219432842,
        "researchAndDevelopmentExpenses": 0,
        "generalAndAdministrativeExpenses": 0,
        "sellingAndMarketingExpenses": 0,
        "sellingGeneralAndAdministrativeExpenses": 540502000,
        "otherExpenses": 364199000,
        "operatingExpenses": 904701000,
        "costAndExpenses": 3639817000,
        "interestIncome": 8627000,
        "interestExpense": -160625000,
        "depreciationAndAmortization": 364199000,
        "ebitda": 40939000,
        "ebitdaratio": 0.0116458914,
        "operatingIncome": -124500000,
        "operatingIncomeRatio": -0.0354164361,
        "totalOtherIncomeExpensesNet": -133979000,
        "incomeBeforeTax": -258479000,
        "incomeBeforeTaxRatio": -0.0735293574,
        "incomeTaxExpense": 47971000,
        "netIncome": -210523000,
        "netIncomeRatio": -0.0598873444,
        "eps": -0.39,
        "epsdiluted": -0.39,
        "weightedAverageShsOut": 534034000,
        "weightedAverageShsOutDil": 534034000,
        "link": "https://www.sec.gov/Archives/edgar/data/1001082/000155837024015673/0001558370-24-015673-index.htm",
        "finalLink": "https://www.sec.gov/Archives/edgar/data/1001082/000155837024015673/dish-20240930x10q.htm"
    },
    {
        "date": "2024-06-30",
        "symbol": "DISH",
        "reportedCurrency": "USD",
        "cik": "0001001082",
        "fillingDate": "2024-08-13",
        "acceptedDate": "2024-08-13 17:13:57",
        "calendarYear": "2024",
        "period": "Q2",
        "revenue": 3568270000,
        "costOfRevenue": 2713945000,
        "grossProfit": 854325000,
        "grossProfitRatio": 0.2394227455,
        "researchAndDevelopmentExpenses": 0,
        "generalAndAdministrativeExpenses": 0,
        "sellingAndMarketingExpenses": 0,
        "sellingGeneralAndAdministrativeExpenses": 494986000,
        "otherExpenses": 391110000,
        "operatingExpenses": 886096000,
        "costAndExpenses": 3600041000,
        "interestIncome": 10514000,
        "interestExpense": -164561000,
        "depreciationAndAmortization": 391110000,
        "ebitda": 53130000,
        "ebitdaratio": 0.0148895683,
        "operatingIncome": -31771000,
        "operatingIncomeRatio": -0.0089037545,
        "totalOtherIncomeExpensesNet": -218524000,
        "incomeBeforeTax": -250295000,
        "incomeBeforeTaxRatio": -0.0701446359,
        "incomeTaxExpense": 38471000,
        "netIncome": -211849000,
        "netIncomeRatio": -0.059370227,
        "eps": -0.4,
        "epsdiluted": -0.4,
        "weightedAverageShsOut": 534034000,
        "weightedAverageShsOutDil": 534034000,
        "link": "https://www.sec.gov/Archives/edgar/data/1001082/000155837024012076/0001558370-24-012076-index.htm",
        "finalLink": "https://www.sec.gov/Archives/edgar/data/1001082/000155837024012076/dish-20240630x10q.htm"
    },
    {
        "date": "2024-03-31",
        "symbol": "DISH",
        "reportedCurrency": "USD",
        "cik": "0001001082",
        "fillingDate": "2024-05-01",
        "acceptedDate": "2024-05-01 07:00:00",
        "calendarYear": "2024",
        "period": "Q1",
        "revenue": 3639889000,
        "costOfRevenue": 2734037000,
        "grossProfit": 905852000,
        "grossProfitRatio": 0.2488680287,
        "researchAndDevelopmentExpenses": 0,
        "generalAndAdministrativeExpenses": 0,
        "sellingAndMarketingExpenses": 0,
        "sellingGeneralAndAdministrativeExpenses": 512799000,
        "otherExpenses": 0,
        "operatingExpenses": 512799000,
        "costAndExpenses": 3246836000,
        "interestIncome": 12653000,
        "interestExpense": 170635000,
        "depreciationAndAmortization": 367074000,
        "ebitda": 392104000,
        "ebitdaratio": 0.1077241641,
        "operatingIncome": 25979000,
        "operatingIncomeRatio": 0.0071373056,
        "totalOtherIncomeExpensesNet": -30640000,
        "incomeBeforeTax": -4661000,
        "incomeBeforeTaxRatio": -0.0012805336,
        "incomeTaxExpense": 5570000,
        "netIncome": -10231000,
        "netIncomeRatio": -0.0028108,
        "eps": -0.0192,
        "epsdiluted": -0.0192,
        "weightedAverageShsOut": 534034000,
        "weightedAverageShsOutDil": 534034000,
        "link": "http://www.cbr.ru/eng/search/?text=DISH&category=Any&time=Any&dateFrom=&dateTo=",
        "finalLink": "http://www.cbr.ru/eng/search/?text=DISH&category=Any&time=Any&dateFrom=&dateTo="
    },
    {
        "date": "2023-12-31",
        "symbol": "DISH",
        "reportedCurrency": "USD",
        "cik": "0001001082",
        "fillingDate": "2024-03-29",
        "acceptedDate": "2024-03-29 16:43:44",
        "calendarYear": "2023",
        "period": "Q4",
        "revenue": 3722013000,
        "costOfRevenue": 2791279000,
        "grossProfit": 930734000,
        "grossProfitRatio": 0.250061996,
        "researchAndDevelopmentExpenses": -33000000,
        "generalAndAdministrativeExpenses": -1415068000,
        "sellingAndMarketingExpenses": -463000000,
        "sellingGeneralAndAdministrativeExpenses": 642994000,
        "otherExpenses": 1160412000,
        "operatingExpenses": 1243428000,
        "costAndExpenses": 4034707000,
        "interestIncome": 14509000,
        "interestExpense": -66260000,
        "depreciationAndAmortization": 336185000,
        "ebitda": -1079913000,
        "ebitdaratio": -0.2901421892,
        "operatingIncome": -312694000,
        "operatingIncomeRatio": -0.0840120655,
        "totalOtherIncomeExpensesNet": -1618143000,
        "incomeBeforeTax": -1930837000,
        "incomeBeforeTaxRatio": -0.5187614874,
        "incomeTaxExpense": 289732000,
        "netIncome": -1495713000,
        "netIncomeRatio": -0.4018559312,
        "eps": -2.81,
        "epsdiluted": -2.67,
        "weightedAverageShsOut": 534034000,
        "weightedAverageShsOutDil": 534034000,
        "link": "https://www.sec.gov/Archives/edgar/data/1001082/000155837024004386/0001558370-24-004386-index.htm",
        "finalLink": "https://www.sec.gov/Archives/edgar/data/1001082/000155837024004386/dish-20231231x10k.htm"
    },
    {
        "date": "2023-09-30",
        "symbol": "DISH",
        "reportedCurrency": "USD",
        "cik": "0001001082",
        "fillingDate": "2023-11-06",
        "acceptedDate": "2023-11-06 06:02:15",
        "calendarYear": "2023",
        "period": "Q3",
        "revenue": 3704516000,
        "costOfRevenue": 2808904000,
        "grossProfit": 895612000,
        "grossProfitRatio": 0.2417622167,
        "researchAndDevelopmentExpenses": 11000000,
        "generalAndAdministrativeExpenses": 473621000,
        "sellingAndMarketingExpenses": 169000000,
        "sellingGeneralAndAdministrativeExpenses": 642621000,
        "otherExpenses": 352000,
        "operatingExpenses": 937418000,
        "costAndExpenses": 3746322000,
        "interestIncome": 18649000,
        "interestExpense": 10173000,
        "depreciationAndAmortization": 294797000,
        "ebitda": 270776000,
        "ebitdaratio": 0.0730934891,
        "operatingIncome": -41806000,
        "operatingIncomeRatio": -0.0112851449,
        "totalOtherIncomeExpensesNet": -143021000,
        "incomeBeforeTax": -184827000,
        "incomeBeforeTaxRatio": -0.0498923476,
        "incomeTaxExpense": -67988000,
        "netIncome": -139185000,
        "netIncomeRatio": -0.0375717098,
        "eps": -0.26,
        "epsdiluted": -0.26,
        "weightedAverageShsOut": 534034000,
        "weightedAverageShsOutDil": 534034000,
        "link": "https://www.sec.gov/Archives/edgar/data/1001082/000155837023017649/0001558370-23-017649-index.htm",
        "finalLink": "https://www.sec.gov/Archives/edgar/data/1001082/000155837023017649/dish-20230930x10q.htm"
    },
    {
        "date": "2023-06-30",
        "symbol": "DISH",
        "reportedCurrency": "USD",
        "cik": "0001001082",
        "fillingDate": "2023-08-08",
        "acceptedDate": "2023-08-08 07:52:07",
        "calendarYear": "2023",
        "period": "Q2",
        "revenue": 3911577000,
        "costOfRevenue": 2790638000,
        "grossProfit": 1120939000,
        "grossProfitRatio": 0.2865695856,
        "researchAndDevelopmentExpenses": 11000000,
        "generalAndAdministrativeExpenses": 483595000,
        "sellingAndMarketingExpenses": 165000000,
        "sellingGeneralAndAdministrativeExpenses": 648595000,
        "otherExpenses": 477000,
        "operatingExpenses": 914605000,
        "costAndExpenses": 3705243000,
        "interestIncome": 31725000,
        "interestExpense": 9434000,
        "depreciationAndAmortization": 266010000,
        "ebitda": 503617000,
        "ebitdaratio": 0.1287503736,
        "operatingIncome": 206334000,
        "operatingIncomeRatio": 0.0527495688,
        "totalOtherIncomeExpensesNet": 83583000,
        "incomeBeforeTax": 289917000,
        "incomeBeforeTaxRatio": 0.0741176768,
        "incomeTaxExpense": 67493000,
        "netIncome": 200323000,
        "netIncomeRatio": 0.0512128484,
        "eps": 0.38,
        "epsdiluted": 0.31,
        "weightedAverageShsOut": 639219000,
        "weightedAverageShsOutDil": 639219000,
        "link": "https://www.sec.gov/Archives/edgar/data/1001082/000155837023013759/0001558370-23-013759-index.htm",
        "finalLink": "https://www.sec.gov/Archives/edgar/data/1001082/000155837023013759/dish-20230630x10q.htm"
    },
    {
        "date": "2023-03-31",
        "symbol": "DISH",
        "reportedCurrency": "USD",
        "cik": "0001001082",
        "fillingDate": "2023-05-08",
        "acceptedDate": "2023-05-08 06:03:02",
        "calendarYear": "2023",
        "period": "Q1",
        "revenue": 3956982000,
        "costOfRevenue": 2801010000,
        "grossProfit": 1155972000,
        "grossProfitRatio": 0.2921347633,
        "researchAndDevelopmentExpenses": 11000000,
        "generalAndAdministrativeExpenses": 457852000,
        "sellingAndMarketingExpenses": 129000000,
        "sellingGeneralAndAdministrativeExpenses": 586852000,
        "otherExpenses": 245697000,
        "operatingExpenses": 832549000,
        "costAndExpenses": 3633559000,
        "interestIncome": 40533000,
        "interestExpense": 7772000,
        "depreciationAndAmortization": 284929000,
        "ebitda": 608352000,
        "ebitdaratio": 0.153741412,
        "operatingIncome": 323423000,
        "operatingIncomeRatio": 0.0817347665,
        "totalOtherIncomeExpensesNet": 2240000,
        "incomeBeforeTax": 325663000,
        "incomeBeforeTaxRatio": 0.0823008545,
        "incomeTaxExpense": 82425000,
        "netIncome": 222705000,
        "netIncomeRatio": 0.0562815297,
        "eps": 0.42,
        "epsdiluted": 0.35,
        "weightedAverageShsOut": 636300000,
        "weightedAverageShsOutDil": 638385000,
        "link": "https://www.sec.gov/Archives/edgar/data/1001082/000155837023008370/0001558370-23-008370-index.htm",
        "finalLink": "https://www.sec.gov/Archives/edgar/data/1001082/000155837023008370/dish-20230331x10q.htm"
    },
    {
        "date": "2022-12-31",
        "symbol": "DISH",
        "reportedCurrency": "USD",
        "cik": "0001001082",
        "fillingDate": "2023-02-23",
        "acceptedDate": "2023-02-23 06:03:07",
        "calendarYear": "2022",
        "period": "Q4",
        "revenue": 4043373000,
        "costOfRevenue": 2812849000,
        "grossProfit": 1230524000,
        "grossProfitRatio": 0.3043310622,
        "researchAndDevelopmentExpenses": 11000000,
        "generalAndAdministrativeExpenses": 478409000,
        "sellingAndMarketingExpenses": 179000000,
        "sellingGeneralAndAdministrativeExpenses": 657409000,
        "otherExpenses": 197773000,
        "operatingExpenses": 855182000,
        "costAndExpenses": 3668031000,
        "interestIncome": 20923000,
        "interestExpense": 7714000,
        "depreciationAndAmortization": 220145000,
        "ebitda": 595487000,
        "ebitdaratio": 0.1472748124,
        "operatingIncome": 375342000,
        "operatingIncomeRatio": 0.0928289327,
        "totalOtherIncomeExpensesNet": 937927000,
        "incomeBeforeTax": 1313269000,
        "incomeBeforeTaxRatio": 0.3247954121,
        "incomeTaxExpense": 358800000,
        "netIncome": 935520000,
        "netIncomeRatio": 0.2313711844,
        "eps": 1.76,
        "epsdiluted": 1.46,
        "weightedAverageShsOut": 637290000,
        "weightedAverageShsOutDil": 637290000,
        "link": "https://www.sec.gov/Archives/edgar/data/1001082/000155837023001811/0001558370-23-001811-index.htm",
        "finalLink": "https://www.sec.gov/Archives/edgar/data/1001082/000155837023001811/dish-20221231x10k.htm"
    },
    {
        "date": "2022-09-30",
        "symbol": "DISH",
        "reportedCurrency": "USD",
        "cik": "0001001082",
        "fillingDate": "2022-11-02",
        "acceptedDate": "2022-11-02 06:05:44",
        "calendarYear": "2022",
        "period": "Q3",
        "revenue": 4095451000,
        "costOfRevenue": 2835155000,
        "grossProfit": 1260296000,
        "grossProfitRatio": 0.3077306993,
        "researchAndDevelopmentExpenses": 12000000,
        "generalAndAdministrativeExpenses": 482531000,
        "sellingAndMarketingExpenses": 176000000,
        "sellingGeneralAndAdministrativeExpenses": 658531000,
        "otherExpenses": 174736000,
        "operatingExpenses": 833267000,
        "costAndExpenses": 3668422000,
        "interestIncome": 7632000,
        "interestExpense": 4848000,
        "depreciationAndAmortization": 179740000,
        "ebitda": 606769000,
        "ebitdaratio": 0.1481568208,
        "operatingIncome": 427029000,
        "operatingIncomeRatio": 0.1042691025,
        "totalOtherIncomeExpensesNet": 60725000,
        "incomeBeforeTax": 487754000,
        "incomeBeforeTaxRatio": 0.1190965293,
        "incomeTaxExpense": 58169000,
        "netIncome": 412230000,
        "netIncomeRatio": 0.100655581,
        "eps": 0.78,
        "epsdiluted": 0.65,
        "weightedAverageShsOut": 634200000,
        "weightedAverageShsOutDil": 637455000,
        "link": "https://www.sec.gov/Archives/edgar/data/1001082/000155837022015893/0001558370-22-015893-index.htm",
        "finalLink": "https://www.sec.gov/Archives/edgar/data/1001082/000155837022015893/dish-20220930x10q.htm"
    },
    {
        "date": "2022-06-30",
        "symbol": "DISH",
        "reportedCurrency": "USD",
        "cik": "0001001082",
        "fillingDate": "2022-08-03",
        "acceptedDate": "2022-08-03 06:04:48",
        "calendarYear": "2022",
        "period": "Q2",
        "revenue": 4209963000,
        "costOfRevenue": 2737856000,
        "grossProfit": 1472107000,
        "grossProfitRatio": 0.3496721943,
        "researchAndDevelopmentExpenses": 12000000,
        "generalAndAdministrativeExpenses": 482949000,
        "sellingAndMarketingExpenses": 128000000,
        "sellingGeneralAndAdministrativeExpenses": 610949000,
        "otherExpenses": 168223000,
        "operatingExpenses": 779172000,
        "costAndExpenses": 3517028000,
        "interestIncome": 9372000,
        "interestExpense": 5618000,
        "depreciationAndAmortization": 177476000,
        "ebitda": 870411000,
        "ebitdaratio": 0.2067502731,
        "operatingIncome": 692935000,
        "operatingIncomeRatio": 0.1645940831,
        "totalOtherIncomeExpensesNet": 17529000,
        "incomeBeforeTax": 710464000,
        "incomeBeforeTaxRatio": 0.1687577777,
        "incomeTaxExpense": 170457000,
        "netIncome": 522832000,
        "netIncomeRatio": 0.124189215,
        "eps": 0.82,
        "epsdiluted": 0.82,
        "weightedAverageShsOut": 637123000,
        "weightedAverageShsOutDil": 637123000,
        "link": "https://www.sec.gov/Archives/edgar/data/1001082/000155837022011733/0001558370-22-011733-index.htm",
        "finalLink": "https://www.sec.gov/Archives/edgar/data/1001082/000155837022011733/dish-20220630x10q.htm"
    },
    {
        "date": "2022-03-31",
        "symbol": "DISH",
        "reportedCurrency": "USD",
        "cik": "0001001082",
        "fillingDate": "2022-05-06",
        "acceptedDate": "2022-05-06 06:09:35",
        "calendarYear": "2022",
        "period": "Q1",
        "revenue": 4330620000,
        "costOfRevenue": 2985215000,
        "grossProfit": 1345405000,
        "grossProfitRatio": 0.3106726058,
        "researchAndDevelopmentExpenses": 10000000,
        "generalAndAdministrativeExpenses": 468704000,
        "sellingAndMarketingExpenses": 150000000,
        "sellingGeneralAndAdministrativeExpenses": 618704000,
        "otherExpenses": 176341000,
        "operatingExpenses": 795045000,
        "costAndExpenses": 3780260000,
        "interestIncome": 4849000,
        "interestExpense": 4601000,
        "depreciationAndAmortization": 181192000,
        "ebitda": 731552000,
        "ebitdaratio": 0.1689254656,
        "operatingIncome": 550360000,
        "operatingIncomeRatio": 0.1270857291,
        "totalOtherIncomeExpensesNet": 42796000,
        "incomeBeforeTax": 593156000,
        "incomeBeforeTaxRatio": 0.1369679168,
        "incomeTaxExpense": 144310000,
        "netIncome": 432651000,
        "netIncomeRatio": 0.0999050944,
        "eps": 0.68,
        "epsdiluted": 0.68,
        "weightedAverageShsOut": 636251470,
        "weightedAverageShsOutDil": 636470000,
        "link": "https://www.sec.gov/Archives/edgar/data/1001082/000155837022007502/0001558370-22-007502-index.htm",
        "finalLink": "https://www.sec.gov/Archives/edgar/data/1001082/000155837022007502/dish-20220331x10q.htm"
    },
    {
        "date": "2021-12-31",
        "symbol": "DISH",
        "reportedCurrency": "USD",
        "cik": "0001001082",
        "fillingDate": "2022-02-24",
        "acceptedDate": "2022-02-24 06:09:39",
        "calendarYear": "2021",
        "period": "Q4",
        "revenue": 4446658000,
        "costOfRevenue": 2943234000,
        "grossProfit": 1503424000,
        "grossProfitRatio": 0.3381020083,
        "researchAndDevelopmentExpenses": 8000000,
        "generalAndAdministrativeExpenses": 469622000,
        "sellingAndMarketingExpenses": 149000000,
        "sellingGeneralAndAdministrativeExpenses": 618622000,
        "otherExpenses": 1408000,
        "operatingExpenses": 789408000,
        "costAndExpenses": 3732642000,
        "interestIncome": 3875000,
        "interestExpense": 4273000,
        "depreciationAndAmortization": 170786000,
        "ebitda": 887077000,
        "ebitdaratio": 0.1994929675,
        "operatingIncome": 714016000,
        "operatingIncomeRatio": 0.1605736263,
        "totalOtherIncomeExpensesNet": 1561000,
        "incomeBeforeTax": 715577000,
        "incomeBeforeTaxRatio": 0.1609246765,
        "incomeTaxExpense": 150165000,
        "netIncome": 552329000,
        "netIncomeRatio": 0.1242121611,
        "eps": 1.07,
        "epsdiluted": 0.89,
        "weightedAverageShsOut": 528229000,
        "weightedAverageShsOutDil": 636440000,
        "link": "https://www.sec.gov/Archives/edgar/data/1001082/000155837022001816/0001558370-22-001816-index.htm",
        "finalLink": "https://www.sec.gov/Archives/edgar/data/1001082/000155837022001816/dish-20211231x10k.htm"
    },
    {
        "date": "2021-09-30",
        "symbol": "DISH",
        "reportedCurrency": "USD",
        "cik": "0001001082",
        "fillingDate": "2021-11-04",
        "acceptedDate": "2021-11-04 06:06:13",
        "calendarYear": "2021",
        "period": "Q3",
        "revenue": 4449635000,
        "costOfRevenue": 2947920000,
        "grossProfit": 1501715000,
        "grossProfitRatio": 0.3374917268,
        "researchAndDevelopmentExpenses": 7000000,
        "generalAndAdministrativeExpenses": 450719000,
        "sellingAndMarketingExpenses": 156000000,
        "sellingGeneralAndAdministrativeExpenses": 606719000,
        "otherExpenses": 39659000,
        "operatingExpenses": 784010000,
        "costAndExpenses": 3731930000,
        "interestIncome": 2207000,
        "interestExpense": 4203000,
        "depreciationAndAmortization": 177291000,
        "ebitda": 937286000,
        "ebitdaratio": 0.2106433449,
        "operatingIncome": 717705000,
        "operatingIncomeRatio": 0.1612952523,
        "totalOtherIncomeExpensesNet": 29073000,
        "incomeBeforeTax": 746778000,
        "incomeBeforeTaxRatio": 0.1678290467,
        "incomeTaxExpense": 179258000,
        "netIncome": 557042000,
        "netIncomeRatio": 0.1251882458,
        "eps": 1.05,
        "epsdiluted": 0.88,
        "weightedAverageShsOut": 528229000,
        "weightedAverageShsOutDil": 636440000,
        "link": "https://www.sec.gov/Archives/edgar/data/1001082/000155837021014419/0001558370-21-014419-index.htm",
        "finalLink": "https://www.sec.gov/Archives/edgar/data/1001082/000155837021014419/dish-20210930x10q.htm"
    },
    {
        "date": "2021-06-30",
        "symbol": "DISH",
        "reportedCurrency": "USD",
        "cik": "0001001082",
        "fillingDate": "2021-08-09",
        "acceptedDate": "2021-08-09 06:07:42",
        "calendarYear": "2021",
        "period": "Q2",
        "revenue": 4486960000,
        "costOfRevenue": 2885923000,
        "grossProfit": 1601037000,
        "grossProfitRatio": 0.356819985,
        "researchAndDevelopmentExpenses": 7000000,
        "generalAndAdministrativeExpenses": 387909000,
        "sellingAndMarketingExpenses": 120000000,
        "sellingGeneralAndAdministrativeExpenses": 507909000,
        "otherExpenses": 60000,
        "operatingExpenses": 694299000,
        "costAndExpenses": 3580222000,
        "interestIncome": 3286000,
        "interestExpense": 3825000,
        "depreciationAndAmortization": 186390000,
        "ebitda": 1097190000,
        "ebitdaratio": 0.2445285895,
        "operatingIncome": 906738000,
        "operatingIncomeRatio": 0.2020829247,
        "totalOtherIncomeExpensesNet": -7749000,
        "incomeBeforeTax": 898989000,
        "incomeBeforeTaxRatio": 0.2003559203,
        "incomeTaxExpense": 217538000,
        "netIncome": 671047000,
        "netIncomeRatio": 0.1495549325,
        "eps": 1.27,
        "epsdiluted": 1.06,
        "weightedAverageShsOut": 527690000,
        "weightedAverageShsOutDil": 635976000,
        "link": "https://www.sec.gov/Archives/edgar/data/1001082/000155837021010868/0001558370-21-010868-index.htm",
        "finalLink": "https://www.sec.gov/Archives/edgar/data/1001082/000155837021010868/dish-20210630x10q.htm"
    },
    {
        "date": "2021-03-31",
        "symbol": "DISH",
        "reportedCurrency": "USD",
        "cik": "0001001082",
        "fillingDate": "2021-04-29",
        "acceptedDate": "2021-04-29 06:20:02",
        "calendarYear": "2021",
        "period": "Q1",
        "revenue": 4497853000,
        "costOfRevenue": 2961206000,
        "grossProfit": 1536647000,
        "grossProfitRatio": 0.3416401114,
        "researchAndDevelopmentExpenses": 7000000,
        "generalAndAdministrativeExpenses": 371686000,
        "sellingAndMarketingExpenses": 110000000,
        "sellingGeneralAndAdministrativeExpenses": 481686000,
        "otherExpenses": 205000,
        "operatingExpenses": 672071000,
        "costAndExpenses": 3633277000,
        "interestIncome": 1970000,
        "interestExpense": 3873000,
        "depreciationAndAmortization": 190385000,
        "ebitda": 1057953000,
        "ebitdaratio": 0.2352128893,
        "operatingIncome": 864576000,
        "operatingIncomeRatio": 0.1922197102,
        "totalOtherIncomeExpensesNet": -7164000,
        "incomeBeforeTax": 857412000,
        "incomeBeforeTaxRatio": 0.1906269502,
        "incomeTaxExpense": 215849000,
        "netIncome": 630224000,
        "netIncomeRatio": 0.140116629,
        "eps": 1.2,
        "epsdiluted": 0.99,
        "weightedAverageShsOut": 526570000,
        "weightedAverageShsOutDil": 633760000,
        "link": "https://www.sec.gov/Archives/edgar/data/1001082/000155837021005166/0001558370-21-005166-index.htm",
        "finalLink": "https://www.sec.gov/Archives/edgar/data/1001082/000155837021005166/dish-20210331x10q.htm"
    },
    {
        "date": "2020-12-31",
        "symbol": "DISH",
        "reportedCurrency": "USD",
        "cik": "0001001082",
        "fillingDate": "2021-02-22",
        "acceptedDate": "2021-02-22 06:10:46",
        "calendarYear": "2020",
        "period": "Q4",
        "revenue": 4557365000,
        "costOfRevenue": 2941940000,
        "grossProfit": 1615425000,
        "grossProfitRatio": 0.3544646962,
        "researchAndDevelopmentExpenses": 7000000,
        "generalAndAdministrativeExpenses": 431096000,
        "sellingAndMarketingExpenses": -1835000,
        "sellingGeneralAndAdministrativeExpenses": 429261000,
        "otherExpenses": 346000,
        "operatingExpenses": 625786000,
        "costAndExpenses": 3567726000,
        "interestIncome": 8642000,
        "interestExpense": 0,
        "depreciationAndAmortization": 196525000,
        "ebitda": 1188435000,
        "ebitdaratio": 0.2607723981,
        "operatingIncome": 989639000,
        "operatingIncomeRatio": 0.2171515777,
        "totalOtherIncomeExpensesNet": 70070000,
        "incomeBeforeTax": 989709000,
        "incomeBeforeTaxRatio": 0.2171669375,
        "incomeTaxExpense": 228411000,
        "netIncome": 732632000,
        "netIncomeRatio": 0.1607578063,
        "eps": 1.39,
        "epsdiluted": 1.39,
        "weightedAverageShsOut": 525532000,
        "weightedAverageShsOutDil": 525532000,
        "link": "https://www.sec.gov/Archives/edgar/data/1001082/000155837021001322/0001558370-21-001322-index.htm",
        "finalLink": "https://www.sec.gov/Archives/edgar/data/1001082/000155837021001322/dish-20201231x10k.htm"
    },
    {
        "date": "2020-09-30",
        "symbol": "DISH",
        "reportedCurrency": "USD",
        "cik": "0001001082",
        "fillingDate": "2020-11-06",
        "acceptedDate": "2020-11-06 06:23:55",
        "calendarYear": "2020",
        "period": "Q3",
        "revenue": 4531591000,
        "costOfRevenue": 3004612000,
        "grossProfit": 1526979000,
        "grossProfitRatio": 0.3369631107,
        "researchAndDevelopmentExpenses": 6000000,
        "generalAndAdministrativeExpenses": 356648000,
        "sellingAndMarketingExpenses": 160000000,
        "sellingGeneralAndAdministrativeExpenses": 516648000,
        "otherExpenses": -13000,
        "operatingExpenses": 715731000,
        "costAndExpenses": 3720343000,
        "interestIncome": 8425000,
        "interestExpense": 6778000,
        "depreciationAndAmortization": 199083000,
        "ebitda": 1022694000,
        "ebitdaratio": 0.2256810025,
        "operatingIncome": 811248000,
        "operatingIncomeRatio": 0.1790205692,
        "totalOtherIncomeExpensesNet": -4775000,
        "incomeBeforeTax": 806473000,
        "incomeBeforeTaxRatio": 0.1779668553,
        "incomeTaxExpense": 273514000,
        "netIncome": 504599000,
        "netIncomeRatio": 0.1113513995,
        "eps": 0.96,
        "epsdiluted": 0.86,
        "weightedAverageShsOut": 525532000,
        "weightedAverageShsOutDil": 583957000,
        "link": "https://www.sec.gov/Archives/edgar/data/1001082/000155837020013008/0001558370-20-013008-index.htm",
        "finalLink": "https://www.sec.gov/Archives/edgar/data/1001082/000155837020013008/dish-20200930x10q.htm"
    },
    {
        "date": "2020-06-30",
        "symbol": "DISH",
        "reportedCurrency": "USD",
        "cik": "0001001082",
        "fillingDate": "2020-08-07",
        "acceptedDate": "2020-08-07 06:19:28",
        "calendarYear": "2020",
        "period": "Q2",
        "revenue": 3187090000,
        "costOfRevenue": 2185192000,
        "grossProfit": 1001898000,
        "grossProfitRatio": 0.3143613767,
        "researchAndDevelopmentExpenses": 5000000,
        "generalAndAdministrativeExpenses": 212124000,
        "sellingAndMarketingExpenses": 0,
        "sellingGeneralAndAdministrativeExpenses": 212124000,
        "otherExpenses": 248000,
        "operatingExpenses": 364248000,
        "costAndExpenses": 2549440000,
        "interestIncome": 5578000,
        "interestExpense": 11494000,
        "depreciationAndAmortization": 152124000,
        "ebitda": 795336000,
        "ebitdaratio": 0.2495492754,
        "operatingIncome": 637650000,
        "operatingIncomeRatio": 0.2000727937,
        "totalOtherIncomeExpensesNet": -5900000,
        "incomeBeforeTax": 631750000,
        "incomeBeforeTaxRatio": 0.1982215752,
        "incomeTaxExpense": 151344000,
        "netIncome": 452343000,
        "netIncomeRatio": 0.1419297855,
        "eps": 0.86,
        "epsdiluted": 0.78,
        "weightedAverageShsOut": 524292000,
        "weightedAverageShsOutDil": 582619000,
        "link": "https://www.sec.gov/Archives/edgar/data/1001082/000155837020009801/0001558370-20-009801-index.htm",
        "finalLink": "https://www.sec.gov/Archives/edgar/data/1001082/000155837020009801/dish-20200630x10q.htm"
    },
    {
        "date": "2020-03-31",
        "symbol": "DISH",
        "reportedCurrency": "USD",
        "cik": "0001001082",
        "fillingDate": "2020-05-07",
        "acceptedDate": "2020-05-07 06:11:06",
        "calendarYear": "2020",
        "period": "Q1",
        "revenue": 3217389000,
        "costOfRevenue": 2331101000,
        "grossProfit": 886288000,
        "grossProfitRatio": 0.2754680892,
        "researchAndDevelopmentExpenses": 6000000,
        "generalAndAdministrativeExpenses": 218972000,
        "sellingAndMarketingExpenses": 0,
        "sellingGeneralAndAdministrativeExpenses": 218972000,
        "otherExpenses": 667000,
        "operatingExpenses": 385792000,
        "costAndExpenses": 2716893000,
        "interestIncome": 14216000,
        "interestExpense": 15606000,
        "depreciationAndAmortization": 166820000,
        "ebitda": 683066000,
        "ebitdaratio": 0.2123044494,
        "operatingIncome": 144078000,
        "operatingIncomeRatio": 0.0447810321,
        "totalOtherIncomeExpensesNet": 202000,
        "incomeBeforeTax": 144280000,
        "incomeBeforeTaxRatio": 0.0448438159,
        "incomeTaxExpense": 45006000,
        "netIncome": 73099000,
        "netIncomeRatio": 0.0227199757,
        "eps": 0.14,
        "epsdiluted": 0.13,
        "weightedAverageShsOut": 523152000,
        "weightedAverageShsOutDil": 581381000,
        "link": "https://www.sec.gov/Archives/edgar/data/1001082/000155837020005524/0001558370-20-005524-index.htm",
        "finalLink": "https://www.sec.gov/Archives/edgar/data/1001082/000155837020005524/dish-20200507x10q.htm"
    },
    {
        "date": "2019-12-31",
        "symbol": "DISH",
        "reportedCurrency": "USD",
        "cik": "0001001082",
        "fillingDate": "2020-02-19",
        "acceptedDate": "2020-02-19 06:14:12",
        "calendarYear": "2019",
        "period": "Q4",
        "revenue": 3240865000,
        "costOfRevenue": 2329185000,
        "grossProfit": 911680000,
        "grossProfitRatio": 0.2813076139,
        "researchAndDevelopmentExpenses": 6000000,
        "generalAndAdministrativeExpenses": 215173000,
        "sellingAndMarketingExpenses": 0,
        "sellingGeneralAndAdministrativeExpenses": 215173000,
        "otherExpenses": 1274000,
        "operatingExpenses": 388728000,
        "costAndExpenses": 2717913000,
        "interestIncome": 11270000,
        "interestExpense": 6089000,
        "depreciationAndAmortization": 173555000,
        "ebitda": 709813000,
        "ebitdaratio": 0.2190196136,
        "operatingIncome": 522952000,
        "operatingIncomeRatio": 0.1613618586,
        "totalOtherIncomeExpensesNet": 6581000,
        "incomeBeforeTax": 529533000,
        "incomeBeforeTaxRatio": 0.1633924894,
        "incomeTaxExpense": 115986000,
        "netIncome": 389404000,
        "netIncomeRatio": 0.1201543415,
        "eps": 0.74,
        "epsdiluted": 0.74,
        "weightedAverageShsOut": 503420000,
        "weightedAverageShsOutDil": 523152000,
        "link": "https://www.sec.gov/Archives/edgar/data/1001082/000155837020000945/0001558370-20-000945-index.htm",
        "finalLink": "https://www.sec.gov/Archives/edgar/data/1001082/000155837020000945/dish-20191231x10kce7e53.htm"
    },
    {
        "date": "2019-09-30",
        "symbol": "DISH",
        "reportedCurrency": "USD",
        "cik": "0001001082",
        "fillingDate": "2019-11-07",
        "acceptedDate": "2019-11-07 06:13:12",
        "calendarYear": "2019",
        "period": "Q3",
        "revenue": 3168363000,
        "costOfRevenue": 2368655000,
        "grossProfit": 799708000,
        "grossProfitRatio": 0.2524041595,
        "researchAndDevelopmentExpenses": 4000000,
        "generalAndAdministrativeExpenses": 176635000,
        "sellingAndMarketingExpenses": 0,
        "sellingGeneralAndAdministrativeExpenses": 176635000,
        "otherExpenses": 2369000,
        "operatingExpenses": 330816000,
        "costAndExpenses": 2699471000,
        "interestIncome": 32301000,
        "interestExpense": 6027000,
        "depreciationAndAmortization": 154181000,
        "ebitda": 652276000,
        "ebitdaratio": 0.2058716126,
        "operatingIncome": 468892000,
        "operatingIncomeRatio": 0.147991881,
        "totalOtherIncomeExpensesNet": 24478000,
        "incomeBeforeTax": 493370000,
        "incomeBeforeTaxRatio": 0.1557176372,
        "incomeTaxExpense": 116213000,
        "netIncome": 353304000,
        "netIncomeRatio": 0.1115099501,
        "eps": 0.74,
        "epsdiluted": 0.66,
        "weightedAverageShsOut": 477495000,
        "weightedAverageShsOutDil": 535746000,
        "link": "https://www.sec.gov/Archives/edgar/data/1001082/000155837019010263/0001558370-19-010263-index.htm",
        "finalLink": "https://www.sec.gov/Archives/edgar/data/1001082/000155837019010263/dish-20190930x10q816bfb.htm"
    },
    {
        "date": "2019-06-30",
        "symbol": "DISH",
        "reportedCurrency": "USD",
        "cik": "0001001082",
        "fillingDate": "2019-07-29",
        "acceptedDate": "2019-07-29 16:02:46",
        "calendarYear": "2019",
        "period": "Q2",
        "revenue": 3211312000,
        "costOfRevenue": 2428120000,
        "grossProfit": 783192000,
        "grossProfitRatio": 0.2438853652,
        "researchAndDevelopmentExpenses": 6000000,
        "generalAndAdministrativeExpenses": 202758000,
        "sellingAndMarketingExpenses": 0,
        "sellingGeneralAndAdministrativeExpenses": 202758000,
        "otherExpenses": -62000,
        "operatingExpenses": 352460000,
        "costAndExpenses": 2780580000,
        "interestIncome": 18476000,
        "interestExpense": 5650000,
        "depreciationAndAmortization": 149702000,
        "ebitda": 600904000,
        "ebitdaratio": 0.1871210272,
        "operatingIncome": 430732000,
        "operatingIncomeRatio": 0.1341296019,
        "totalOtherIncomeExpensesNet": 15658000,
        "incomeBeforeTax": 446390000,
        "incomeBeforeTaxRatio": 0.1390054906,
        "incomeTaxExpense": 105824000,
        "netIncome": 317043000,
        "netIncomeRatio": 0.0987269378,
        "eps": 0.68,
        "epsdiluted": 0.6,
        "weightedAverageShsOut": 469655000,
        "weightedAverageShsOutDil": 527983000,
        "link": "https://www.sec.gov/Archives/edgar/data/1001082/000155837019006461/0001558370-19-006461-index.htm",
        "finalLink": "https://www.sec.gov/Archives/edgar/data/1001082/000155837019006461/dish-20190630x10q.htm"
    },
    {
        "date": "2019-03-31",
        "symbol": "DISH",
        "reportedCurrency": "USD",
        "cik": "0001001082",
        "fillingDate": "2019-05-03",
        "acceptedDate": "2019-05-03 06:10:31",
        "calendarYear": "2019",
        "period": "Q1",
        "revenue": 3187144000,
        "costOfRevenue": 2378791000,
        "grossProfit": 808353000,
        "grossProfitRatio": 0.2536292681,
        "researchAndDevelopmentExpenses": 5000000,
        "generalAndAdministrativeExpenses": 198914000,
        "sellingAndMarketingExpenses": 0,
        "sellingGeneralAndAdministrativeExpenses": 198914000,
        "otherExpenses": 7536000,
        "operatingExpenses": 352053000,
        "costAndExpenses": 2730844000,
        "interestIncome": 15167000,
        "interestExpense": 5921000,
        "depreciationAndAmortization": 153139000,
        "ebitda": 631077000,
        "ebitdaratio": 0.1980070558,
        "operatingIncome": 456300000,
        "operatingIncomeRatio": 0.1431689312,
        "totalOtherIncomeExpensesNet": 18334000,
        "incomeBeforeTax": 474634000,
        "incomeBeforeTaxRatio": 0.1489214168,
        "incomeTaxExpense": 113335000,
        "netIncome": 339761000,
        "netIncomeRatio": 0.1066035924,
        "eps": 0.73,
        "epsdiluted": 0.65,
        "weightedAverageShsOut": 467953000,
        "weightedAverageShsOutDil": 526219000,
        "link": "https://www.sec.gov/Archives/edgar/data/1001082/000155837019003904/0001558370-19-003904-index.htm",
        "finalLink": "https://www.sec.gov/Archives/edgar/data/1001082/000155837019003904/dish-20190331x10q.htm"
    },
    {
        "date": "2018-12-31",
        "symbol": "DISH",
        "reportedCurrency": "USD",
        "cik": "0001001082",
        "fillingDate": "2019-02-13",
        "acceptedDate": "2019-02-13 06:33:09",
        "calendarYear": "2018",
        "period": "Q4",
        "revenue": 3306829000,
        "costOfRevenue": 2457112000,
        "grossProfit": 849717000,
        "grossProfitRatio": 0.2569582522,
        "researchAndDevelopmentExpenses": 6000000,
        "generalAndAdministrativeExpenses": 195900000,
        "sellingAndMarketingExpenses": 0,
        "sellingGeneralAndAdministrativeExpenses": 195900000,
        "otherExpenses": -105000,
        "operatingExpenses": 366965000,
        "costAndExpenses": 2824077000,
        "interestIncome": 14298000,
        "interestExpense": 3771000,
        "depreciationAndAmortization": 171065000,
        "ebitda": 669064000,
        "ebitdaratio": 0.2023279704,
        "operatingIncome": 482752000,
        "operatingIncomeRatio": 0.1459863815,
        "totalOtherIncomeExpensesNet": 10231000,
        "incomeBeforeTax": 492983000,
        "incomeBeforeTaxRatio": 0.149080282,
        "incomeTaxExpense": 135697000,
        "netIncome": 337080000,
        "netIncomeRatio": 0.1019345119,
        "eps": 0.72,
        "epsdiluted": 0.72,
        "weightedAverageShsOut": 462218296,
        "weightedAverageShsOutDil": 469800478,
        "link": "https://www.sec.gov/Archives/edgar/data/1001082/000155837019000607/0001558370-19-000607-index.htm",
        "finalLink": "https://www.sec.gov/Archives/edgar/data/1001082/000155837019000607/dish-20181231x10k.htm"
    },
    {
        "date": "2018-09-30",
        "symbol": "DISH",
        "reportedCurrency": "USD",
        "cik": "0001001082",
        "fillingDate": "2018-11-07",
        "acceptedDate": "2018-11-07 06:11:37",
        "calendarYear": "2018",
        "period": "Q3",
        "revenue": 3395141000,
        "costOfRevenue": 2487854000,
        "grossProfit": 907287000,
        "grossProfitRatio": 0.2672310222,
        "researchAndDevelopmentExpenses": 6000000,
        "generalAndAdministrativeExpenses": 169299000,
        "sellingAndMarketingExpenses": 0,
        "sellingGeneralAndAdministrativeExpenses": 169299000,
        "otherExpenses": 264000,
        "operatingExpenses": 344584000,
        "costAndExpenses": 2832438000,
        "interestIncome": 10525000,
        "interestExpense": 5413000,
        "depreciationAndAmortization": 175285000,
        "ebitda": 743408000,
        "ebitdaratio": 0.2189623347,
        "operatingIncome": 562703000,
        "operatingIncomeRatio": 0.1657377411,
        "totalOtherIncomeExpensesNet": 30585000,
        "incomeBeforeTax": 593288000,
        "incomeBeforeTaxRatio": 0.1747462035,
        "incomeTaxExpense": 140690000,
        "netIncome": 431734000,
        "netIncomeRatio": 0.1271623181,
        "eps": 0.92,
        "epsdiluted": 0.82,
        "weightedAverageShsOut": 469415966,
        "weightedAverageShsOutDil": 528071628,
        "link": "https://www.sec.gov/Archives/edgar/data/1001082/000155837018008710/0001558370-18-008710-index.htm",
        "finalLink": "https://www.sec.gov/Archives/edgar/data/1001082/000155837018008710/dish-20180930x10q.htm"
    },
    {
        "date": "2018-06-30",
        "symbol": "DISH",
        "reportedCurrency": "USD",
        "cik": "0001001082",
        "fillingDate": "2018-08-03",
        "acceptedDate": "2018-08-03 06:10:01",
        "calendarYear": "2018",
        "period": "Q2",
        "revenue": 3460845000,
        "costOfRevenue": 2524858000,
        "grossProfit": 935987000,
        "grossProfitRatio": 0.2704504247,
        "researchAndDevelopmentExpenses": 6000000,
        "generalAndAdministrativeExpenses": 190625000,
        "sellingAndMarketingExpenses": 0,
        "sellingGeneralAndAdministrativeExpenses": 190625000,
        "otherExpenses": 1376000,
        "operatingExpenses": 363327000,
        "costAndExpenses": 2888185000,
        "interestIncome": 10619000,
        "interestExpense": 2865000,
        "depreciationAndAmortization": 172702000,
        "ebitda": 758116000,
        "ebitdaratio": 0.2190551729,
        "operatingIncome": 572660000,
        "operatingIncomeRatio": 0.1654682599,
        "totalOtherIncomeExpensesNet": 29186000,
        "incomeBeforeTax": 601846000,
        "incomeBeforeTaxRatio": 0.1739014605,
        "incomeTaxExpense": 141560000,
        "netIncome": 438717000,
        "netIncomeRatio": 0.1267658621,
        "eps": 0.94,
        "epsdiluted": 0.83,
        "weightedAverageShsOut": 469270393,
        "weightedAverageShsOutDil": 527925051,
        "link": "https://www.sec.gov/Archives/edgar/data/1001082/000155837018006285/0001558370-18-006285-index.htm",
        "finalLink": "https://www.sec.gov/Archives/edgar/data/1001082/000155837018006285/dish-20180630x10q.htm"
    },
    {
        "date": "2018-03-31",
        "symbol": "DISH",
        "reportedCurrency": "USD",
        "cik": "0001001082",
        "fillingDate": "2018-05-08",
        "acceptedDate": "2018-05-08 06:14:20",
        "calendarYear": "2018",
        "period": "Q1",
        "revenue": 3458487000,
        "costOfRevenue": 2566232000,
        "grossProfit": 892255000,
        "grossProfitRatio": 0.2579899823,
        "researchAndDevelopmentExpenses": 6000000,
        "generalAndAdministrativeExpenses": 169777000,
        "sellingAndMarketingExpenses": 0,
        "sellingGeneralAndAdministrativeExpenses": 169777000,
        "otherExpenses": 468000,
        "operatingExpenses": 362749000,
        "costAndExpenses": 2928981000,
        "interestIncome": 9317000,
        "interestExpense": 2957000,
        "depreciationAndAmortization": 192972000,
        "ebitda": 733709000,
        "ebitdaratio": 0.2121473928,
        "operatingIncome": 529506000,
        "operatingIncomeRatio": 0.1531033657,
        "totalOtherIncomeExpensesNet": -28448000,
        "incomeBeforeTax": 501058000,
        "incomeBeforeTaxRatio": 0.1448778035,
        "incomeTaxExpense": 115737000,
        "netIncome": 367560000,
        "netIncomeRatio": 0.1062776873,
        "eps": 0.79,
        "epsdiluted": 0.7,
        "weightedAverageShsOut": 468484302,
        "weightedAverageShsOutDil": 527382919,
        "link": "https://www.sec.gov/Archives/edgar/data/1001082/000155837018004210/0001558370-18-004210-index.htm",
        "finalLink": "https://www.sec.gov/Archives/edgar/data/1001082/000155837018004210/dish-20180331x10q.htm"
    },
    {
        "date": "2017-12-31",
        "symbol": "DISH",
        "reportedCurrency": "USD",
        "cik": "0001001082",
        "fillingDate": "2018-02-21",
        "acceptedDate": "2018-02-21 06:24:28",
        "calendarYear": "2017",
        "period": "Q4",
        "revenue": 3483928000,
        "costOfRevenue": 2697527000,
        "grossProfit": 786401000,
        "grossProfitRatio": 0.2257225178,
        "researchAndDevelopmentExpenses": 9000000,
        "generalAndAdministrativeExpenses": 189253000,
        "sellingAndMarketingExpenses": 0,
        "sellingGeneralAndAdministrativeExpenses": 189253000,
        "otherExpenses": -1378000,
        "operatingExpenses": 381192000,
        "costAndExpenses": 3078719000,
        "interestIncome": 7027000,
        "interestExpense": 3363000,
        "depreciationAndAmortization": 191939000,
        "ebitda": 604960000,
        "ebitdaratio": 0.1736430833,
        "operatingIncome": 259291000,
        "operatingIncomeRatio": 0.074424902,
        "totalOtherIncomeExpensesNet": 59979000,
        "incomeBeforeTax": 319270000,
        "incomeBeforeTaxRatio": 0.0916408146,
        "incomeTaxExpense": -1082035000,
        "netIncome": 1385483000,
        "netIncomeRatio": 0.397678425,
        "eps": 2.96,
        "epsdiluted": 2.96,
        "weightedAverageShsOut": 460886965,
        "weightedAverageShsOutDil": 468484302,
        "link": "https://www.sec.gov/Archives/edgar/data/1001082/000155837018000826/0001558370-18-000826-index.htm",
        "finalLink": "https://www.sec.gov/Archives/edgar/data/1001082/000155837018000826/dish-20171231x10k.htm"
    },
    {
        "date": "2017-09-30",
        "symbol": "DISH",
        "reportedCurrency": "USD",
        "cik": "0001001082",
        "fillingDate": "2017-11-09",
        "acceptedDate": "2017-11-09 06:12:41",
        "calendarYear": "2017",
        "period": "Q3",
        "revenue": 3583454000,
        "costOfRevenue": 2738125000,
        "grossProfit": 845329000,
        "grossProfitRatio": 0.2358978237,
        "researchAndDevelopmentExpenses": 8000000,
        "generalAndAdministrativeExpenses": 186954000,
        "sellingAndMarketingExpenses": 0,
        "sellingGeneralAndAdministrativeExpenses": 186954000,
        "otherExpenses": 553000,
        "operatingExpenses": 396278000,
        "costAndExpenses": 3134403000,
        "interestIncome": 7240000,
        "interestExpense": 4370000,
        "depreciationAndAmortization": 209324000,
        "ebitda": 666168000,
        "ebitdaratio": 0.1859010887,
        "operatingIncome": 449051000,
        "operatingIncomeRatio": 0.1253123383,
        "totalOtherIncomeExpensesNet": 43131000,
        "incomeBeforeTax": 492182000,
        "incomeBeforeTaxRatio": 0.1373484911,
        "incomeTaxExpense": 176917000,
        "netIncome": 297375000,
        "netIncomeRatio": 0.0829855776,
        "eps": 0.64,
        "epsdiluted": 0.57,
        "weightedAverageShsOut": 468080715,
        "weightedAverageShsOutDil": 527319671,
        "link": "https://www.sec.gov/Archives/edgar/data/1001082/000155837017008616/0001558370-17-008616-index.htm",
        "finalLink": "https://www.sec.gov/Archives/edgar/data/1001082/000155837017008616/dish-20170930x10q.htm"
    },
    {
        "date": "2017-06-30",
        "symbol": "DISH",
        "reportedCurrency": "USD",
        "cik": "0001001082",
        "fillingDate": "2017-08-03",
        "acceptedDate": "2017-08-03 06:11:21",
        "calendarYear": "2017",
        "period": "Q2",
        "revenue": 3643632000,
        "costOfRevenue": 2704351000,
        "grossProfit": 939281000,
        "grossProfitRatio": 0.2577870103,
        "researchAndDevelopmentExpenses": 9000000,
        "generalAndAdministrativeExpenses": 179812000,
        "sellingAndMarketingExpenses": 0,
        "sellingGeneralAndAdministrativeExpenses": 179812000,
        "otherExpenses": 680000,
        "operatingExpenses": 391483000,
        "costAndExpenses": 3095834000,
        "interestIncome": 12447000,
        "interestExpense": 26269000,
        "depreciationAndAmortization": 211671000,
        "ebitda": 772596000,
        "ebitdaratio": 0.2120400743,
        "operatingIncome": 252103000,
        "operatingIncomeRatio": 0.069190028,
        "totalOtherIncomeExpensesNet": -10655000,
        "incomeBeforeTax": 241448000,
        "incomeBeforeTaxRatio": 0.066265748,
        "incomeTaxExpense": 182686000,
        "netIncome": 40116000,
        "netIncomeRatio": 0.0110098934,
        "eps": 0.0896,
        "epsdiluted": 0.0896,
        "weightedAverageShsOut": 467858843,
        "weightedAverageShsOutDil": 468778459,
        "link": "https://www.sec.gov/Archives/edgar/data/1001082/000155837017005767/0001558370-17-005767-index.htm",
        "finalLink": "https://www.sec.gov/Archives/edgar/data/1001082/000155837017005767/dish-20170630x10q.htm"
    },
    {
        "date": "2017-03-31",
        "symbol": "DISH",
        "reportedCurrency": "USD",
        "cik": "0001001082",
        "fillingDate": "2017-05-01",
        "acceptedDate": "2017-05-01 06:44:17",
        "calendarYear": "2017",
        "period": "Q1",
        "revenue": 3680361000,
        "costOfRevenue": 2737376000,
        "grossProfit": 942985000,
        "grossProfitRatio": 0.2562207892,
        "researchAndDevelopmentExpenses": 7000000,
        "generalAndAdministrativeExpenses": 131035000,
        "sellingAndMarketingExpenses": 0,
        "sellingGeneralAndAdministrativeExpenses": 131035000,
        "otherExpenses": 2473000,
        "operatingExpenses": 335665000,
        "costAndExpenses": 3073041000,
        "interestIncome": 14292000,
        "interestExpense": 29170000,
        "depreciationAndAmortization": 204630000,
        "ebitda": 828715000,
        "ebitdaratio": 0.2251722046,
        "operatingIncome": 607320000,
        "operatingIncomeRatio": 0.1650164209,
        "totalOtherIncomeExpensesNet": -10133000,
        "incomeBeforeTax": 597187000,
        "incomeBeforeTaxRatio": 0.1622631584,
        "incomeTaxExpense": 207112000,
        "netIncome": 375715000,
        "netIncomeRatio": 0.1020864529,
        "eps": 0.81,
        "epsdiluted": 0.76,
        "weightedAverageShsOut": 467249446,
        "weightedAverageShsOutDil": 516474020,
        "link": "https://www.sec.gov/Archives/edgar/data/1001082/000155837017003130/0001558370-17-003130-index.htm",
        "finalLink": "https://www.sec.gov/Archives/edgar/data/1001082/000155837017003130/dish-20170331x10q.htm"
    },
    {
        "date": "2016-12-31",
        "symbol": "DISH",
        "reportedCurrency": "USD",
        "cik": "0001001082",
        "fillingDate": "2017-02-22",
        "acceptedDate": "2017-02-22 06:24:19",
        "calendarYear": "2016",
        "period": "Q4",
        "revenue": 3724180000,
        "costOfRevenue": 2747062000,
        "grossProfit": 977118000,
        "grossProfitRatio": 0.262371314,
        "researchAndDevelopmentExpenses": 7000000,
        "generalAndAdministrativeExpenses": 198880000,
        "sellingAndMarketingExpenses": 0,
        "sellingGeneralAndAdministrativeExpenses": 198880000,
        "otherExpenses": 51000,
        "operatingExpenses": 436296000,
        "costAndExpenses": 3183358000,
        "interestIncome": 10838000,
        "interestExpense": 29288000,
        "depreciationAndAmortization": 237416000,
        "ebitda": 789127000,
        "ebitdaratio": 0.2118928194,
        "operatingIncome": 540822000,
        "operatingIncomeRatio": 0.1452190818,
        "totalOtherIncomeExpensesNet": -15377000,
        "incomeBeforeTax": 525445000,
        "incomeBeforeTaxRatio": 0.1410901192,
        "incomeTaxExpense": 181464000,
        "netIncome": 342673000,
        "netIncomeRatio": 0.0920130069,
        "eps": 0.73,
        "epsdiluted": 0.73,
        "weightedAverageShsOut": 466955291,
        "weightedAverageShsOutDil": 467249446,
        "link": "https://www.sec.gov/Archives/edgar/data/1001082/000155837017000748/0001558370-17-000748-index.htm",
        "finalLink": "https://www.sec.gov/Archives/edgar/data/1001082/000155837017000748/dish-20161231x10k.htm"
    },
    {
        "date": "2016-09-30",
        "symbol": "DISH",
        "reportedCurrency": "USD",
        "cik": "0001001082",
        "fillingDate": "2016-11-09",
        "acceptedDate": "2016-11-09 06:07:37",
        "calendarYear": "2016",
        "period": "Q3",
        "revenue": 3746111000,
        "costOfRevenue": 2821804000,
        "grossProfit": 924307000,
        "grossProfitRatio": 0.2467377502,
        "researchAndDevelopmentExpenses": 10000000,
        "generalAndAdministrativeExpenses": 195503000,
        "sellingAndMarketingExpenses": 0,
        "sellingGeneralAndAdministrativeExpenses": 195503000,
        "otherExpenses": 45000,
        "operatingExpenses": 427987000,
        "costAndExpenses": 3249791000,
        "interestIncome": 7385000,
        "interestExpense": 19666000,
        "depreciationAndAmortization": 232484000,
        "ebitda": 736234000,
        "ebitdaratio": 0.1965328844,
        "operatingIncome": 496320000,
        "operatingIncomeRatio": 0.1324894003,
        "totalOtherIncomeExpensesNet": -9178000,
        "incomeBeforeTax": 487142000,
        "incomeBeforeTaxRatio": 0.1300393929,
        "incomeTaxExpense": 174935000,
        "netIncome": 307426000,
        "netIncomeRatio": 0.0820653739,
        "eps": 0.68,
        "epsdiluted": 0.67,
        "weightedAverageShsOut": 466762531,
        "weightedAverageShsOutDil": 494915241,
        "link": "https://www.sec.gov/Archives/edgar/data/1001082/000155837016009751/0001558370-16-009751-index.htm",
        "finalLink": "https://www.sec.gov/Archives/edgar/data/1001082/000155837016009751/dish-20160930x10q.htm"
    },
    {
        "date": "2016-06-30",
        "symbol": "DISH",
        "reportedCurrency": "USD",
        "cik": "0001001082",
        "fillingDate": "2016-07-21",
        "acceptedDate": "2016-07-21 06:16:51",
        "calendarYear": "2016",
        "period": "Q2",
        "revenue": 3837036000,
        "costOfRevenue": 2785920000,
        "grossProfit": 1051116000,
        "grossProfitRatio": 0.2739395721,
        "researchAndDevelopmentExpenses": 12000000,
        "generalAndAdministrativeExpenses": 187672000,
        "sellingAndMarketingExpenses": 0,
        "sellingGeneralAndAdministrativeExpenses": 187672000,
        "otherExpenses": -2091000,
        "operatingExpenses": 437291000,
        "costAndExpenses": 3223211000,
        "interestIncome": 8988000,
        "interestExpense": 3371000,
        "depreciationAndAmortization": 249619000,
        "ebitda": 870341000,
        "ebitdaratio": 0.2268263837,
        "operatingIncome": 613825000,
        "operatingIncomeRatio": 0.1599737401,
        "totalOtherIncomeExpensesNet": 49558000,
        "incomeBeforeTax": 663383000,
        "incomeBeforeTaxRatio": 0.1728894386,
        "incomeTaxExpense": 245077000,
        "netIncome": 410464000,
        "netIncomeRatio": 0.1069742374,
        "eps": 0.91,
        "epsdiluted": 0.91,
        "weightedAverageShsOut": 466638042,
        "weightedAverageShsOutDil": 467478346,
        "link": "https://www.sec.gov/Archives/edgar/data/1001082/000155837016006688/0001558370-16-006688-index.htm",
        "finalLink": "https://www.sec.gov/Archives/edgar/data/1001082/000155837016006688/dish-20160630x10q.htm"
    },
    {
        "date": "2016-03-31",
        "symbol": "DISH",
        "reportedCurrency": "USD",
        "cik": "0001001082",
        "fillingDate": "2016-04-20",
        "acceptedDate": "2016-04-20 06:09:40",
        "calendarYear": "2016",
        "period": "Q1",
        "revenue": 3787235000,
        "costOfRevenue": 2792297000,
        "grossProfit": 994938000,
        "grossProfitRatio": 0.2627082819,
        "researchAndDevelopmentExpenses": 12000000,
        "generalAndAdministrativeExpenses": 201169000,
        "sellingAndMarketingExpenses": 0,
        "sellingGeneralAndAdministrativeExpenses": 201169000,
        "otherExpenses": 85000,
        "operatingExpenses": 434796000,
        "costAndExpenses": 3227093000,
        "interestIncome": 3953000,
        "interestExpense": 667000,
        "depreciationAndAmortization": 233627000,
        "ebitda": 797807000,
        "ebitdaratio": 0.2106568512,
        "operatingIncome": 560142000,
        "operatingIncomeRatio": 0.1479026255,
        "totalOtherIncomeExpensesNet": 70351000,
        "incomeBeforeTax": 630493000,
        "incomeBeforeTaxRatio": 0.1664784467,
        "incomeTaxExpense": 235533000,
        "netIncome": 389290000,
        "netIncomeRatio": 0.1027900302,
        "eps": 0.86,
        "epsdiluted": 0.86,
        "weightedAverageShsOut": 466208352,
        "weightedAverageShsOutDil": 467055684,
        "link": "https://www.sec.gov/Archives/edgar/data/1001082/000155837016004731/0001558370-16-004731-index.htm",
        "finalLink": "https://www.sec.gov/Archives/edgar/data/1001082/000155837016004731/dish-20160331x10q.htm"
    },
    {
        "date": "2015-12-31",
        "symbol": "DISH",
        "reportedCurrency": "USD",
        "cik": "0001001082",
        "fillingDate": "2016-02-18",
        "acceptedDate": "2016-02-18 06:16:43",
        "calendarYear": "2015",
        "period": "Q4",
        "revenue": 3778683000,
        "costOfRevenue": 2812818000,
        "grossProfit": 965865000,
        "grossProfitRatio": 0.2556088987,
        "researchAndDevelopmentExpenses": 0,
        "generalAndAdministrativeExpenses": 215379000,
        "sellingAndMarketingExpenses": 0,
        "sellingGeneralAndAdministrativeExpenses": 215379000,
        "otherExpenses": -2318000,
        "operatingExpenses": 454132000,
        "costAndExpenses": 3266950000,
        "interestIncome": 4140000,
        "interestExpense": 42112000,
        "depreciationAndAmortization": 238753000,
        "ebitda": 752308000,
        "ebitdaratio": 0.1990926468,
        "operatingIncome": -127174000,
        "operatingIncomeRatio": -0.0336556414,
        "totalOtherIncomeExpensesNet": -44478000,
        "incomeBeforeTax": -171652000,
        "incomeBeforeTaxRatio": -0.0454264091,
        "incomeTaxExpense": -52740000,
        "netIncome": -125295000,
        "netIncomeRatio": -0.0331583782,
        "eps": -0.27,
        "epsdiluted": -0.27,
        "weightedAverageShsOut": 465590925,
        "weightedAverageShsOutDil": 466208352,
        "link": "https://www.sec.gov/Archives/edgar/data/1001082/000155837016003267/0001558370-16-003267-index.htm",
        "finalLink": "https://www.sec.gov/Archives/edgar/data/1001082/000155837016003267/dish-20151231x10k.htm"
    },
    {
        "date": "2015-09-30",
        "symbol": "DISH",
        "reportedCurrency": "USD",
        "cik": "0001001082",
        "fillingDate": "2015-11-09",
        "acceptedDate": "2015-11-09 06:07:42",
        "calendarYear": "2015",
        "period": "Q3",
        "revenue": 3733565000,
        "costOfRevenue": 2852994000,
        "grossProfit": 880571000,
        "grossProfitRatio": 0.2358525966,
        "researchAndDevelopmentExpenses": 0,
        "generalAndAdministrativeExpenses": 186654000,
        "sellingAndMarketingExpenses": 0,
        "sellingGeneralAndAdministrativeExpenses": 186654000,
        "otherExpenses": 71000,
        "operatingExpenses": 438851000,
        "costAndExpenses": 3291845000,
        "interestIncome": 3273000,
        "interestExpense": 142834000,
        "depreciationAndAmortization": 252197000,
        "ebitda": 697261000,
        "ebitdaratio": 0.1867547505,
        "operatingIncome": 441720000,
        "operatingIncomeRatio": 0.1183105156,
        "totalOtherIncomeExpensesNet": -110779000,
        "incomeBeforeTax": 330941000,
        "incomeBeforeTaxRatio": 0.0886394103,
        "incomeTaxExpense": 128331000,
        "netIncome": 196479000,
        "netIncomeRatio": 0.052625038,
        "eps": 0.42,
        "epsdiluted": 0.42,
        "weightedAverageShsOut": 465018674,
        "weightedAverageShsOutDil": 466536643,
        "link": "https://www.sec.gov/Archives/edgar/data/1001082/000155837015002472/0001558370-15-002472-index.htm",
        "finalLink": "https://www.sec.gov/Archives/edgar/data/1001082/000155837015002472/dish-20150930x10q.htm"
    },
    {
        "date": "2015-06-30",
        "symbol": "DISH",
        "reportedCurrency": "USD",
        "cik": "0001001082",
        "fillingDate": "2015-08-05",
        "acceptedDate": "2015-08-05 06:04:52",
        "calendarYear": "2015",
        "period": "Q2",
        "revenue": 3832425000,
        "costOfRevenue": 2859486000,
        "grossProfit": 972939000,
        "grossProfitRatio": 0.2538703301,
        "researchAndDevelopmentExpenses": 0,
        "generalAndAdministrativeExpenses": 176066000,
        "sellingAndMarketingExpenses": 0,
        "sellingGeneralAndAdministrativeExpenses": 176066000,
        "otherExpenses": -225000,
        "operatingExpenses": 438952000,
        "costAndExpenses": 3298438000,
        "interestIncome": 3616000,
        "interestExpense": 152751000,
        "depreciationAndAmortization": 262886000,
        "ebitda": 800264000,
        "ebitdaratio": 0.2088140016,
        "operatingIncome": 533987000,
        "operatingIncomeRatio": 0.1393339726,
        "totalOtherIncomeExpensesNet": -13657000,
        "incomeBeforeTax": 520330000,
        "incomeBeforeTaxRatio": 0.1357704326,
        "incomeTaxExpense": 188004000,
        "netIncome": 324423000,
        "netIncomeRatio": 0.0846521458,
        "eps": 0.7,
        "epsdiluted": 0.7,
        "weightedAverageShsOut": 464756643,
        "weightedAverageShsOutDil": 466469378,
        "link": "https://www.sec.gov/Archives/edgar/data/1001082/000110465915056055/0001104659-15-056055-index.htm",
        "finalLink": "https://www.sec.gov/Archives/edgar/data/1001082/000110465915056055/a15-12058_110q.htm"
    },
    {
        "date": "2015-03-31",
        "symbol": "DISH",
        "reportedCurrency": "USD",
        "cik": "0001001082",
        "fillingDate": "2015-05-11",
        "acceptedDate": "2015-05-11 06:06:01",
        "calendarYear": "2015",
        "period": "Q1",
        "revenue": 3724228000,
        "costOfRevenue": 2785973000,
        "grossProfit": 938255000,
        "grossProfitRatio": 0.2519327496,
        "researchAndDevelopmentExpenses": 0,
        "generalAndAdministrativeExpenses": 208180000,
        "sellingAndMarketingExpenses": 0,
        "sellingGeneralAndAdministrativeExpenses": 208180000,
        "otherExpenses": -6735000,
        "operatingExpenses": 454392000,
        "costAndExpenses": 3240365000,
        "interestIncome": 8494000,
        "interestExpense": 156313000,
        "depreciationAndAmortization": 246212000,
        "ebitda": 731834000,
        "ebitdaratio": 0.1965062289,
        "operatingIncome": 483863000,
        "operatingIncomeRatio": 0.1299230337,
        "totalOtherIncomeExpensesNet": -27530000,
        "incomeBeforeTax": 456333000,
        "incomeBeforeTaxRatio": 0.1225308977,
        "incomeTaxExpense": 103081000,
        "netIncome": 351485000,
        "netIncomeRatio": 0.0943779489,
        "eps": 0.76,
        "epsdiluted": 0.76,
        "weightedAverageShsOut": 463914331,
        "weightedAverageShsOutDil": 465878053,
        "link": "https://www.sec.gov/Archives/edgar/data/1001082/000110465915036443/0001104659-15-036443-index.htm",
        "finalLink": "https://www.sec.gov/Archives/edgar/data/1001082/000110465915036443/a15-7829_110q.htm"
    },
    {
        "date": "2014-12-31",
        "symbol": "DISH",
        "reportedCurrency": "USD",
        "cik": "0001001082",
        "fillingDate": "2015-02-23",
        "acceptedDate": "2015-02-23 06:05:52",
        "calendarYear": "2014",
        "period": "Q4",
        "revenue": 3681719000,
        "costOfRevenue": 2633292000,
        "grossProfit": 1048427000,
        "grossProfitRatio": 0.2847656217,
        "researchAndDevelopmentExpenses": 0,
        "generalAndAdministrativeExpenses": 226596000,
        "sellingAndMarketingExpenses": 0,
        "sellingGeneralAndAdministrativeExpenses": 226596000,
        "otherExpenses": -1880000,
        "operatingExpenses": 513527000,
        "costAndExpenses": 3146819000,
        "interestIncome": 15356000,
        "interestExpense": 139041000,
        "depreciationAndAmortization": 286931000,
        "ebitda": 835307000,
        "ebitdaratio": 0.2268796179,
        "operatingIncome": 534900000,
        "operatingIncomeRatio": 0.1452853952,
        "totalOtherIncomeExpensesNet": -140582000,
        "incomeBeforeTax": 394318000,
        "incomeBeforeTaxRatio": 0.1071016012,
        "incomeTaxExpense": -13603000,
        "netIncome": 409930000,
        "netIncomeRatio": 0.1113420117,
        "eps": 0.88,
        "epsdiluted": 0.88,
        "weightedAverageShsOut": 463261764,
        "weightedAverageShsOutDil": 463914331,
        "link": "https://www.sec.gov/Archives/edgar/data/1001082/000110465915012777/0001104659-15-012777-index.htm",
        "finalLink": "https://www.sec.gov/Archives/edgar/data/1001082/000110465915012777/a14-26838_110k.htm"
    },
    {
        "date": "2014-09-30",
        "symbol": "DISH",
        "reportedCurrency": "USD",
        "cik": "0001001082",
        "fillingDate": "2014-11-04",
        "acceptedDate": "2014-11-04 06:05:58",
        "calendarYear": "2014",
        "period": "Q3",
        "revenue": 3679351000,
        "costOfRevenue": 2824576000,
        "grossProfit": 854775000,
        "grossProfitRatio": 0.2323167863,
        "researchAndDevelopmentExpenses": 0,
        "generalAndAdministrativeExpenses": 196376000,
        "sellingAndMarketingExpenses": 0,
        "sellingGeneralAndAdministrativeExpenses": 196376000,
        "otherExpenses": -3687000,
        "operatingExpenses": 466266000,
        "costAndExpenses": 3290842000,
        "interestIncome": 14109000,
        "interestExpense": 143405000,
        "depreciationAndAmortization": 269890000,
        "ebitda": 668821000,
        "ebitdaratio": 0.1817768949,
        "operatingIncome": 388509000,
        "operatingIncomeRatio": 0.1055917198,
        "totalOtherIncomeExpensesNet": -185385000,
        "incomeBeforeTax": 203124000,
        "incomeBeforeTaxRatio": 0.0552064753,
        "incomeTaxExpense": 60089000,
        "netIncome": 145519000,
        "netIncomeRatio": 0.0395501815,
        "eps": 0.32,
        "epsdiluted": 0.31,
        "weightedAverageShsOut": 462573056,
        "weightedAverageShsOutDil": 465030721,
        "link": "https://www.sec.gov/Archives/edgar/data/1001082/000110465914076143/0001104659-14-076143-index.htm",
        "finalLink": "https://www.sec.gov/Archives/edgar/data/1001082/000110465914076143/a14-19752_110q.htm"
    },
    {
        "date": "2014-06-30",
        "symbol": "DISH",
        "reportedCurrency": "USD",
        "cik": "0001001082",
        "fillingDate": "2014-08-06",
        "acceptedDate": "2014-08-06 06:06:41",
        "calendarYear": "2014",
        "period": "Q2",
        "revenue": 3688119000,
        "costOfRevenue": 2771820000,
        "grossProfit": 916299000,
        "grossProfitRatio": 0.2484461591,
        "researchAndDevelopmentExpenses": 0,
        "generalAndAdministrativeExpenses": 189660000,
        "sellingAndMarketingExpenses": 0,
        "sellingGeneralAndAdministrativeExpenses": 189660000,
        "otherExpenses": 407000,
        "operatingExpenses": 461555000,
        "costAndExpenses": 3233375000,
        "interestIncome": 18212000,
        "interestExpense": 152769000,
        "depreciationAndAmortization": 271895000,
        "ebitda": 745258000,
        "ebitdaratio": 0.2020699441,
        "operatingIncome": 454744000,
        "operatingIncomeRatio": 0.1232997091,
        "totalOtherIncomeExpensesNet": -125723000,
        "incomeBeforeTax": 329021000,
        "incomeBeforeTaxRatio": 0.0892110585,
        "incomeTaxExpense": 121892000,
        "netIncome": 213313000,
        "netIncomeRatio": 0.0578378843,
        "eps": 0.46,
        "epsdiluted": 0.46,
        "weightedAverageShsOut": 461678539,
        "weightedAverageShsOutDil": 464433372,
        "link": "https://www.sec.gov/Archives/edgar/data/1001082/000110465914057137/0001104659-14-057137-index.htm",
        "finalLink": "https://www.sec.gov/Archives/edgar/data/1001082/000110465914057137/a14-14029_110q.htm"
    },
    {
        "date": "2014-03-31",
        "symbol": "DISH",
        "reportedCurrency": "USD",
        "cik": "0001001082",
        "fillingDate": "2014-05-08",
        "acceptedDate": "2014-05-08 06:02:08",
        "calendarYear": "2014",
        "period": "Q1",
        "revenue": 3594198000,
        "costOfRevenue": 2695567000,
        "grossProfit": 898631000,
        "grossProfitRatio": 0.2500226754,
        "researchAndDevelopmentExpenses": 0,
        "generalAndAdministrativeExpenses": 203113000,
        "sellingAndMarketingExpenses": 0,
        "sellingGeneralAndAdministrativeExpenses": 203113000,
        "otherExpenses": -3668000,
        "operatingExpenses": 452333000,
        "costAndExpenses": 3147900000,
        "interestIncome": 14164000,
        "interestExpense": 175994000,
        "depreciationAndAmortization": 249220000,
        "ebitda": 706014000,
        "ebitdaratio": 0.1964315822,
        "operatingIncome": 446298000,
        "operatingIncomeRatio": 0.1241717902,
        "totalOtherIncomeExpensesNet": -167019000,
        "incomeBeforeTax": 279279000,
        "incomeBeforeTaxRatio": 0.0777027309,
        "incomeTaxExpense": 108462000,
        "netIncome": 175931000,
        "netIncomeRatio": 0.0489486111,
        "eps": 0.38,
        "epsdiluted": 0.38,
        "weightedAverageShsOut": 460231850,
        "weightedAverageShsOutDil": 463182453,
        "link": "https://www.sec.gov/Archives/edgar/data/1001082/000110465914036027/0001104659-14-036027-index.htm",
        "finalLink": "https://www.sec.gov/Archives/edgar/data/1001082/000110465914036027/a14-9574_110q.htm"
    },
    {
        "date": "2013-12-31",
        "symbol": "DISH",
        "reportedCurrency": "USD",
        "cik": "0001001082",
        "fillingDate": "2014-02-21",
        "acceptedDate": "2014-02-21 06:05:59",
        "calendarYear": "2013",
        "period": "Q4",
        "revenue": 3141931000,
        "costOfRevenue": 2422948000,
        "grossProfit": 718983000,
        "grossProfitRatio": 0.2288347516,
        "researchAndDevelopmentExpenses": 0,
        "generalAndAdministrativeExpenses": -17437000,
        "sellingAndMarketingExpenses": 0,
        "sellingGeneralAndAdministrativeExpenses": -17437000,
        "otherExpenses": -8054000,
        "operatingExpenses": 241151000,
        "costAndExpenses": 2664099000,
        "interestIncome": 27534000,
        "interestExpense": 179255000,
        "depreciationAndAmortization": 258588000,
        "ebitda": 755900000,
        "ebitdaratio": 0.2405845323,
        "operatingIncome": 477832000,
        "operatingIncomeRatio": 0.1520822704,
        "totalOtherIncomeExpensesNet": 20407000,
        "incomeBeforeTax": 498239000,
        "incomeBeforeTaxRatio": 0.1585773208,
        "incomeTaxExpense": 167742000,
        "netIncome": 288038000,
        "netIncomeRatio": 0.0916754696,
        "eps": 0.63,
        "epsdiluted": 0.63,
        "weightedAverageShsOut": 459868420,
        "weightedAverageShsOutDil": 460231850,
        "link": "https://www.sec.gov/Archives/edgar/data/1001082/000110465914012023/0001104659-14-012023-index.htm",
        "finalLink": "https://www.sec.gov/Archives/edgar/data/1001082/000110465914012023/a13-26242_110k.htm"
    },
    {
        "date": "2013-09-30",
        "symbol": "DISH",
        "reportedCurrency": "USD",
        "cik": "0001001082",
        "fillingDate": "2013-11-12",
        "acceptedDate": "2013-11-12 06:14:32",
        "calendarYear": "2013",
        "period": "Q3",
        "revenue": 3601577000,
        "costOfRevenue": 2695991000,
        "grossProfit": 905586000,
        "grossProfitRatio": 0.2514415213,
        "researchAndDevelopmentExpenses": 0,
        "generalAndAdministrativeExpenses": 247528000,
        "sellingAndMarketingExpenses": 0,
        "sellingGeneralAndAdministrativeExpenses": 247528000,
        "otherExpenses": 5534000,
        "operatingExpenses": 508165000,
        "costAndExpenses": 3204156000,
        "interestIncome": 39994000,
        "interestExpense": 189474000,
        "depreciationAndAmortization": 260637000,
        "ebitda": 703586000,
        "ebitdaratio": 0.1953549792,
        "operatingIncome": 397421000,
        "operatingIncomeRatio": 0.1103463844,
        "totalOtherIncomeExpensesNet": -43733000,
        "incomeBeforeTax": 353688000,
        "incomeBeforeTaxRatio": 0.098203648,
        "incomeTaxExpense": 42698000,
        "netIncome": 314908000,
        "netIncomeRatio": 0.0874361426,
        "eps": 0.69,
        "epsdiluted": 0.68,
        "weightedAverageShsOut": 459182724,
        "weightedAverageShsOutDil": 462533902,
        "link": "https://www.sec.gov/Archives/edgar/data/1001082/000110465913083153/0001104659-13-083153-index.htm",
        "finalLink": "https://www.sec.gov/Archives/edgar/data/1001082/000110465913083153/a13-19444_110q.htm"
    },
    {
        "date": "2013-06-30",
        "symbol": "DISH",
        "reportedCurrency": "USD",
        "cik": "0001001082",
        "fillingDate": "2013-08-06",
        "acceptedDate": "2013-08-06 06:06:53",
        "calendarYear": "2013",
        "period": "Q2",
        "revenue": 3606133000,
        "costOfRevenue": 2571235000,
        "grossProfit": 1034898000,
        "grossProfitRatio": 0.2869827596,
        "researchAndDevelopmentExpenses": 0,
        "generalAndAdministrativeExpenses": 276176000,
        "sellingAndMarketingExpenses": 0,
        "sellingGeneralAndAdministrativeExpenses": 276176000,
        "otherExpenses": 1123000,
        "operatingExpenses": 576650000,
        "costAndExpenses": 3147885000,
        "interestIncome": 43843000,
        "interestExpense": 214870000,
        "depreciationAndAmortization": 300474000,
        "ebitda": 803688000,
        "ebitdaratio": 0.222866988,
        "operatingIncome": 20673000,
        "operatingIncomeRatio": 0.0057327337,
        "totalOtherIncomeExpensesNet": -73786000,
        "incomeBeforeTax": -53113000,
        "incomeBeforeTaxRatio": -0.0147285194,
        "incomeTaxExpense": -38039000,
        "netIncome": -11052000,
        "netIncomeRatio": -0.0030647788,
        "eps": -0.0243,
        "epsdiluted": -0.0242,
        "weightedAverageShsOut": 455453223,
        "weightedAverageShsOutDil": 457250124,
        "link": "https://www.sec.gov/Archives/edgar/data/1001082/000110465913060075/0001104659-13-060075-index.htm",
        "finalLink": "https://www.sec.gov/Archives/edgar/data/1001082/000110465913060075/a13-13768_110q.htm"
    },
    {
        "date": "2013-03-31",
        "symbol": "DISH",
        "reportedCurrency": "USD",
        "cik": "0001001082",
        "fillingDate": "2013-05-09",
        "acceptedDate": "2013-05-09 06:02:58",
        "calendarYear": "2013",
        "period": "Q1",
        "revenue": 3555224000,
        "costOfRevenue": 2598200000,
        "grossProfit": 957024000,
        "grossProfitRatio": 0.2691881018,
        "researchAndDevelopmentExpenses": 0,
        "generalAndAdministrativeExpenses": 270444000,
        "sellingAndMarketingExpenses": 0,
        "sellingGeneralAndAdministrativeExpenses": 270444000,
        "otherExpenses": -1522000,
        "operatingExpenses": 504771000,
        "costAndExpenses": 3102971000,
        "interestIncome": 37494000,
        "interestExpense": 161386000,
        "depreciationAndAmortization": 234327000,
        "ebitda": 722552000,
        "ebitdaratio": 0.2032367018,
        "operatingIncome": 452253000,
        "operatingIncomeRatio": 0.1272080184,
        "totalOtherIncomeExpensesNet": -114152000,
        "incomeBeforeTax": 338101000,
        "incomeBeforeTaxRatio": 0.0950997743,
        "incomeTaxExpense": 127425000,
        "netIncome": 215598000,
        "netIncomeRatio": 0.0606425924,
        "eps": 0.48,
        "epsdiluted": 0.47,
        "weightedAverageShsOut": 455031399,
        "weightedAverageShsOutDil": 457993046,
        "link": "https://www.sec.gov/Archives/edgar/data/1001082/000110465913039090/0001104659-13-039090-index.htm",
        "finalLink": "https://www.sec.gov/Archives/edgar/data/1001082/000110465913039090/a13-8448_110q.htm"
    },
    {
        "date": "2012-12-31",
        "symbol": "DISH",
        "reportedCurrency": "USD",
        "cik": "0001001082",
        "fillingDate": "2013-02-20",
        "acceptedDate": "2013-02-20 06:02:41",
        "calendarYear": "2012",
        "period": "Q4",
        "revenue": 3589510000,
        "costOfRevenue": 2576286000,
        "grossProfit": 1013224000,
        "grossProfitRatio": 0.2822736251,
        "researchAndDevelopmentExpenses": 0,
        "generalAndAdministrativeExpenses": 69803000,
        "sellingAndMarketingExpenses": 249491000,
        "sellingGeneralAndAdministrativeExpenses": 319294000,
        "otherExpenses": 239829000,
        "operatingExpenses": 559123000,
        "costAndExpenses": 3135409000,
        "interestIncome": 37925000,
        "interestExpense": 145747000,
        "depreciationAndAmortization": 239829000,
        "ebitda": 732832000,
        "ebitdaratio": 0.2041593421,
        "operatingIncome": 454101000,
        "operatingIncomeRatio": 0.1265077963,
        "totalOtherIncomeExpensesNet": -132196000,
        "incomeBeforeTax": 321905000,
        "incomeBeforeTaxRatio": 0.0896793713,
        "incomeTaxExpense": 118558000,
        "netIncome": 209106000,
        "netIncomeRatio": 0.0582547479,
        "eps": 0.46,
        "epsdiluted": 0.46,
        "weightedAverageShsOut": 454201135,
        "weightedAverageShsOutDil": 455031399,
        "link": "https://www.sec.gov/Archives/edgar/data/1001082/000110465913011967/0001104659-13-011967-index.htm",
        "finalLink": "https://www.sec.gov/Archives/edgar/data/1001082/000110465913011967/a13-1215_110k.htm"
    },
    {
        "date": "2012-09-30",
        "symbol": "DISH",
        "reportedCurrency": "USD",
        "cik": "0001001082",
        "fillingDate": "2012-11-06",
        "acceptedDate": "2012-11-06 06:02:58",
        "calendarYear": "2012",
        "period": "Q3",
        "revenue": 3523347000,
        "costOfRevenue": 2500152000,
        "grossProfit": 1023195000,
        "grossProfitRatio": 0.2904042662,
        "researchAndDevelopmentExpenses": 0,
        "generalAndAdministrativeExpenses": 20763000,
        "sellingAndMarketingExpenses": 309601000,
        "sellingGeneralAndAdministrativeExpenses": 330364000,
        "otherExpenses": 235403000,
        "operatingExpenses": 565767000,
        "costAndExpenses": 3065919000,
        "interestIncome": 34304000,
        "interestExpense": 143818000,
        "depreciationAndAmortization": 235403000,
        "ebitda": 727135000,
        "ebitdaratio": 0.2063762099,
        "operatingIncome": -273029000,
        "operatingIncomeRatio": -0.077491374,
        "totalOtherIncomeExpensesNet": -39683000,
        "incomeBeforeTax": -312712000,
        "incomeBeforeTaxRatio": -0.0887542442,
        "incomeTaxExpense": -149383000,
        "netIncome": -158461000,
        "netIncomeRatio": -0.0449745654,
        "eps": -0.35,
        "epsdiluted": -0.35,
        "weightedAverageShsOut": 451042063,
        "weightedAverageShsOutDil": 452822713,
        "link": "https://www.sec.gov/Archives/edgar/data/1001082/000110465912074360/0001104659-12-074360-index.htm",
        "finalLink": "https://www.sec.gov/Archives/edgar/data/1001082/000110465912074360/a12-19932_110q.htm"
    },
    {
        "date": "2012-06-30",
        "symbol": "DISH",
        "reportedCurrency": "USD",
        "cik": "0001001082",
        "fillingDate": "2012-08-08",
        "acceptedDate": "2012-08-08 06:04:01",
        "calendarYear": "2012",
        "period": "Q2",
        "revenue": 3571766000,
        "costOfRevenue": 2360368000,
        "grossProfit": 1211398000,
        "grossProfitRatio": 0.3391593962,
        "researchAndDevelopmentExpenses": 0,
        "generalAndAdministrativeExpenses": 14790000,
        "sellingAndMarketingExpenses": 312877000,
        "sellingGeneralAndAdministrativeExpenses": 327667000,
        "otherExpenses": 299119000,
        "operatingExpenses": 626786000,
        "costAndExpenses": 2987154000,
        "interestIncome": 20204000,
        "interestExpense": 109301000,
        "depreciationAndAmortization": 299119000,
        "ebitda": 787675000,
        "ebitdaratio": 0.2205281645,
        "operatingIncome": 468352000,
        "operatingIncomeRatio": 0.1311261712,
        "totalOtherIncomeExpensesNet": -96545000,
        "incomeBeforeTax": 371807000,
        "incomeBeforeTaxRatio": 0.104096125,
        "incomeTaxExpense": 146211000,
        "netIncome": 225732000,
        "netIncomeRatio": 0.063198989,
        "eps": 0.5,
        "epsdiluted": 0.5,
        "weightedAverageShsOut": 452069752,
        "weightedAverageShsOutDil": 454865747,
        "link": "https://www.sec.gov/Archives/edgar/data/1001082/000110465912055467/0001104659-12-055467-index.htm",
        "finalLink": "https://www.sec.gov/Archives/edgar/data/1001082/000110465912055467/a12-13752_110q.htm"
    },
    {
        "date": "2012-03-31",
        "symbol": "DISH",
        "reportedCurrency": "USD",
        "cik": "0001001082",
        "fillingDate": "2012-05-07",
        "acceptedDate": "2012-05-07 06:07:38",
        "calendarYear": "2012",
        "period": "Q1",
        "revenue": 3581869000,
        "costOfRevenue": 2303052000,
        "grossProfit": 1278817000,
        "grossProfitRatio": 0.3570250615,
        "researchAndDevelopmentExpenses": 0,
        "generalAndAdministrativeExpenses": 12082000,
        "sellingAndMarketingExpenses": 364093000,
        "sellingGeneralAndAdministrativeExpenses": 376175000,
        "otherExpenses": 208698000,
        "operatingExpenses": 584873000,
        "costAndExpenses": 2887925000,
        "interestIncome": 7089000,
        "interestExpense": 138013000,
        "depreciationAndAmortization": 208698000,
        "ebitda": 788198000,
        "ebitdaratio": 0.2200521571,
        "operatingIncome": 572411000,
        "operatingIncomeRatio": 0.1598079103,
        "totalOtherIncomeExpensesNet": -20642000,
        "incomeBeforeTax": 551769000,
        "incomeBeforeTaxRatio": 0.1540449972,
        "incomeTaxExpense": 191643000,
        "netIncome": 360310000,
        "netIncomeRatio": 0.1005927352,
        "eps": 0.81,
        "epsdiluted": 0.8,
        "weightedAverageShsOut": 449054896,
        "weightedAverageShsOutDil": 451656126,
        "link": "https://www.sec.gov/Archives/edgar/data/1001082/000110465912033443/0001104659-12-033443-index.htm",
        "finalLink": "https://www.sec.gov/Archives/edgar/data/1001082/000110465912033443/a12-8125_110q.htm"
    },
    {
        "date": "2011-12-31",
        "symbol": "DISH",
        "reportedCurrency": "USD",
        "cik": "0001001082",
        "fillingDate": "2012-02-23",
        "acceptedDate": "2012-02-23 06:05:20",
        "calendarYear": "2011",
        "period": "Q4",
        "revenue": 3631450000,
        "costOfRevenue": 1989775000,
        "grossProfit": 1641675000,
        "grossProfitRatio": 0.4520714866,
        "researchAndDevelopmentExpenses": 0,
        "generalAndAdministrativeExpenses": 47393000,
        "sellingAndMarketingExpenses": 317435000,
        "sellingGeneralAndAdministrativeExpenses": 364828000,
        "otherExpenses": 226181000,
        "operatingExpenses": 591009000,
        "costAndExpenses": 2580784000,
        "interestIncome": 10940000,
        "interestExpense": 138566000,
        "depreciationAndAmortization": 226181000,
        "ebitda": 839101000,
        "ebitdaratio": 0.2310650016,
        "operatingIncome": 601980000,
        "operatingIncomeRatio": 0.1657684947,
        "totalOtherIncomeExpensesNet": -133577000,
        "incomeBeforeTax": 468403000,
        "incomeBeforeTaxRatio": 0.1289851161,
        "incomeTaxExpense": 155967000,
        "netIncome": 312654000,
        "netIncomeRatio": 0.0860961875,
        "eps": 0.7,
        "epsdiluted": 0.7,
        "weightedAverageShsOut": 448397310,
        "weightedAverageShsOutDil": 449054896,
        "link": "https://www.sec.gov/Archives/edgar/data/1001082/000110465912011853/0001104659-12-011853-index.htm",
        "finalLink": "https://www.sec.gov/Archives/edgar/data/1001082/000110465912011853/a11-31127_110k.htm"
    },
    {
        "date": "2011-09-30",
        "symbol": "DISH",
        "reportedCurrency": "USD",
        "cik": "0001001082",
        "fillingDate": "2011-11-07",
        "acceptedDate": "2011-11-07 06:04:42",
        "calendarYear": "2011",
        "period": "Q3",
        "revenue": 3602651000,
        "costOfRevenue": 2366046000,
        "grossProfit": 1236605000,
        "grossProfitRatio": 0.3432486244,
        "researchAndDevelopmentExpenses": 0,
        "generalAndAdministrativeExpenses": 13788000,
        "sellingAndMarketingExpenses": 368832000,
        "sellingGeneralAndAdministrativeExpenses": 382620000,
        "otherExpenses": 229146000,
        "operatingExpenses": 611766000,
        "costAndExpenses": 2977812000,
        "interestIncome": 8527000,
        "interestExpense": 155601000,
        "depreciationAndAmortization": 229146000,
        "ebitda": 862512000,
        "ebitdaratio": 0.2394103675,
        "operatingIncome": 624839000,
        "operatingIncomeRatio": 0.1734386706,
        "totalOtherIncomeExpensesNet": -126776000,
        "incomeBeforeTax": 498063000,
        "incomeBeforeTaxRatio": 0.1382490283,
        "incomeTaxExpense": 179085000,
        "netIncome": 319099000,
        "netIncomeRatio": 0.0885733867,
        "eps": 0.72,
        "epsdiluted": 0.71,
        "weightedAverageShsOut": 447894333,
        "weightedAverageShsOutDil": 449498641,
        "link": "https://www.sec.gov/Archives/edgar/data/1001082/000110465911061256/0001104659-11-061256-index.htm",
        "finalLink": "https://www.sec.gov/Archives/edgar/data/1001082/000110465911061256/a11-25886_110q.htm"
    },
    {
        "date": "2011-06-30",
        "symbol": "DISH",
        "reportedCurrency": "USD",
        "cik": "0001001082",
        "fillingDate": "2011-08-09",
        "acceptedDate": "2011-08-09 06:01:42",
        "calendarYear": "2011",
        "period": "Q2",
        "revenue": 3590161000,
        "costOfRevenue": 2286340000,
        "grossProfit": 1303821000,
        "grossProfitRatio": 0.3631650503,
        "researchAndDevelopmentExpenses": 0,
        "generalAndAdministrativeExpenses": 12532000,
        "sellingAndMarketingExpenses": 312730000,
        "sellingGeneralAndAdministrativeExpenses": 325262000,
        "otherExpenses": 237049000,
        "operatingExpenses": 562311000,
        "costAndExpenses": 2848651000,
        "interestIncome": 8601000,
        "interestExpense": 143564000,
        "depreciationAndAmortization": 237049000,
        "ebitda": 987160000,
        "ebitdaratio": 0.2749625992,
        "operatingIncome": 717782000,
        "operatingIncomeRatio": 0.1999303095,
        "totalOtherIncomeExpensesNet": -154757000,
        "incomeBeforeTax": 563025000,
        "incomeBeforeTaxRatio": 0.1568244432,
        "incomeTaxExpense": 228187000,
        "netIncome": 334760000,
        "netIncomeRatio": 0.0932437292,
        "eps": 0.75,
        "epsdiluted": 0.75,
        "weightedAverageShsOut": 447338145,
        "weightedAverageShsOutDil": 449062928,
        "link": "https://www.sec.gov/Archives/edgar/data/1001082/000110465911045060/0001104659-11-045060-index.htm",
        "finalLink": "https://www.sec.gov/Archives/edgar/data/1001082/000110465911045060/a11-14136_110q.htm"
    },
    {
        "date": "2011-03-31",
        "symbol": "DISH",
        "reportedCurrency": "USD",
        "cik": "0001001082",
        "fillingDate": "2011-05-02",
        "acceptedDate": "2011-05-02 06:05:15",
        "calendarYear": "2011",
        "period": "Q1",
        "revenue": 3224131000,
        "costOfRevenue": 2189974000,
        "grossProfit": 1034157000,
        "grossProfitRatio": 0.3207552671,
        "researchAndDevelopmentExpenses": 0,
        "generalAndAdministrativeExpenses": 11940000,
        "sellingAndMarketingExpenses": 149844000,
        "sellingGeneralAndAdministrativeExpenses": 161784000,
        "otherExpenses": 229697000,
        "operatingExpenses": 391481000,
        "costAndExpenses": 2581455000,
        "interestIncome": 6286000,
        "interestExpense": 120179000,
        "depreciationAndAmortization": 229697000,
        "ebitda": 878659000,
        "ebitdaratio": 0.2725258372,
        "operatingIncome": 983353000,
        "operatingIncomeRatio": 0.3049978428,
        "totalOtherIncomeExpensesNet": -102260000,
        "incomeBeforeTax": 881093000,
        "incomeBeforeTaxRatio": 0.2732807693,
        "incomeTaxExpense": 331767000,
        "netIncome": 549394000,
        "netIncomeRatio": 0.1704006444,
        "eps": 1.24,
        "epsdiluted": 1.22,
        "weightedAverageShsOut": 445110385,
        "weightedAverageShsOutDil": 450622059,
        "link": "https://www.sec.gov/Archives/edgar/data/1001082/000110465911024552/0001104659-11-024552-index.htm",
        "finalLink": "https://www.sec.gov/Archives/edgar/data/1001082/000110465911024552/a11-9586_110q.htm"
    },
    {
        "date": "2010-12-31",
        "symbol": "DISH",
        "reportedCurrency": "USD",
        "cik": "0001001082",
        "fillingDate": "2011-02-24",
        "acceptedDate": "2011-02-24 06:02:12",
        "calendarYear": "2010",
        "period": "Q4",
        "revenue": 3206579000,
        "costOfRevenue": 2228160000,
        "grossProfit": 978419000,
        "grossProfitRatio": 0.3051286121,
        "researchAndDevelopmentExpenses": 0,
        "generalAndAdministrativeExpenses": 47457000,
        "sellingAndMarketingExpenses": 117125000,
        "sellingGeneralAndAdministrativeExpenses": 164582000,
        "otherExpenses": 1890492000,
        "operatingExpenses": 2055074000,
        "costAndExpenses": 4283234000,
        "interestIncome": 6802000,
        "interestExpense": 118521000,
        "depreciationAndAmortization": 236998000,
        "ebitda": 820639000,
        "ebitdaratio": 0.2559235247,
        "operatingIncome": 503382000,
        "operatingIncomeRatio": 0.1569841254,
        "totalOtherIncomeExpensesNet": -103977000,
        "incomeBeforeTax": 399405000,
        "incomeBeforeTaxRatio": 0.1245579791,
        "incomeTaxExpense": 147550000,
        "netIncome": 251828000,
        "netIncomeRatio": 0.0785347874,
        "eps": 0.57,
        "epsdiluted": 0.57,
        "weightedAverageShsOut": 444842334,
        "weightedAverageShsOutDil": 445110385,
        "link": "https://www.sec.gov/Archives/edgar/data/1001082/000110465911009436/0001104659-11-009436-index.htm",
        "finalLink": "https://www.sec.gov/Archives/edgar/data/1001082/000110465911009436/a11-3040_110k.htm"
    },
    {
        "date": "2010-09-30",
        "symbol": "DISH",
        "reportedCurrency": "USD",
        "cik": "0001001082",
        "fillingDate": "2010-11-05",
        "acceptedDate": "2010-11-05 06:19:54",
        "calendarYear": "2010",
        "period": "Q3",
        "revenue": 3207728000,
        "costOfRevenue": 2263690000,
        "grossProfit": 944038000,
        "grossProfitRatio": 0.2943011378,
        "researchAndDevelopmentExpenses": 0,
        "generalAndAdministrativeExpenses": 12424000,
        "sellingAndMarketingExpenses": 143001000,
        "sellingGeneralAndAdministrativeExpenses": 155425000,
        "otherExpenses": 242859000,
        "operatingExpenses": 398284000,
        "costAndExpenses": 2661974000,
        "interestIncome": 6265000,
        "interestExpense": 108619000,
        "depreciationAndAmortization": 242859000,
        "ebitda": 794878000,
        "ebitdaratio": 0.2478009357,
        "operatingIncome": 454657000,
        "operatingIncomeRatio": 0.1417380152,
        "totalOtherIncomeExpensesNet": -80027000,
        "incomeBeforeTax": 374630000,
        "incomeBeforeTaxRatio": 0.1167898276,
        "incomeTaxExpense": 129652000,
        "netIncome": 244964000,
        "netIncomeRatio": 0.0763668241,
        "eps": 0.55,
        "epsdiluted": 0.55,
        "weightedAverageShsOut": 447421473,
        "weightedAverageShsOutDil": 448094118,
        "link": "https://www.sec.gov/Archives/edgar/data/1001082/000110465910056240/0001104659-10-056240-index.htm",
        "finalLink": "https://www.sec.gov/Archives/edgar/data/1001082/000110465910056240/a10-19251_110q.htm"
    },
    {
        "date": "2010-06-30",
        "symbol": "DISH",
        "reportedCurrency": "USD",
        "cik": "0001001082",
        "fillingDate": "2010-08-09",
        "acceptedDate": "2010-08-09 06:36:15",
        "calendarYear": "2010",
        "period": "Q2",
        "revenue": 3169042000,
        "costOfRevenue": 2193061000,
        "grossProfit": 975981000,
        "grossProfitRatio": 0.3079735138,
        "researchAndDevelopmentExpenses": 0,
        "generalAndAdministrativeExpenses": 11539000,
        "sellingAndMarketingExpenses": 143477000,
        "sellingGeneralAndAdministrativeExpenses": 155016000,
        "otherExpenses": 264446000,
        "operatingExpenses": 419462000,
        "costAndExpenses": 2612523000,
        "interestIncome": 6314000,
        "interestExpense": 114690000,
        "depreciationAndAmortization": 264446000,
        "ebitda": 827279000,
        "ebitdaratio": 0.2610501849,
        "operatingIncome": 525810000,
        "operatingIncomeRatio": 0.1659208051,
        "totalOtherIncomeExpensesNet": -112104000,
        "incomeBeforeTax": 413706000,
        "incomeBeforeTaxRatio": 0.1305460767,
        "incomeTaxExpense": 156722000,
        "netIncome": 256990000,
        "netIncomeRatio": 0.0810939079,
        "eps": 0.57,
        "epsdiluted": 0.57,
        "weightedAverageShsOut": 449754648,
        "weightedAverageShsOutDil": 450640130,
        "link": "https://www.sec.gov/Archives/edgar/data/1001082/000119312510182388/0001193125-10-182388-index.htm",
        "finalLink": "https://www.sec.gov/Archives/edgar/data/1001082/000119312510182388/d10q.htm"
    },
    {
        "date": "2010-03-31",
        "symbol": "DISH",
        "reportedCurrency": "USD",
        "cik": "0001001082",
        "fillingDate": "2010-05-10",
        "acceptedDate": "2010-05-10 06:07:29",
        "calendarYear": "2010",
        "period": "Q1",
        "revenue": 3057395000,
        "costOfRevenue": 428915000,
        "grossProfit": 2628480000,
        "grossProfitRatio": 0.8597122714,
        "researchAndDevelopmentExpenses": 0,
        "generalAndAdministrativeExpenses": 11430000,
        "sellingAndMarketingExpenses": 139390000,
        "sellingGeneralAndAdministrativeExpenses": 150820000,
        "otherExpenses": 239662000,
        "operatingExpenses": 390482000,
        "costAndExpenses": 819397000,
        "interestIncome": 5777000,
        "interestExpense": 112947000,
        "depreciationAndAmortization": 239662000,
        "ebitda": 732611000,
        "ebitdaratio": 0.2396193492,
        "operatingIncome": 456979000,
        "operatingIncomeRatio": 0.1494667846,
        "totalOtherIncomeExpensesNet": -102515000,
        "incomeBeforeTax": 354464000,
        "incomeBeforeTaxRatio": 0.1159366062,
        "incomeTaxExpense": 123549000,
        "netIncome": 230947000,
        "netIncomeRatio": 0.0755371812,
        "eps": 0.52,
        "epsdiluted": 0.52,
        "weightedAverageShsOut": 448495697,
        "weightedAverageShsOutDil": 449296848,
        "link": "https://www.sec.gov/Archives/edgar/data/1001082/000095012310046773/0000950123-10-046773-index.htm",
        "finalLink": "https://www.sec.gov/Archives/edgar/data/1001082/000095012310046773/d72180e10vq.htm"
    },
    {
        "date": "2009-12-31",
        "symbol": "DISH",
        "reportedCurrency": "USD",
        "cik": "0001001082",
        "fillingDate": "2010-03-01",
        "acceptedDate": "2010-03-01 07:11:37",
        "calendarYear": "2009",
        "period": "Q4",
        "revenue": 2962982000,
        "costOfRevenue": 2180126000,
        "grossProfit": 782856000,
        "grossProfitRatio": 0.2642122024,
        "researchAndDevelopmentExpenses": 0,
        "generalAndAdministrativeExpenses": 45356000,
        "sellingAndMarketingExpenses": 106821000,
        "sellingGeneralAndAdministrativeExpenses": 152177000,
        "otherExpenses": 243045000,
        "operatingExpenses": 395222000,
        "costAndExpenses": 2575348000,
        "interestIncome": 6397000,
        "interestExpense": 114499000,
        "depreciationAndAmortization": 243045000,
        "ebitda": 637076000,
        "ebitdaratio": 0.2150117685,
        "operatingIncome": 354945000,
        "operatingIncomeRatio": 0.1197931678,
        "totalOtherIncomeExpensesNet": -81737000,
        "incomeBeforeTax": 273208000,
        "incomeBeforeTaxRatio": 0.0922071076,
        "incomeTaxExpense": 94402000,
        "netIncome": 178879000,
        "netIncomeRatio": 0.0603712746,
        "eps": 0.4,
        "epsdiluted": 0.4,
        "weightedAverageShsOut": 448495697,
        "weightedAverageShsOutDil": 448495697,
        "link": "https://www.sec.gov/Archives/edgar/data/1001082/000095012310018671/0000950123-10-018671-index.htm",
        "finalLink": "https://www.sec.gov/Archives/edgar/data/1001082/000095012310018671/d70537e10vk.htm"
    },
    {
        "date": "2009-09-30",
        "symbol": "DISH",
        "reportedCurrency": "USD",
        "cik": "0001001082",
        "fillingDate": "2009-11-09",
        "acceptedDate": "2009-11-09 07:25:46",
        "calendarYear": "2009",
        "period": "Q3",
        "revenue": 2892147000,
        "costOfRevenue": 2179511000,
        "grossProfit": 712636000,
        "grossProfitRatio": 0.2464037962,
        "researchAndDevelopmentExpenses": 0,
        "generalAndAdministrativeExpenses": 11022000,
        "sellingAndMarketingExpenses": 146626000,
        "sellingGeneralAndAdministrativeExpenses": 157648000,
        "otherExpenses": 228395000,
        "operatingExpenses": 386043000,
        "costAndExpenses": 2565554000,
        "interestIncome": 7591000,
        "interestExpense": 98857000,
        "depreciationAndAmortization": 228395000,
        "ebitda": 562579000,
        "ebitdaratio": 0.194519504,
        "operatingIncome": 194663000,
        "operatingIncomeRatio": 0.0673074363,
        "totalOtherIncomeExpensesNet": -93181000,
        "incomeBeforeTax": 101482000,
        "incomeBeforeTaxRatio": 0.0350888112,
        "incomeTaxExpense": 20989000,
        "netIncome": 80562000,
        "netIncomeRatio": 0.0278554306,
        "eps": 0.18,
        "epsdiluted": 0.18,
        "weightedAverageShsOut": 448587057,
        "weightedAverageShsOutDil": 449197457,
        "link": "https://www.sec.gov/Archives/edgar/data/1001082/000095012309059772/0000950123-09-059772-index.htm",
        "finalLink": "https://www.sec.gov/Archives/edgar/data/1001082/000095012309059772/d68840e10vq.htm"
    },
    {
        "date": "2009-06-30",
        "symbol": "DISH",
        "reportedCurrency": "USD",
        "cik": "0001001082",
        "fillingDate": "2009-08-10",
        "acceptedDate": "2009-08-10 06:03:00",
        "calendarYear": "2009",
        "period": "Q2",
        "revenue": 2903701000,
        "costOfRevenue": 2043358000,
        "grossProfit": 860343000,
        "grossProfitRatio": 0.2962918703,
        "researchAndDevelopmentExpenses": 0,
        "generalAndAdministrativeExpenses": 12413000,
        "sellingAndMarketingExpenses": 143466000,
        "sellingGeneralAndAdministrativeExpenses": 155879000,
        "otherExpenses": 245300000,
        "operatingExpenses": 401179000,
        "costAndExpenses": 2444537000,
        "interestIncome": 11262000,
        "interestExpense": 91132000,
        "depreciationAndAmortization": 245300000,
        "ebitda": 715726000,
        "ebitdaratio": 0.2464874999,
        "operatingIncome": 262759000,
        "operatingIncomeRatio": 0.0904910664,
        "totalOtherIncomeExpensesNet": -124204000,
        "incomeBeforeTax": 138555000,
        "incomeBeforeTaxRatio": 0.0477166898,
        "incomeTaxExpense": 75135000,
        "netIncome": 63420000,
        "netIncomeRatio": 0.0218410918,
        "eps": 0.14,
        "epsdiluted": 0.14,
        "weightedAverageShsOut": 448515776,
        "weightedAverageShsOutDil": 449187418,
        "link": "https://www.sec.gov/Archives/edgar/data/1001082/000095012309032467/0000950123-09-032467-index.htm",
        "finalLink": "https://www.sec.gov/Archives/edgar/data/1001082/000095012309032467/d67856e10vq.htm"
    },
    {
        "date": "2009-03-31",
        "symbol": "DISH",
        "reportedCurrency": "USD",
        "cik": "0001001082",
        "fillingDate": "2009-05-11",
        "acceptedDate": "2009-05-11 06:00:52",
        "calendarYear": "2009",
        "period": "Q1",
        "revenue": 2905321000,
        "costOfRevenue": 1970558000,
        "grossProfit": 934763000,
        "grossProfitRatio": 0.3217417284,
        "researchAndDevelopmentExpenses": 0,
        "generalAndAdministrativeExpenses": 11142000,
        "sellingAndMarketingExpenses": 125765000,
        "sellingGeneralAndAdministrativeExpenses": 136907000,
        "otherExpenses": 223293000,
        "operatingExpenses": 360200000,
        "costAndExpenses": 2330758000,
        "interestIncome": 4784000,
        "interestExpense": 83937000,
        "depreciationAndAmortization": 223293000,
        "ebitda": 802640000,
        "ebitdaratio": 0.2762655142,
        "operatingIncome": 574563000,
        "operatingIncomeRatio": 0.1977623127,
        "totalOtherIncomeExpensesNet": -74976000,
        "incomeBeforeTax": 499587000,
        "incomeBeforeTaxRatio": 0.1719558699,
        "incomeTaxExpense": 186903000,
        "netIncome": 312684000,
        "netIncomeRatio": 0.1076245964,
        "eps": 0.7,
        "epsdiluted": 0.7,
        "weightedAverageShsOut": 448638258,
        "weightedAverageShsOutDil": 449801834,
        "link": "https://www.sec.gov/Archives/edgar/data/1001082/000095013409010200/0000950134-09-010200-index.htm",
        "finalLink": "https://www.sec.gov/Archives/edgar/data/1001082/000095013409010200/d67597e10vq.htm"
    },
    {
        "date": "2008-12-31",
        "symbol": "DISH",
        "reportedCurrency": "USD",
        "cik": "0001001082",
        "fillingDate": "2009-03-02",
        "acceptedDate": "2009-03-02 06:17:35",
        "calendarYear": "2008",
        "period": "Q4",
        "revenue": 2921022000,
        "costOfRevenue": 2221457000,
        "grossProfit": 699565000,
        "grossProfitRatio": 0.2394932322,
        "researchAndDevelopmentExpenses": 0,
        "generalAndAdministrativeExpenses": 179052000,
        "sellingAndMarketingExpenses": -178800000,
        "sellingGeneralAndAdministrativeExpenses": -46869000,
        "otherExpenses": 233970000,
        "operatingExpenses": 187101000,
        "costAndExpenses": 2408558000,
        "interestIncome": 0,
        "interestExpense": 0,
        "depreciationAndAmortization": 233970000,
        "ebitda": 790564000,
        "ebitdaratio": 0.2706463697,
        "operatingIncome": 512464000,
        "operatingIncomeRatio": 0.1754399659,
        "totalOtherIncomeExpensesNet": -122028000,
        "incomeBeforeTax": 390436000,
        "incomeBeforeTaxRatio": 0.1336641764,
        "incomeTaxExpense": 173852000,
        "netIncome": 216584000,
        "netIncomeRatio": 0.0741466514,
        "eps": 0.48,
        "epsdiluted": 0.48,
        "weightedAverageShsOut": 448638258,
        "weightedAverageShsOutDil": 448638258,
        "link": "https://www.sec.gov/Archives/edgar/data/1001082/000095013409004095/0000950134-09-004095-index.htm",
        "finalLink": "https://www.sec.gov/Archives/edgar/data/1001082/000095013409004095/d66364e10vk.htm"
    },
    {
        "date": "2008-09-30",
        "symbol": "DISH",
        "reportedCurrency": "USD",
        "cik": "0001001082",
        "fillingDate": "2008-11-10",
        "acceptedDate": "2008-11-10 07:07:27",
        "calendarYear": "2008",
        "period": "Q3",
        "revenue": 2936781000,
        "costOfRevenue": 2052244000,
        "grossProfit": 884537000,
        "grossProfitRatio": 0.3011927004,
        "researchAndDevelopmentExpenses": 0,
        "generalAndAdministrativeExpenses": 147582000,
        "sellingAndMarketingExpenses": 73469000,
        "sellingGeneralAndAdministrativeExpenses": 221051000,
        "otherExpenses": 245646000,
        "operatingExpenses": 466697000,
        "costAndExpenses": 2518941000,
        "interestIncome": 0,
        "interestExpense": 0,
        "depreciationAndAmortization": 245646000,
        "ebitda": 769541000,
        "ebitdaratio": 0.2620355416,
        "operatingIncome": 417840000,
        "operatingIncomeRatio": 0.1422782291,
        "totalOtherIncomeExpensesNet": -191248000,
        "incomeBeforeTax": 226592000,
        "incomeBeforeTaxRatio": 0.0771565874,
        "incomeTaxExpense": 134697000,
        "netIncome": 91895000,
        "netIncomeRatio": 0.0312910632,
        "eps": 0.2,
        "epsdiluted": 0.2,
        "weightedAverageShsOut": 451199329,
        "weightedAverageShsOutDil": 461858245,
        "link": "https://www.sec.gov/Archives/edgar/data/1001082/000095013408019952/0000950134-08-019952-index.htm",
        "finalLink": "https://www.sec.gov/Archives/edgar/data/1001082/000095013408019952/d65095e10vq.htm"
    },
    {
        "date": "2008-06-30",
        "symbol": "DISH",
        "reportedCurrency": "USD",
        "cik": "0001001082",
        "fillingDate": "2008-08-04",
        "acceptedDate": "2008-08-04 06:04:38",
        "calendarYear": "2008",
        "period": "Q2",
        "revenue": 2914990000,
        "costOfRevenue": 1869685000,
        "grossProfit": 1045305000,
        "grossProfitRatio": 0.3585964274,
        "researchAndDevelopmentExpenses": 0,
        "generalAndAdministrativeExpenses": 134991000,
        "sellingAndMarketingExpenses": 41359000,
        "sellingGeneralAndAdministrativeExpenses": 176350000,
        "otherExpenses": 248247000,
        "operatingExpenses": 424597000,
        "costAndExpenses": 2294282000,
        "interestIncome": 0,
        "interestExpense": 0,
        "depreciationAndAmortization": 248246000,
        "ebitda": 880455000,
        "ebitdaratio": 0.3020439178,
        "operatingIncome": 620708000,
        "operatingIncomeRatio": 0.2129365795,
        "totalOtherIncomeExpensesNet": -91359000,
        "incomeBeforeTax": 529349000,
        "incomeBeforeTaxRatio": 0.1815954772,
        "incomeTaxExpense": 193464000,
        "netIncome": 335885000,
        "netIncomeRatio": 0.1152268104,
        "eps": 0.75,
        "epsdiluted": 0.73,
        "weightedAverageShsOut": 451499510,
        "weightedAverageShsOutDil": 462672447,
        "link": "https://www.sec.gov/Archives/edgar/data/1001082/000095013408013895/0000950134-08-013895-index.htm",
        "finalLink": "https://www.sec.gov/Archives/edgar/data/1001082/000095013408013895/d58936e10vq.htm"
    },
    {
        "date": "2008-03-31",
        "symbol": "DISH",
        "reportedCurrency": "USD",
        "cik": "0001001082",
        "fillingDate": "2008-05-12",
        "acceptedDate": "2008-05-12 17:22:27",
        "calendarYear": "2008",
        "period": "Q1",
        "revenue": 2844394000,
        "costOfRevenue": 1562372000,
        "grossProfit": 1282022000,
        "grossProfitRatio": 0.4507188526,
        "researchAndDevelopmentExpenses": 0,
        "generalAndAdministrativeExpenses": 440514000,
        "sellingAndMarketingExpenses": 63972000,
        "sellingGeneralAndAdministrativeExpenses": 504486000,
        "otherExpenses": 272368000,
        "operatingExpenses": 776854000,
        "costAndExpenses": 2339226000,
        "interestIncome": 0,
        "interestExpense": 0,
        "depreciationAndAmortization": 272368000,
        "ebitda": 784564000,
        "ebitdaratio": 0.2758281729,
        "operatingIncome": 505168000,
        "operatingIncomeRatio": 0.1776012746,
        "totalOtherIncomeExpensesNet": -82739000,
        "incomeBeforeTax": 422429000,
        "incomeBeforeTaxRatio": 0.1485128291,
        "incomeTaxExpense": 163846000,
        "netIncome": 258583000,
        "netIncomeRatio": 0.0909096982,
        "eps": 0.58,
        "epsdiluted": 0.57,
        "weightedAverageShsOut": 450574874,
        "weightedAverageShsOutDil": 462034940,
        "link": "https://www.sec.gov/Archives/edgar/data/1001082/000103570408000213/0001035704-08-000213-index.htm",
        "finalLink": "https://www.sec.gov/Archives/edgar/data/1001082/000103570408000213/d56746e10vq.htm"
    },
    {
        "date": "2007-12-31",
        "symbol": "DISH",
        "reportedCurrency": "USD",
        "cik": "0001001082",
        "fillingDate": "2008-02-26",
        "acceptedDate": "2008-02-26 08:03:20",
        "calendarYear": "2007",
        "period": "Q4",
        "revenue": 2891055000,
        "costOfRevenue": 1968261000,
        "grossProfit": 922794000,
        "grossProfitRatio": 0.3191893617,
        "researchAndDevelopmentExpenses": 0,
        "generalAndAdministrativeExpenses": 292915000,
        "sellingAndMarketingExpenses": -97000000,
        "sellingGeneralAndAdministrativeExpenses": 172640000,
        "otherExpenses": 355116000,
        "operatingExpenses": 527756000,
        "costAndExpenses": 2496017000,
        "interestIncome": 0,
        "interestExpense": 0,
        "depreciationAndAmortization": 321209000,
        "ebitda": 781859000,
        "ebitdaratio": 0.2704407215,
        "operatingIncome": 395038000,
        "operatingIncomeRatio": 0.1366414683,
        "totalOtherIncomeExpensesNet": -85656000,
        "incomeBeforeTax": 309382000,
        "incomeBeforeTaxRatio": 0.1070135297,
        "incomeTaxExpense": 134347000,
        "netIncome": 175035000,
        "netIncomeRatio": 0.0605436424,
        "eps": 0.39,
        "epsdiluted": 0.39,
        "weightedAverageShsOut": 449974515,
        "weightedAverageShsOutDil": 450574874,
        "link": "https://www.sec.gov/Archives/edgar/data/1001082/000114036108004989/0001140361-08-004989-index.htm",
        "finalLink": "https://www.sec.gov/Archives/edgar/data/1001082/000114036108004989/form10k.htm"
    },
    {
        "date": "2007-09-30",
        "symbol": "DISH",
        "reportedCurrency": "USD",
        "cik": "0001001082",
        "fillingDate": "2007-11-09",
        "acceptedDate": "2007-11-09 17:08:40",
        "calendarYear": "2007",
        "period": "Q3",
        "revenue": 2794327000,
        "costOfRevenue": 1902254000,
        "grossProfit": 892073000,
        "grossProfitRatio": 0.3192443118,
        "researchAndDevelopmentExpenses": 0,
        "generalAndAdministrativeExpenses": 151409000,
        "sellingAndMarketingExpenses": 0,
        "sellingGeneralAndAdministrativeExpenses": 151409000,
        "otherExpenses": 344150000,
        "operatingExpenses": 495559000,
        "costAndExpenses": 2397813000,
        "interestIncome": 0,
        "interestExpense": 0,
        "depreciationAndAmortization": 344150000,
        "ebitda": 746788000,
        "ebitdaratio": 0.2672514706,
        "operatingIncome": 396514000,
        "operatingIncomeRatio": 0.1418996417,
        "totalOtherIncomeExpensesNet": -65301000,
        "incomeBeforeTax": 331213000,
        "incomeBeforeTaxRatio": 0.1185305084,
        "incomeTaxExpense": 131533000,
        "netIncome": 199680000,
        "netIncomeRatio": 0.0714590669,
        "eps": 0.45,
        "epsdiluted": 0.44,
        "weightedAverageShsOut": 449262714,
        "weightedAverageShsOutDil": 458345431,
        "link": "https://www.sec.gov/Archives/edgar/data/1001082/000103570407000765/0001035704-07-000765-index.htm",
        "finalLink": "https://www.sec.gov/Archives/edgar/data/1001082/000103570407000765/d51441e10vq.htm"
    },
    {
        "date": "2007-06-30",
        "symbol": "DISH",
        "reportedCurrency": "USD",
        "cik": "0001001082",
        "fillingDate": "2007-08-09",
        "acceptedDate": "2007-08-09 17:25:57",
        "calendarYear": "2007",
        "period": "Q2",
        "revenue": 2760008000,
        "costOfRevenue": 1490654000,
        "grossProfit": 1269354000,
        "grossProfitRatio": 0.4599095365,
        "researchAndDevelopmentExpenses": 0,
        "generalAndAdministrativeExpenses": 437147000,
        "sellingAndMarketingExpenses": 46621000,
        "sellingGeneralAndAdministrativeExpenses": 483768000,
        "otherExpenses": 343932000,
        "operatingExpenses": 827700000,
        "costAndExpenses": 2318354000,
        "interestIncome": 0,
        "interestExpense": 0,
        "depreciationAndAmortization": 339067000,
        "ebitda": 801725000,
        "ebitdaratio": 0.2904792305,
        "operatingIncome": 441654000,
        "operatingIncomeRatio": 0.1600191014,
        "totalOtherIncomeExpensesNet": -84390000,
        "incomeBeforeTax": 357264000,
        "incomeBeforeTaxRatio": 0.1294431031,
        "incomeTaxExpense": 133065000,
        "netIncome": 224199000,
        "netIncomeRatio": 0.0812312863,
        "eps": 0.5,
        "epsdiluted": 0.5,
        "weightedAverageShsOut": 448982612,
        "weightedAverageShsOutDil": 458083401,
        "link": "https://www.sec.gov/Archives/edgar/data/1001082/000114036107015878/0001140361-07-015878-index.htm",
        "finalLink": "https://www.sec.gov/Archives/edgar/data/1001082/000114036107015878/form10-q.htm"
    },
    {
        "date": "2007-03-31",
        "symbol": "DISH",
        "reportedCurrency": "USD",
        "cik": "0001001082",
        "fillingDate": "2007-05-10",
        "acceptedDate": "2007-05-10 06:08:09",
        "calendarYear": "2007",
        "period": "Q1",
        "revenue": 2644985000,
        "costOfRevenue": 1454270000,
        "grossProfit": 1190715000,
        "grossProfitRatio": 0.4501783564,
        "researchAndDevelopmentExpenses": 0,
        "generalAndAdministrativeExpenses": 480019000,
        "sellingAndMarketingExpenses": 50379000,
        "sellingGeneralAndAdministrativeExpenses": 530398000,
        "otherExpenses": 320119000,
        "operatingExpenses": 850517000,
        "costAndExpenses": 2304787000,
        "interestIncome": 0,
        "interestExpense": 0,
        "depreciationAndAmortization": 324984000,
        "ebitda": 667018000,
        "ebitdaratio": 0.2521821485,
        "operatingIncome": 340198000,
        "operatingIncomeRatio": 0.1286200111,
        "totalOtherIncomeExpensesNet": -87904000,
        "incomeBeforeTax": 252294000,
        "incomeBeforeTaxRatio": 0.0953857961,
        "incomeTaxExpense": 95154000,
        "netIncome": 157140000,
        "netIncomeRatio": 0.0594105449,
        "eps": 0.35,
        "epsdiluted": 0.35,
        "weightedAverageShsOut": 448039905,
        "weightedAverageShsOutDil": 457005161,
        "link": "https://www.sec.gov/Archives/edgar/data/1001082/000095013407010986/0000950134-07-010986-index.htm",
        "finalLink": "https://www.sec.gov/Archives/edgar/data/1001082/000095013407010986/d46229e10vq.htm"
    },
    {
        "date": "2006-12-31",
        "symbol": "DISH",
        "reportedCurrency": "USD",
        "cik": "0001001082",
        "fillingDate": "2007-03-01",
        "acceptedDate": "2007-03-01 06:04:29",
        "calendarYear": "2006",
        "period": "Q4",
        "revenue": 2598725000,
        "costOfRevenue": 1843412000,
        "grossProfit": 755313000,
        "grossProfitRatio": 0.2906475291,
        "researchAndDevelopmentExpenses": 0,
        "generalAndAdministrativeExpenses": 422100000,
        "sellingAndMarketingExpenses": -47417000,
        "sellingGeneralAndAdministrativeExpenses": 142916000,
        "otherExpenses": 300673000,
        "operatingExpenses": 443589000,
        "costAndExpenses": 2287001000,
        "interestIncome": 0,
        "interestExpense": 0,
        "depreciationAndAmortization": 299012000,
        "ebitda": 632000000,
        "ebitdaratio": 0.2431961827,
        "operatingIncome": 311724000,
        "operatingIncomeRatio": 0.1199526691,
        "totalOtherIncomeExpensesNet": -81713000,
        "incomeBeforeTax": 230011000,
        "incomeBeforeTaxRatio": 0.0885091728,
        "incomeTaxExpense": 77415000,
        "netIncome": 152596000,
        "netIncomeRatio": 0.0587195644,
        "eps": 0.34,
        "epsdiluted": 0.34,
        "weightedAverageShsOut": 447296983,
        "weightedAverageShsOutDil": 448039905,
        "link": "https://www.sec.gov/Archives/edgar/data/1001082/000095013407004460/0000950134-07-004460-index.htm",
        "finalLink": "https://www.sec.gov/Archives/edgar/data/1001082/000095013407004460/d43701e10vk.htm"
    },
    {
        "date": "2006-09-30",
        "symbol": "DISH",
        "reportedCurrency": "USD",
        "cik": "0001001082",
        "fillingDate": "2006-11-07",
        "acceptedDate": "2006-11-07 06:05:49",
        "calendarYear": "2006",
        "period": "Q3",
        "revenue": 2471366000,
        "costOfRevenue": 1756297000,
        "grossProfit": 715069000,
        "grossProfitRatio": 0.289341603,
        "researchAndDevelopmentExpenses": 0,
        "generalAndAdministrativeExpenses": 135366000,
        "sellingAndMarketingExpenses": 0,
        "sellingGeneralAndAdministrativeExpenses": 135366000,
        "otherExpenses": 297893000,
        "operatingExpenses": 433259000,
        "costAndExpenses": 2189556000,
        "interestIncome": 0,
        "interestExpense": 0,
        "depreciationAndAmortization": 297967000,
        "ebitda": 579858000,
        "ebitdaratio": 0.2346305646,
        "operatingIncome": 281810000,
        "operatingIncomeRatio": 0.1140300546,
        "totalOtherIncomeExpensesNet": -77550000,
        "incomeBeforeTax": 204260000,
        "incomeBeforeTaxRatio": 0.0826506475,
        "incomeTaxExpense": 64644000,
        "netIncome": 139616000,
        "netIncomeRatio": 0.0564934534,
        "eps": 0.31,
        "epsdiluted": 0.31,
        "weightedAverageShsOut": 446655461,
        "weightedAverageShsOutDil": 448158371,
        "link": "https://www.sec.gov/Archives/edgar/data/1001082/000095013406020645/0000950134-06-020645-index.htm",
        "finalLink": "https://www.sec.gov/Archives/edgar/data/1001082/000095013406020645/d40946e10vq.htm"
    },
    {
        "date": "2006-06-30",
        "symbol": "DISH",
        "reportedCurrency": "USD",
        "cik": "0001001082",
        "fillingDate": "2006-08-09",
        "acceptedDate": "2006-08-09 17:17:40",
        "calendarYear": "2006",
        "period": "Q2",
        "revenue": 2458689000,
        "costOfRevenue": 1676096000,
        "grossProfit": 782593000,
        "grossProfitRatio": 0.3182968647,
        "researchAndDevelopmentExpenses": 0,
        "generalAndAdministrativeExpenses": 143818000,
        "sellingAndMarketingExpenses": 0,
        "sellingGeneralAndAdministrativeExpenses": 143818000,
        "otherExpenses": 289134000,
        "operatingExpenses": 432952000,
        "costAndExpenses": 2109048000,
        "interestIncome": 0,
        "interestExpense": 0,
        "depreciationAndAmortization": 278990000,
        "ebitda": 654130000,
        "ebitdaratio": 0.2660482883,
        "operatingIncome": 349641000,
        "operatingIncomeRatio": 0.1422062733,
        "totalOtherIncomeExpensesNet": -91715000,
        "incomeBeforeTax": 257926000,
        "incomeBeforeTaxRatio": 0.1049038736,
        "incomeTaxExpense": 89147000,
        "netIncome": 168779000,
        "netIncomeRatio": 0.0686459329,
        "eps": 0.38,
        "epsdiluted": 0.38,
        "weightedAverageShsOut": 446352268,
        "weightedAverageShsOutDil": 454914941,
        "link": "https://www.sec.gov/Archives/edgar/data/1001082/000103570406000544/0001035704-06-000544-index.htm",
        "finalLink": "https://www.sec.gov/Archives/edgar/data/1001082/000103570406000544/d38187e10vq.htm"
    },
    {
        "date": "2006-03-31",
        "symbol": "DISH",
        "reportedCurrency": "USD",
        "cik": "0001001082",
        "fillingDate": "2006-05-10",
        "acceptedDate": "2006-05-10 16:57:27",
        "calendarYear": "2006",
        "period": "Q1",
        "revenue": 2289706000,
        "costOfRevenue": 1242165000,
        "grossProfit": 1047541000,
        "grossProfitRatio": 0.4575002206,
        "researchAndDevelopmentExpenses": 0,
        "generalAndAdministrativeExpenses": 129447000,
        "sellingAndMarketingExpenses": 47417000,
        "sellingGeneralAndAdministrativeExpenses": 176864000,
        "otherExpenses": 596481000,
        "operatingExpenses": 773345000,
        "costAndExpenses": 2015510000,
        "interestIncome": 0,
        "interestExpense": 0,
        "depreciationAndAmortization": 248348000,
        "ebitda": 810776000,
        "ebitdaratio": 0.3540961154,
        "operatingIncome": 274196000,
        "operatingIncomeRatio": 0.1197516188,
        "totalOtherIncomeExpensesNet": -43378000,
        "incomeBeforeTax": 230818000,
        "incomeBeforeTaxRatio": 0.1008068285,
        "incomeTaxExpense": 83537000,
        "netIncome": 147281000,
        "netIncomeRatio": 0.0643231052,
        "eps": 0.33,
        "epsdiluted": 0.33,
        "weightedAverageShsOut": 445678619,
        "weightedAverageShsOutDil": 447372280,
        "link": "https://www.sec.gov/Archives/edgar/data/1001082/000103570406000350/0001035704-06-000350-index.htm",
        "finalLink": "https://www.sec.gov/Archives/edgar/data/1001082/000103570406000350/d35942e10vq.htm"
    },
    {
        "date": "2005-12-31",
        "symbol": "DISH",
        "reportedCurrency": "USD",
        "cik": "0001001082",
        "fillingDate": "2006-03-15",
        "acceptedDate": "2006-03-15 06:03:38",
        "calendarYear": "2005",
        "period": "Q4",
        "revenue": 2177794000,
        "costOfRevenue": 1582610000,
        "grossProfit": 595184000,
        "grossProfitRatio": 0.2732967397,
        "researchAndDevelopmentExpenses": 0,
        "generalAndAdministrativeExpenses": 343383000,
        "sellingAndMarketingExpenses": -31204000,
        "sellingGeneralAndAdministrativeExpenses": 113892000,
        "otherExpenses": 229556000,
        "operatingExpenses": 343448000,
        "costAndExpenses": 1926058000,
        "interestIncome": 0,
        "interestExpense": 0,
        "depreciationAndAmortization": 231123000,
        "ebitda": 488114000,
        "ebitdaratio": 0.22413231,
        "operatingIncome": 251736000,
        "operatingIncomeRatio": 0.1155922002,
        "totalOtherIncomeExpensesNet": -87180000,
        "incomeBeforeTax": 164556000,
        "incomeBeforeTaxRatio": 0.0755608657,
        "incomeTaxExpense": 31931000,
        "netIncome": 132625000,
        "netIncomeRatio": 0.0608987811,
        "eps": 0.3,
        "epsdiluted": 0.3,
        "weightedAverageShsOut": 445678619,
        "weightedAverageShsOutDil": 445678619,
        "link": "https://www.sec.gov/Archives/edgar/data/1001082/000095013406005091/0000950134-06-005091-index.htm",
        "finalLink": "https://www.sec.gov/Archives/edgar/data/1001082/000095013406005091/d33908e10vk.htm"
    },
    {
        "date": "2005-09-30",
        "symbol": "DISH",
        "reportedCurrency": "USD",
        "cik": "0001001082",
        "fillingDate": "2005-11-08",
        "acceptedDate": "2005-11-08 06:02:01",
        "calendarYear": "2005",
        "period": "Q3",
        "revenue": 2128221000,
        "costOfRevenue": 1511214000,
        "grossProfit": 617007000,
        "grossProfitRatio": 0.2899167897,
        "researchAndDevelopmentExpenses": 0,
        "generalAndAdministrativeExpenses": 116250000,
        "sellingAndMarketingExpenses": 0,
        "sellingGeneralAndAdministrativeExpenses": 116250000,
        "otherExpenses": 208873000,
        "operatingExpenses": 325123000,
        "costAndExpenses": 1836337000,
        "interestIncome": 0,
        "interestExpense": 0,
        "depreciationAndAmortization": 210441000,
        "ebitda": 494983000,
        "ebitdaratio": 0.2325806389,
        "operatingIncome": 291884000,
        "operatingIncomeRatio": 0.1371492904,
        "totalOtherIncomeExpensesNet": -74012000,
        "incomeBeforeTax": 217872000,
        "incomeBeforeTaxRatio": 0.1023728269,
        "incomeTaxExpense": 9008000,
        "netIncome": 208864000,
        "netIncomeRatio": 0.0981401837,
        "eps": 0.46,
        "epsdiluted": 0.46,
        "weightedAverageShsOut": 453515437,
        "weightedAverageShsOutDil": 485702010,
        "link": "https://www.sec.gov/Archives/edgar/data/1001082/000095013405020796/0000950134-05-020796-index.htm",
        "finalLink": "https://www.sec.gov/Archives/edgar/data/1001082/000095013405020796/d29832e10vq.htm"
    },
    {
        "date": "2005-06-30",
        "symbol": "DISH",
        "reportedCurrency": "USD",
        "cik": "0001001082",
        "fillingDate": "2005-08-09",
        "acceptedDate": "2005-08-09 06:01:02",
        "calendarYear": "2005",
        "period": "Q2",
        "revenue": 2095486000,
        "costOfRevenue": 1458469000,
        "grossProfit": 637017000,
        "grossProfitRatio": 0.3039948728,
        "researchAndDevelopmentExpenses": 0,
        "generalAndAdministrativeExpenses": 113241000,
        "sellingAndMarketingExpenses": 0,
        "sellingGeneralAndAdministrativeExpenses": 113241000,
        "otherExpenses": 190382000,
        "operatingExpenses": 303623000,
        "costAndExpenses": 1762092000,
        "interestIncome": 0,
        "interestExpense": 0,
        "depreciationAndAmortization": 191979000,
        "ebitda": 494187000,
        "ebitdaratio": 0.2358340738,
        "operatingIncome": 333394000,
        "operatingIncomeRatio": 0.1591010391,
        "totalOtherIncomeExpensesNet": -52572000,
        "incomeBeforeTax": 280822000,
        "incomeBeforeTaxRatio": 0.1340128257,
        "incomeTaxExpense": -574705000,
        "netIncome": 855527000,
        "netIncomeRatio": 0.4082713986,
        "eps": 1.88,
        "epsdiluted": 1.78,
        "weightedAverageShsOut": 454582634,
        "weightedAverageShsOutDil": 486815389,
        "link": "https://www.sec.gov/Archives/edgar/data/1001082/000095013405015242/0000950134-05-015242-index.htm",
        "finalLink": "https://www.sec.gov/Archives/edgar/data/1001082/000095013405015242/d27641e10vq.htm"
    },
    {
        "date": "2005-03-31",
        "symbol": "DISH",
        "reportedCurrency": "USD",
        "cik": "0001001082",
        "fillingDate": "2005-05-05",
        "acceptedDate": "2005-05-05 06:02:41",
        "calendarYear": "2005",
        "period": "Q1",
        "revenue": 2024000000,
        "costOfRevenue": 1154258000,
        "grossProfit": 869742000,
        "grossProfitRatio": 0.4297144269,
        "researchAndDevelopmentExpenses": 0,
        "generalAndAdministrativeExpenses": 112823000,
        "sellingAndMarketingExpenses": 31204000,
        "sellingGeneralAndAdministrativeExpenses": 144027000,
        "otherExpenses": 435481000,
        "operatingExpenses": 579508000,
        "costAndExpenses": 1733766000,
        "interestIncome": 0,
        "interestExpense": 0,
        "depreciationAndAmortization": 170650000,
        "ebitda": 590388000,
        "ebitdaratio": 0.2916936759,
        "operatingIncome": 290234000,
        "operatingIncomeRatio": 0.1433962451,
        "totalOtherIncomeExpensesNet": 53607000,
        "incomeBeforeTax": 343841000,
        "incomeBeforeTaxRatio": 0.169881917,
        "incomeTaxExpense": 26317000,
        "netIncome": 317524000,
        "netIncomeRatio": 0.1568794466,
        "eps": 0.7,
        "epsdiluted": 0.69,
        "weightedAverageShsOut": 457387665,
        "weightedAverageShsOutDil": 489975817,
        "link": "https://www.sec.gov/Archives/edgar/data/1001082/000095013405008996/0000950134-05-008996-index.htm",
        "finalLink": "https://www.sec.gov/Archives/edgar/data/1001082/000095013405008996/d24969e10vq.htm"
    },
    {
        "date": "2004-12-31",
        "symbol": "DISH",
        "reportedCurrency": "USD",
        "cik": "0001001082",
        "fillingDate": "2005-03-16",
        "acceptedDate": "2005-03-16 17:20:04",
        "calendarYear": "2004",
        "period": "Q4",
        "revenue": 1931094000,
        "costOfRevenue": 1566884000,
        "grossProfit": 364210000,
        "grossProfitRatio": 0.188602937,
        "researchAndDevelopmentExpenses": 0,
        "generalAndAdministrativeExpenses": 295901000,
        "sellingAndMarketingExpenses": -30354000,
        "sellingGeneralAndAdministrativeExpenses": 17623000,
        "otherExpenses": 144389000,
        "operatingExpenses": 162012000,
        "costAndExpenses": 1728896000,
        "interestIncome": 0,
        "interestExpense": 0,
        "depreciationAndAmortization": 150058000,
        "ebitda": 352513000,
        "ebitdaratio": 0.1825457487,
        "operatingIncome": 202198000,
        "operatingIncomeRatio": 0.1047064514,
        "totalOtherIncomeExpensesNet": -131205000,
        "incomeBeforeTax": 70993000,
        "incomeBeforeTaxRatio": 0.0367630991,
        "incomeTaxExpense": 915000,
        "netIncome": 42505000,
        "netIncomeRatio": 0.0220108395,
        "eps": 0.0929,
        "epsdiluted": 0.0929,
        "weightedAverageShsOut": 456813408,
        "weightedAverageShsOutDil": 457387665,
        "link": "https://www.sec.gov/Archives/edgar/data/1001082/000095013405005271/0000950134-05-005271-index.htm",
        "finalLink": "https://www.sec.gov/Archives/edgar/data/1001082/000095013405005271/d23233e10vk.htm"
    },
    {
        "date": "2004-09-30",
        "symbol": "DISH",
        "reportedCurrency": "USD",
        "cik": "0001001082",
        "fillingDate": "2004-11-09",
        "acceptedDate": "2004-11-09 06:03:15",
        "calendarYear": "2004",
        "period": "Q3",
        "revenue": 1862613000,
        "costOfRevenue": 1401545000,
        "grossProfit": 461068000,
        "grossProfitRatio": 0.2475382702,
        "researchAndDevelopmentExpenses": 0,
        "generalAndAdministrativeExpenses": 101817000,
        "sellingAndMarketingExpenses": 30354000,
        "sellingGeneralAndAdministrativeExpenses": 132171000,
        "otherExpenses": 133973000,
        "operatingExpenses": 266144000,
        "costAndExpenses": 1667689000,
        "interestIncome": 0,
        "interestExpense": 0,
        "depreciationAndAmortization": 135807000,
        "ebitda": 332247000,
        "ebitdaratio": 0.1783768287,
        "operatingIncome": 194924000,
        "operatingIncomeRatio": 0.1046508319,
        "totalOtherIncomeExpensesNet": -85824000,
        "incomeBeforeTax": 109100000,
        "incomeBeforeTaxRatio": 0.0585736275,
        "incomeTaxExpense": 6839000,
        "netIncome": 102261000,
        "netIncomeRatio": 0.0549019039,
        "eps": 0.22,
        "epsdiluted": 0.22,
        "weightedAverageShsOut": 456350587,
        "weightedAverageShsOutDil": 459610406,
        "link": "https://www.sec.gov/Archives/edgar/data/1001082/000095013404016834/0000950134-04-016834-index.htm",
        "finalLink": "https://www.sec.gov/Archives/edgar/data/1001082/000095013404016834/d19947e10vq.htm"
    },
    {
        "date": "2004-06-30",
        "symbol": "DISH",
        "reportedCurrency": "USD",
        "cik": "0001001082",
        "fillingDate": "2004-08-09",
        "acceptedDate": "2004-08-09 17:15:11",
        "calendarYear": "2004",
        "period": "Q2",
        "revenue": 1777713000,
        "costOfRevenue": 1372604000,
        "grossProfit": 405109000,
        "grossProfitRatio": 0.227882116,
        "researchAndDevelopmentExpenses": 0,
        "generalAndAdministrativeExpenses": 97158000,
        "sellingAndMarketingExpenses": 0,
        "sellingGeneralAndAdministrativeExpenses": 97158000,
        "otherExpenses": 123934000,
        "operatingExpenses": 221092000,
        "costAndExpenses": 1593696000,
        "interestIncome": 0,
        "interestExpense": 0,
        "depreciationAndAmortization": 125861000,
        "ebitda": 321752000,
        "ebitdaratio": 0.1809920949,
        "operatingIncome": 184017000,
        "operatingIncomeRatio": 0.1035133343,
        "totalOtherIncomeExpensesNet": -93892000,
        "incomeBeforeTax": 90125000,
        "incomeBeforeTaxRatio": 0.0506971598,
        "incomeTaxExpense": 4809000,
        "netIncome": 85316000,
        "netIncomeRatio": 0.0479919987,
        "eps": 0.18,
        "epsdiluted": 0.18,
        "weightedAverageShsOut": 469780399,
        "weightedAverageShsOutDil": 473370517,
        "link": "https://www.sec.gov/Archives/edgar/data/1001082/000103570404000433/0001035704-04-000433-index.htm",
        "finalLink": "https://www.sec.gov/Archives/edgar/data/1001082/000103570404000433/d17302e10vq.htm"
    },
    {
        "date": "2004-03-31",
        "symbol": "DISH",
        "reportedCurrency": "USD",
        "cik": "0001001082",
        "fillingDate": "2004-05-06",
        "acceptedDate": "2004-05-06 06:06:08",
        "calendarYear": "2004",
        "period": "Q1",
        "revenue": 1579796000,
        "costOfRevenue": 851760000,
        "grossProfit": 728036000,
        "grossProfitRatio": 0.4608417796,
        "researchAndDevelopmentExpenses": 0,
        "generalAndAdministrativeExpenses": 87786000,
        "sellingAndMarketingExpenses": 1180000,
        "sellingGeneralAndAdministrativeExpenses": 88966000,
        "otherExpenses": 100605000,
        "operatingExpenses": 189571000,
        "costAndExpenses": 1041331000,
        "interestIncome": 0,
        "interestExpense": 0,
        "depreciationAndAmortization": 113437000,
        "ebitda": 1058380000,
        "ebitdaratio": 0.669947259,
        "operatingIncome": 122166000,
        "operatingIncomeRatio": 0.0773302376,
        "totalOtherIncomeExpensesNet": -166006000,
        "incomeBeforeTax": -43840000,
        "incomeBeforeTaxRatio": -0.0277504184,
        "incomeTaxExpense": -954000,
        "netIncome": -42886000,
        "netIncomeRatio": -0.027146543,
        "eps": -0.0892,
        "epsdiluted": -0.0892,
        "weightedAverageShsOut": 480809772,
        "weightedAverageShsOutDil": 480809772,
        "link": "https://www.sec.gov/Archives/edgar/data/1001082/000095013404006764/0000950134-04-006764-index.htm",
        "finalLink": "https://www.sec.gov/Archives/edgar/data/1001082/000095013404006764/d15062e10vq.htm"
    },
    {
        "date": "2003-12-31",
        "symbol": "DISH",
        "reportedCurrency": "USD",
        "cik": "0001001082",
        "fillingDate": "2004-03-26",
        "acceptedDate": "2004-03-26 06:02:18",
        "calendarYear": "2003",
        "period": "Q4",
        "revenue": 1513386000,
        "costOfRevenue": -5586000,
        "grossProfit": 1518972000,
        "grossProfitRatio": 1.003691061,
        "researchAndDevelopmentExpenses": 0,
        "generalAndAdministrativeExpenses": 71778000,
        "sellingAndMarketingExpenses": -263721000,
        "sellingGeneralAndAdministrativeExpenses": -37762000,
        "otherExpenses": 99344000,
        "operatingExpenses": 61582000,
        "costAndExpenses": 55996000,
        "interestIncome": 0,
        "interestExpense": 0,
        "depreciationAndAmortization": 112418000,
        "ebitda": 2926290000,
        "ebitdaratio": 1.9336045133,
        "operatingIncome": 145322000,
        "operatingIncomeRatio": 0.0960244115,
        "totalOtherIncomeExpensesNet": -140050000,
        "incomeBeforeTax": 5272000,
        "incomeBeforeTaxRatio": 0.0034835792,
        "incomeTaxExpense": 2592000,
        "netIncome": 77474000,
        "netIncomeRatio": 0.0511924915,
        "eps": 0.16,
        "epsdiluted": 0.16,
        "weightedAverageShsOut": 480809772,
        "weightedAverageShsOutDil": 480809772,
        "link": "https://www.sec.gov/Archives/edgar/data/1001082/000095013404004096/0000950134-04-004096-index.htm",
        "finalLink": "https://www.sec.gov/Archives/edgar/data/1001082/000095013404004096/d13664e10vk.htm"
    },
    {
        "date": "2003-09-30",
        "symbol": "DISH",
        "reportedCurrency": "USD",
        "cik": "0001001082",
        "fillingDate": "2003-11-10",
        "acceptedDate": "2003-11-10 17:21:19",
        "calendarYear": "2003",
        "period": "Q3",
        "revenue": 1452295000,
        "costOfRevenue": 1064102000,
        "grossProfit": 388193000,
        "grossProfitRatio": 0.2672962449,
        "researchAndDevelopmentExpenses": 0,
        "generalAndAdministrativeExpenses": 87704000,
        "sellingAndMarketingExpenses": 39607000,
        "sellingGeneralAndAdministrativeExpenses": 127311000,
        "otherExpenses": 100397000,
        "operatingExpenses": 227708000,
        "costAndExpenses": 1291810000,
        "interestIncome": 0,
        "interestExpense": 0,
        "depreciationAndAmortization": 105972000,
        "ebitda": 250263000,
        "ebitdaratio": 0.1723224276,
        "operatingIncome": 160485000,
        "operatingIncomeRatio": 0.1105044085,
        "totalOtherIncomeExpensesNet": -121974000,
        "incomeBeforeTax": 38511000,
        "incomeBeforeTaxRatio": 0.0265173398,
        "incomeTaxExpense": 3395000,
        "netIncome": 35116000,
        "netIncomeRatio": 0.0241796605,
        "eps": 0.0697,
        "epsdiluted": 0.0697,
        "weightedAverageShsOut": 486337509,
        "weightedAverageShsOutDil": 490649466,
        "link": "https://www.sec.gov/Archives/edgar/data/1001082/000103570403000773/0001035704-03-000773-index.htm",
        "finalLink": "https://www.sec.gov/Archives/edgar/data/1001082/000103570403000773/d10018e10vq.htm"
    },
    {
        "date": "2003-06-30",
        "symbol": "DISH",
        "reportedCurrency": "USD",
        "cik": "0001001082",
        "fillingDate": "2003-08-13",
        "acceptedDate": "2003-08-13 06:02:55",
        "calendarYear": "2003",
        "period": "Q2",
        "revenue": 1414567000,
        "costOfRevenue": 962478000,
        "grossProfit": 452089000,
        "grossProfitRatio": 0.3195953249,
        "researchAndDevelopmentExpenses": 0,
        "generalAndAdministrativeExpenses": 88872000,
        "sellingAndMarketingExpenses": 39925000,
        "sellingGeneralAndAdministrativeExpenses": 128797000,
        "otherExpenses": 100299000,
        "operatingExpenses": 229096000,
        "costAndExpenses": 1191574000,
        "interestIncome": 0,
        "interestExpense": 0,
        "depreciationAndAmortization": 103072000,
        "ebitda": 303587000,
        "ebitdaratio": 0.2146147903,
        "operatingIncome": 222993000,
        "operatingIncomeRatio": 0.1576404652,
        "totalOtherIncomeExpensesNet": -91043000,
        "incomeBeforeTax": 131950000,
        "incomeBeforeTaxRatio": 0.0932794276,
        "incomeTaxExpense": 3157000,
        "netIncome": 128793000,
        "netIncomeRatio": 0.0910476492,
        "eps": 0.27,
        "epsdiluted": 0.26,
        "weightedAverageShsOut": 485280352,
        "weightedAverageShsOutDil": 490313143,
        "link": "https://www.sec.gov/Archives/edgar/data/1001082/000095013403011513/0000950134-03-011513-index.htm",
        "finalLink": "https://www.sec.gov/Archives/edgar/data/1001082/000095013403011513/d07724e10vq.htm"
    },
    {
        "date": "2003-03-31",
        "symbol": "DISH",
        "reportedCurrency": "USD",
        "cik": "0001001082",
        "fillingDate": "2003-05-06",
        "acceptedDate": "2003-05-06 08:01:05",
        "calendarYear": "2003",
        "period": "Q1",
        "revenue": 1359048000,
        "costOfRevenue": 813576000,
        "grossProfit": 545472000,
        "grossProfitRatio": 0.4013633073,
        "researchAndDevelopmentExpenses": 0,
        "generalAndAdministrativeExpenses": 84369000,
        "sellingAndMarketingExpenses": 184189000,
        "sellingGeneralAndAdministrativeExpenses": 268558000,
        "otherExpenses": 98166000,
        "operatingExpenses": 366724000,
        "costAndExpenses": 1180300000,
        "interestIncome": 0,
        "interestExpense": 0,
        "depreciationAndAmortization": 103429000,
        "ebitda": 257669000,
        "ebitdaratio": 0.1895952167,
        "operatingIncome": 178748000,
        "operatingIncomeRatio": 0.13152442,
        "totalOtherIncomeExpensesNet": -115599000,
        "incomeBeforeTax": 63149000,
        "incomeBeforeTaxRatio": 0.0464656142,
        "incomeTaxExpense": 5232000,
        "netIncome": 57917000,
        "netIncomeRatio": 0.0426158605,
        "eps": 0.12,
        "epsdiluted": 0.12,
        "weightedAverageShsOut": 482997374,
        "weightedAverageShsOutDil": 488589365,
        "link": "https://www.sec.gov/Archives/edgar/data/1001082/000095013403007156/0000950134-03-007156-index.htm",
        "finalLink": "https://www.sec.gov/Archives/edgar/data/1001082/000095013403007156/d05433e10vq.htm"
    },
    {
        "date": "2002-12-31",
        "symbol": "DISH",
        "reportedCurrency": "USD",
        "cik": "0001001082",
        "fillingDate": "2003-03-04",
        "acceptedDate": "2003-03-04 08:02:13",
        "calendarYear": "2002",
        "period": "Q4",
        "revenue": 1324824000,
        "costOfRevenue": 403005000,
        "grossProfit": 921819000,
        "grossProfitRatio": 0.6958048767,
        "researchAndDevelopmentExpenses": 0,
        "generalAndAdministrativeExpenses": 686783000,
        "sellingAndMarketingExpenses": 45646000,
        "sellingGeneralAndAdministrativeExpenses": 732429000,
        "otherExpenses": -584180000,
        "operatingExpenses": 148249000,
        "costAndExpenses": 551254000,
        "interestIncome": 0,
        "interestExpense": 0,
        "depreciationAndAmortization": 108677000,
        "ebitda": 1524676000,
        "ebitdaratio": 1.1508517358,
        "operatingIncome": 83772000,
        "operatingIncomeRatio": 0.0632325501,
        "totalOtherIncomeExpensesNet": -736666000,
        "incomeBeforeTax": -652894000,
        "incomeBeforeTaxRatio": -0.4928156495,
        "incomeTaxExpense": 62661000,
        "netIncome": -715555000,
        "netIncomeRatio": -0.5401132528,
        "eps": -1.48,
        "epsdiluted": -1.48,
        "weightedAverageShsOut": 482747392,
        "weightedAverageShsOutDil": 482997374,
        "link": "https://www.sec.gov/Archives/edgar/data/1001082/000095013403003310/0000950134-03-003310-index.htm",
        "finalLink": "https://www.sec.gov/Archives/edgar/data/1001082/000095013403003310/d03386e10vk.htm"
    },
    {
        "date": "2002-09-30",
        "symbol": "DISH",
        "reportedCurrency": "USD",
        "cik": "0001001082",
        "fillingDate": "2002-11-14",
        "acceptedDate": "2002-11-14 08:01:53",
        "calendarYear": "2002",
        "period": "Q3",
        "revenue": 1222849000,
        "costOfRevenue": 879330000,
        "grossProfit": 343519000,
        "grossProfitRatio": 0.2809169407,
        "researchAndDevelopmentExpenses": 0,
        "generalAndAdministrativeExpenses": 102698000,
        "sellingAndMarketingExpenses": 47130000,
        "sellingGeneralAndAdministrativeExpenses": 149828000,
        "otherExpenses": 97822000,
        "operatingExpenses": 247650000,
        "costAndExpenses": 1126980000,
        "interestIncome": 0,
        "interestExpense": 0,
        "depreciationAndAmortization": 100786000,
        "ebitda": 371746000,
        "ebitdaratio": 0.3039999215,
        "operatingIncome": 95869000,
        "operatingIncomeRatio": 0.0783980688,
        "totalOtherIncomeExpensesNet": -264454000,
        "incomeBeforeTax": 168585000,
        "incomeBeforeTaxRatio": 0.1378624834,
        "incomeTaxExpense": -636000,
        "netIncome": -167949000,
        "netIncomeRatio": -0.1373423865,
        "eps": -0.35,
        "epsdiluted": -0.35,
        "weightedAverageShsOut": 482618886,
        "weightedAverageShsOutDil": 482618886,
        "link": "https://www.sec.gov/Archives/edgar/data/1001082/000095013402014210/0000950134-02-014210-index.htm",
        "finalLink": "https://www.sec.gov/Archives/edgar/data/1001082/000095013402014210/d00944e10vq.htm"
    },
    {
        "date": "2002-06-30",
        "symbol": "DISH",
        "reportedCurrency": "USD",
        "cik": "0001001082",
        "fillingDate": "2002-08-14",
        "acceptedDate": "2002-08-14 18:07:29",
        "calendarYear": "2002",
        "period": "Q2",
        "revenue": 1168684000,
        "costOfRevenue": 596540000,
        "grossProfit": 572144000,
        "grossProfitRatio": 0.4895626192,
        "researchAndDevelopmentExpenses": 0,
        "generalAndAdministrativeExpenses": 87403000,
        "sellingAndMarketingExpenses": 250332000,
        "sellingGeneralAndAdministrativeExpenses": 337735000,
        "otherExpenses": 185679000,
        "operatingExpenses": 523414000,
        "costAndExpenses": 1119954000,
        "interestIncome": 0,
        "interestExpense": 0,
        "depreciationAndAmortization": 90927000,
        "ebitda": 143015000,
        "ebitdaratio": 0.1223726859,
        "operatingIncome": 48730000,
        "operatingIncomeRatio": 0.0416964723,
        "totalOtherIncomeExpensesNet": 7404000,
        "incomeBeforeTax": 56134000,
        "incomeBeforeTaxRatio": 0.0480318033,
        "incomeTaxExpense": 10294000,
        "netIncome": 45840000,
        "netIncomeRatio": 0.0392236054,
        "eps": 0.0797,
        "epsdiluted": 0.0697,
        "weightedAverageShsOut": 482301638,
        "weightedAverageShsOutDil": 546278225,
        "link": "https://www.sec.gov/Archives/edgar/data/1001082/000095013402010124/0000950134-02-010124-index.htm",
        "finalLink": "https://www.sec.gov/Archives/edgar/data/1001082/000095013402010124/d98747e10vq.htm"
    },
    {
        "date": "2002-03-31",
        "symbol": "DISH",
        "reportedCurrency": "USD",
        "cik": "0001001082",
        "fillingDate": "2002-05-02",
        "acceptedDate": "2002-05-01 21:49:31",
        "calendarYear": "2002",
        "period": "Q1",
        "revenue": 1104468000,
        "costOfRevenue": 559833000,
        "grossProfit": 544635000,
        "grossProfitRatio": 0.4931197644,
        "researchAndDevelopmentExpenses": 0,
        "generalAndAdministrativeExpenses": 96191000,
        "sellingAndMarketingExpenses": 271628000,
        "sellingGeneralAndAdministrativeExpenses": 367819000,
        "otherExpenses": 81537000,
        "operatingExpenses": 449356000,
        "costAndExpenses": 1009189000,
        "interestIncome": 0,
        "interestExpense": 0,
        "depreciationAndAmortization": 84474000,
        "ebitda": 213975000,
        "ebitdaratio": 0.1937358076,
        "operatingIncome": 95279000,
        "operatingIncomeRatio": 0.0862668724,
        "totalOtherIncomeExpensesNet": -133662000,
        "incomeBeforeTax": -38383000,
        "incomeBeforeTaxRatio": -0.0347524781,
        "incomeTaxExpense": 225000,
        "netIncome": -38608000,
        "netIncomeRatio": -0.0349561961,
        "eps": -0.0802,
        "epsdiluted": -0.0802,
        "weightedAverageShsOut": 481624977,
        "weightedAverageShsOutDil": 481624977,
        "link": "https://www.sec.gov/Archives/edgar/data/1001082/000095013402004446/0000950134-02-004446-index.htm",
        "finalLink": "https://www.sec.gov/Archives/edgar/data/1001082/000095013402004446/d96354e10-q.txt"
    },
    {
        "date": "2001-12-31",
        "symbol": "DISH",
        "reportedCurrency": "USD",
        "cik": "0001001082",
        "fillingDate": "2002-02-28",
        "acceptedDate": "2002-02-28 00:00:00",
        "calendarYear": "2001",
        "period": "Q4",
        "revenue": 1150430000,
        "costOfRevenue": 589725000,
        "grossProfit": 560705000,
        "grossProfitRatio": 0.4873873247,
        "researchAndDevelopmentExpenses": 0,
        "generalAndAdministrativeExpenses": 127627000,
        "sellingAndMarketingExpenses": 260886000,
        "sellingGeneralAndAdministrativeExpenses": 388513000,
        "otherExpenses": 84092000,
        "operatingExpenses": 472605000,
        "costAndExpenses": 1062330000,
        "interestIncome": 0,
        "interestExpense": 0,
        "depreciationAndAmortization": 86689000,
        "ebitda": 220991000,
        "ebitdaratio": 0.1920942604,
        "operatingIncome": 88100000,
        "operatingIncomeRatio": 0.0765800614,
        "totalOtherIncomeExpensesNet": -129729000,
        "incomeBeforeTax": -41629000,
        "incomeBeforeTaxRatio": -0.0361856002,
        "incomeTaxExpense": 1242000,
        "netIncome": -42871000,
        "netIncomeRatio": -0.0372651965,
        "eps": -0.0891,
        "epsdiluted": -0.089,
        "weightedAverageShsOut": 481269581,
        "weightedAverageShsOutDil": 481624977,
        "link": "https://www.sec.gov/Archives/edgar/data/1001082/000103570402000116/0001035704-02-000116-index.htm",
        "finalLink": "https://www.sec.gov/Archives/edgar/data/1001082/000103570402000116/d94539e10-k405.txt"
    },
    {
        "date": "2001-09-30",
        "symbol": "DISH",
        "reportedCurrency": "USD",
        "cik": "0001001082",
        "fillingDate": "2001-10-23",
        "acceptedDate": "2001-10-23 00:00:00",
        "calendarYear": "2001",
        "period": "Q3",
        "revenue": 1022506000,
        "costOfRevenue": 511960000,
        "grossProfit": 510546000,
        "grossProfitRatio": 0.4993085615,
        "researchAndDevelopmentExpenses": 0,
        "generalAndAdministrativeExpenses": 92603000,
        "sellingAndMarketingExpenses": 269600000,
        "sellingGeneralAndAdministrativeExpenses": 362203000,
        "otherExpenses": 72871000,
        "operatingExpenses": 435074000,
        "costAndExpenses": 947034000,
        "interestIncome": 0,
        "interestExpense": 0,
        "depreciationAndAmortization": 75707000,
        "ebitda": 155669000,
        "ebitdaratio": 0.1522426274,
        "operatingIncome": 75472000,
        "operatingIncomeRatio": 0.0738108138,
        "totalOtherIncomeExpensesNet": -72262000,
        "incomeBeforeTax": 3210000,
        "incomeBeforeTaxRatio": 0.0031393459,
        "incomeTaxExpense": 115000,
        "netIncome": 3095000,
        "netIncomeRatio": 0.0030268771,
        "eps": 0.01,
        "epsdiluted": 0.01,
        "weightedAverageShsOut": 480821819,
        "weightedAverageShsOutDil": 488513065,
        "link": "https://www.sec.gov/Archives/edgar/data/1001082/000095013401507515/0000950134-01-507515-index.htm",
        "finalLink": "https://www.sec.gov/Archives/edgar/data/1001082/000095013401507515/d91496e10-q.txt"
    },
    {
        "date": "2001-06-30",
        "symbol": "DISH",
        "reportedCurrency": "USD",
        "cik": "0001001082",
        "fillingDate": "2001-07-19",
        "acceptedDate": "2001-07-19 00:00:00",
        "calendarYear": "2001",
        "period": "Q2",
        "revenue": 966272000,
        "costOfRevenue": 53732000,
        "grossProfit": 912540000,
        "grossProfitRatio": 0.9443924692,
        "researchAndDevelopmentExpenses": 0,
        "generalAndAdministrativeExpenses": 525046000,
        "sellingAndMarketingExpenses": 253731000,
        "sellingGeneralAndAdministrativeExpenses": 778777000,
        "otherExpenses": 69850000,
        "operatingExpenses": 848627000,
        "costAndExpenses": 902359000,
        "interestIncome": 0,
        "interestExpense": 0,
        "depreciationAndAmortization": 64717000,
        "ebitda": 133395000,
        "ebitdaratio": 0.1380511906,
        "operatingIncome": 63913000,
        "operatingIncomeRatio": 0.0661439015,
        "totalOtherIncomeExpensesNet": -61616000,
        "incomeBeforeTax": 2297000,
        "incomeBeforeTaxRatio": 0.0023771774,
        "incomeTaxExpense": 48000,
        "netIncome": 2249000,
        "netIncomeRatio": 0.002327502,
        "eps": 0.0047,
        "epsdiluted": 0.0046,
        "weightedAverageShsOut": 477646332,
        "weightedAverageShsOutDil": 486001187,
        "link": "https://www.sec.gov/Archives/edgar/data/1001082/000095013401504174/0000950134-01-504174-index.htm",
        "finalLink": "https://www.sec.gov/Archives/edgar/data/1001082/000095013401504174/d89142e10-q.txt"
    },
    {
        "date": "2001-03-31",
        "symbol": "DISH",
        "reportedCurrency": "USD",
        "cik": "0001001082",
        "fillingDate": "2001-05-03",
        "acceptedDate": "2001-05-03 00:00:00",
        "calendarYear": "2001",
        "period": "Q1",
        "revenue": 861930000,
        "costOfRevenue": 44765000,
        "grossProfit": 817165000,
        "grossProfitRatio": 0.948064228,
        "researchAndDevelopmentExpenses": 0,
        "generalAndAdministrativeExpenses": 465884000,
        "sellingAndMarketingExpenses": 300158000,
        "sellingGeneralAndAdministrativeExpenses": 766042000,
        "otherExpenses": 66306000,
        "operatingExpenses": 832348000,
        "costAndExpenses": 877113000,
        "interestIncome": 0,
        "interestExpense": 0,
        "depreciationAndAmortization": 60728000,
        "ebitda": 146277000,
        "ebitdaratio": 0.169708677,
        "operatingIncome": -15183000,
        "operatingIncomeRatio": -0.0176151196,
        "totalOtherIncomeExpensesNet": -151809000,
        "incomeBeforeTax": -166992000,
        "incomeBeforeTaxRatio": -0.1937419512,
        "incomeTaxExpense": 49000,
        "netIncome": -167041000,
        "netIncomeRatio": -0.1937988004,
        "eps": -0.35,
        "epsdiluted": -0.35,
        "weightedAverageShsOut": 476436574,
        "weightedAverageShsOutDil": 476436574,
        "link": "https://www.sec.gov/Archives/edgar/data/1001082/000095013401501057/0000950134-01-501057-index.htm",
        "finalLink": "https://www.sec.gov/Archives/edgar/data/1001082/000095013401501057/d86297e10-q.txt"
    },
    {
        "date": "2000-12-31",
        "symbol": "DISH",
        "reportedCurrency": "USD",
        "cik": "0001001082",
        "fillingDate": "2001-03-13",
        "acceptedDate": "2001-03-13 00:00:00",
        "calendarYear": "2000",
        "period": "Q4",
        "revenue": 805398000,
        "costOfRevenue": 72864000,
        "grossProfit": 732534000,
        "grossProfitRatio": 0.9095304433,
        "researchAndDevelopmentExpenses": 0,
        "generalAndAdministrativeExpenses": 429468000,
        "sellingAndMarketingExpenses": 345259000,
        "sellingGeneralAndAdministrativeExpenses": 774727000,
        "otherExpenses": 71543000,
        "operatingExpenses": 846270000,
        "costAndExpenses": 919134000,
        "interestIncome": 0,
        "interestExpense": 0,
        "depreciationAndAmortization": 60559000,
        "ebitda": -35654000,
        "ebitdaratio": -0.0442687963,
        "operatingIncome": -113736000,
        "operatingIncomeRatio": -0.1412171374,
        "totalOtherIncomeExpensesNet": -58182000,
        "incomeBeforeTax": -171918000,
        "incomeBeforeTaxRatio": -0.2134571976,
        "incomeTaxExpense": 410000,
        "netIncome": -172328000,
        "netIncomeRatio": -0.2139662626,
        "eps": -0.36,
        "epsdiluted": -0.36,
        "weightedAverageShsOut": 475596269,
        "weightedAverageShsOutDil": 476436574,
        "link": "https://www.sec.gov/Archives/edgar/data/1001082/000095013401002076/0000950134-01-002076-index.htm",
        "finalLink": "https://www.sec.gov/Archives/edgar/data/1001082/000095013401002076/d84910e10-k.txt"
    },
    {
        "date": "2000-09-30",
        "symbol": "DISH",
        "reportedCurrency": "USD",
        "cik": "0001001082",
        "fillingDate": "2000-11-14",
        "acceptedDate": "2000-11-14 00:00:00",
        "calendarYear": "2000",
        "period": "Q3",
        "revenue": 697972000,
        "costOfRevenue": 47313000,
        "grossProfit": 650659000,
        "grossProfitRatio": 0.9322136132,
        "researchAndDevelopmentExpenses": 0,
        "generalAndAdministrativeExpenses": 388834000,
        "sellingAndMarketingExpenses": 287828000,
        "sellingGeneralAndAdministrativeExpenses": 676662000,
        "otherExpenses": 56079000,
        "operatingExpenses": 732741000,
        "costAndExpenses": 780054000,
        "interestIncome": 0,
        "interestExpense": 0,
        "depreciationAndAmortization": 46067000,
        "ebitda": -23352000,
        "ebitdaratio": -0.0334569295,
        "operatingIncome": -82082000,
        "operatingIncomeRatio": -0.117600706,
        "totalOtherIncomeExpensesNet": -48757000,
        "incomeBeforeTax": -130839000,
        "incomeBeforeTaxRatio": -0.1874559438,
        "incomeTaxExpense": 54000,
        "netIncome": -130893000,
        "netIncomeRatio": -0.1875333108,
        "eps": -0.28,
        "epsdiluted": -0.28,
        "weightedAverageShsOut": 474880455,
        "weightedAverageShsOutDil": 474880455,
        "link": "https://www.sec.gov/Archives/edgar/data/1001082/000095013400009640/0000950134-00-009640-index.htm",
        "finalLink": "https://www.sec.gov/Archives/edgar/data/1001082/000095013400009640/d81294e10-q.txt"
    },
    {
        "date": "2000-06-30",
        "symbol": "DISH",
        "reportedCurrency": "USD",
        "cik": "0001001082",
        "fillingDate": "2000-08-01",
        "acceptedDate": "2000-08-01 00:00:00",
        "calendarYear": "2000",
        "period": "Q2",
        "revenue": 646129000,
        "costOfRevenue": 53440000,
        "grossProfit": 592689000,
        "grossProfitRatio": 0.9172920578,
        "researchAndDevelopmentExpenses": 0,
        "generalAndAdministrativeExpenses": 371892000,
        "sellingAndMarketingExpenses": 252296000,
        "sellingGeneralAndAdministrativeExpenses": 624188000,
        "otherExpenses": 54732000,
        "operatingExpenses": 678920000,
        "costAndExpenses": 732360000,
        "interestIncome": 0,
        "interestExpense": 0,
        "depreciationAndAmortization": 43244000,
        "ebitda": -27927000,
        "ebitdaratio": -0.0432220191,
        "operatingIncome": -86231000,
        "operatingIncomeRatio": -0.1334578699,
        "totalOtherIncomeExpensesNet": 219055000,
        "incomeBeforeTax": 132824000,
        "incomeBeforeTaxRatio": 0.205568857,
        "incomeTaxExpense": 36000,
        "netIncome": -132860000,
        "netIncomeRatio": -0.2056245734,
        "eps": -0.28,
        "epsdiluted": -0.28,
        "weightedAverageShsOut": 473416699,
        "weightedAverageShsOutDil": 473416699,
        "link": "https://www.sec.gov/Archives/edgar/data/1001082/000095013400006128/0000950134-00-006128-index.htm",
        "finalLink": "https://www.sec.gov/Archives/edgar/data/1001082/000095013400006128/e10-q.txt"
    },
    {
        "date": "2000-03-31",
        "symbol": "DISH",
        "reportedCurrency": "USD",
        "cik": "0001001082",
        "fillingDate": "2000-04-27",
        "acceptedDate": "2000-04-27 00:00:00",
        "calendarYear": "2000",
        "period": "Q1",
        "revenue": 565721000,
        "costOfRevenue": 54338000,
        "grossProfit": 511383000,
        "grossProfitRatio": 0.9039491198,
        "researchAndDevelopmentExpenses": 0,
        "generalAndAdministrativeExpenses": 325676000,
        "sellingAndMarketingExpenses": 273257000,
        "sellingGeneralAndAdministrativeExpenses": 598933000,
        "otherExpenses": 54467000,
        "operatingExpenses": 653400000,
        "costAndExpenses": 707738000,
        "interestIncome": 0,
        "interestExpense": 0,
        "depreciationAndAmortization": 41992000,
        "ebitda": -85473000,
        "ebitdaratio": -0.1510868432,
        "operatingIncome": -142017000,
        "operatingIncomeRatio": -0.251037172,
        "totalOtherIncomeExpensesNet": -43058000,
        "incomeBeforeTax": -185075000,
        "incomeBeforeTaxRatio": -0.3271488949,
        "incomeTaxExpense": 55000,
        "netIncome": -185130000,
        "netIncomeRatio": -0.327246116,
        "eps": -0.4,
        "epsdiluted": -0.4,
        "weightedAverageShsOut": 467606852,
        "weightedAverageShsOutDil": 467606852,
        "link": "https://www.sec.gov/Archives/edgar/data/1001082/000103570400000258/0001035704-00-000258-index.html",
        "finalLink": "https://www.sec.gov/Archives/edgar/data/1001082/000103570400000258/"
    },
    {
        "date": "1999-12-31",
        "symbol": "DISH",
        "reportedCurrency": "USD",
        "cik": "0001001082",
        "fillingDate": "2000-03-13",
        "acceptedDate": "2000-03-13 00:00:00",
        "calendarYear": "1999",
        "period": "Q4",
        "revenue": 516103000,
        "costOfRevenue": 77706000,
        "grossProfit": 438397000,
        "grossProfitRatio": 0.849437031,
        "researchAndDevelopmentExpenses": 0,
        "generalAndAdministrativeExpenses": 329876000,
        "sellingAndMarketingExpenses": 235199000,
        "sellingGeneralAndAdministrativeExpenses": 565075000,
        "otherExpenses": 34287000,
        "operatingExpenses": 599362000,
        "costAndExpenses": 677068000,
        "interestIncome": 0,
        "interestExpense": 0,
        "depreciationAndAmortization": 35381000,
        "ebitda": -110365000,
        "ebitdaratio": -0.2138429732,
        "operatingIncome": -160965000,
        "operatingIncomeRatio": -0.3118854182,
        "totalOtherIncomeExpensesNet": -58976000,
        "incomeBeforeTax": -219941000,
        "incomeBeforeTaxRatio": -0.4261571818,
        "incomeTaxExpense": 45000,
        "netIncome": -219986000,
        "netIncomeRatio": -0.4262443737,
        "eps": -0.48,
        "epsdiluted": -0.47,
        "weightedAverageShsOut": 459960785,
        "weightedAverageShsOutDil": 467606852,
        "link": "https://www.sec.gov/Archives/edgar/data/1001082/000103570400000160/0001035704-00-000160-index.html",
        "finalLink": "https://www.sec.gov/Archives/edgar/data/1001082/000103570400000160/"
    },
    {
        "date": "1999-09-30",
        "symbol": "DISH",
        "reportedCurrency": "USD",
        "cik": "0001001082",
        "fillingDate": "1999-11-02",
        "acceptedDate": "1999-11-02 00:00:00",
        "calendarYear": "1999",
        "period": "Q3",
        "revenue": 427496000,
        "costOfRevenue": 38840000,
        "grossProfit": 388656000,
        "grossProfitRatio": 0.9091453487,
        "researchAndDevelopmentExpenses": 0,
        "generalAndAdministrativeExpenses": 239637000,
        "sellingAndMarketingExpenses": 200633000,
        "sellingGeneralAndAdministrativeExpenses": 440270000,
        "otherExpenses": 27841000,
        "operatingExpenses": 468111000,
        "costAndExpenses": 506951000,
        "interestIncome": 0,
        "interestExpense": 0,
        "depreciationAndAmortization": 28684000,
        "ebitda": -49157000,
        "ebitdaratio": -0.1149882104,
        "operatingIncome": -79455000,
        "operatingIncomeRatio": -0.1858613882,
        "totalOtherIncomeExpensesNet": -44925000,
        "incomeBeforeTax": -124380000,
        "incomeBeforeTaxRatio": -0.2909500908,
        "incomeTaxExpense": 21000,
        "netIncome": -124401000,
        "netIncomeRatio": -0.290999214,
        "eps": -0.27,
        "epsdiluted": -0.27,
        "weightedAverageShsOut": 457203942,
        "weightedAverageShsOutDil": 457203942,
        "link": "https://www.sec.gov/Archives/edgar/data/1001082/000100108299000022/0001001082-99-000022-index.html",
        "finalLink": "https://www.sec.gov/Archives/edgar/data/1001082/000100108299000022/"
    },
    {
        "date": "1999-06-30",
        "symbol": "DISH",
        "reportedCurrency": "USD",
        "cik": "0001001082",
        "fillingDate": "1999-08-09",
        "acceptedDate": "1999-08-09 00:00:00",
        "calendarYear": "1999",
        "period": "Q2",
        "revenue": 349878000,
        "costOfRevenue": 21999000,
        "grossProfit": 327879000,
        "grossProfitRatio": 0.9371237974,
        "researchAndDevelopmentExpenses": 0,
        "generalAndAdministrativeExpenses": 200996000,
        "sellingAndMarketingExpenses": 151932000,
        "sellingGeneralAndAdministrativeExpenses": 352928000,
        "otherExpenses": 25940000,
        "operatingExpenses": 378868000,
        "costAndExpenses": 400867000,
        "interestIncome": 0,
        "interestExpense": 0,
        "depreciationAndAmortization": 26745000,
        "ebitda": -39918000,
        "ebitdaratio": -0.1140911975,
        "operatingIncome": -50989000,
        "operatingIncomeRatio": -0.1457336557,
        "totalOtherIncomeExpensesNet": -25118000,
        "incomeBeforeTax": -76107000,
        "incomeBeforeTaxRatio": -0.2175243942,
        "incomeTaxExpense": 22000,
        "netIncome": -76129000,
        "netIncomeRatio": -0.2175872733,
        "eps": -0.2,
        "epsdiluted": -0.2,
        "weightedAverageShsOut": 382002214,
        "weightedAverageShsOutDil": 382002214,
        "link": "https://www.sec.gov/Archives/edgar/data/1001082/000104746999030275/0001047469-99-030275-index.html",
        "finalLink": "https://www.sec.gov/Archives/edgar/data/1001082/000104746999030275/"
    },
    {
        "date": "1999-03-31",
        "symbol": "DISH",
        "reportedCurrency": "USD",
        "cik": "0001001082",
        "fillingDate": "1999-05-17",
        "acceptedDate": "1999-05-17 00:00:00",
        "calendarYear": "1999",
        "period": "Q1",
        "revenue": 309364000,
        "costOfRevenue": 26966000,
        "grossProfit": 282398000,
        "grossProfitRatio": 0.9128340725,
        "researchAndDevelopmentExpenses": 0,
        "generalAndAdministrativeExpenses": 173723000,
        "sellingAndMarketingExpenses": 139297000,
        "sellingGeneralAndAdministrativeExpenses": 313020000,
        "otherExpenses": 25060000,
        "operatingExpenses": 338080000,
        "costAndExpenses": 365046000,
        "interestIncome": 0,
        "interestExpense": 0,
        "depreciationAndAmortization": 36096000,
        "ebitda": -19576000,
        "ebitdaratio": -0.0632782095,
        "operatingIncome": -55682000,
        "operatingIncomeRatio": -0.1799886218,
        "totalOtherIncomeExpensesNet": -47584000,
        "incomeBeforeTax": -103266000,
        "incomeBeforeTaxRatio": -0.3338009594,
        "incomeTaxExpense": 66000,
        "netIncome": -372331000,
        "netIncomeRatio": -1.2035369338,
        "eps": -1.03,
        "epsdiluted": -1.03,
        "weightedAverageShsOut": 362955312,
        "weightedAverageShsOutDil": 362955312,
        "link": "https://www.sec.gov/Archives/edgar/data/1001082/000104746999020774/0001047469-99-020774-index.html",
        "finalLink": "https://www.sec.gov/Archives/edgar/data/1001082/"
    },
    {
        "date": "1998-12-31",
        "symbol": "DISH",
        "reportedCurrency": "USD",
        "cik": "0001001082",
        "fillingDate": "1999-03-17",
        "acceptedDate": "1999-03-17 00:00:00",
        "calendarYear": "1998",
        "period": "Q4",
        "revenue": 286982000,
        "costOfRevenue": 47040000,
        "grossProfit": 239942000,
        "grossProfitRatio": 0.8360872807,
        "researchAndDevelopmentExpenses": 0,
        "generalAndAdministrativeExpenses": 150374000,
        "sellingAndMarketingExpenses": 135016000,
        "sellingGeneralAndAdministrativeExpenses": 285390000,
        "otherExpenses": 24684000,
        "operatingExpenses": 310074000,
        "costAndExpenses": 357114000,
        "interestIncome": 0,
        "interestExpense": 0,
        "depreciationAndAmortization": 60953000,
        "ebitda": -9201000,
        "ebitdaratio": -0.0320612443,
        "operatingIncome": -70132000,
        "operatingIncomeRatio": -0.2443776962,
        "totalOtherIncomeExpensesNet": -43337000,
        "incomeBeforeTax": -113469000,
        "incomeBeforeTaxRatio": -0.3953871671,
        "incomeTaxExpense": -161000,
        "netIncome": -113308000,
        "netIncomeRatio": -0.3948261563,
        "eps": -0.31,
        "epsdiluted": -0.31,
        "weightedAverageShsOut": 362746492,
        "weightedAverageShsOutDil": 362955312,
        "link": "https://www.sec.gov/Archives/edgar/data/1001082/000104746999010168/0001047469-99-010168-index.html",
        "finalLink": "https://www.sec.gov/Archives/edgar/data/1001082/"
    },
    {
        "date": "1998-09-30",
        "symbol": "DISH",
        "reportedCurrency": "USD",
        "cik": "0001001082",
        "fillingDate": "1998-11-10",
        "acceptedDate": "1998-11-10 00:00:00",
        "calendarYear": "1998",
        "period": "Q3",
        "revenue": 235407000,
        "costOfRevenue": 32218000,
        "grossProfit": 203189000,
        "grossProfitRatio": 0.863139159,
        "researchAndDevelopmentExpenses": 0,
        "generalAndAdministrativeExpenses": 128936000,
        "sellingAndMarketingExpenses": 65743000,
        "sellingGeneralAndAdministrativeExpenses": 194679000,
        "otherExpenses": 23860000,
        "operatingExpenses": 218539000,
        "costAndExpenses": 250757000,
        "interestIncome": 0,
        "interestExpense": 0,
        "depreciationAndAmortization": 56928000,
        "ebitda": 41481000,
        "ebitdaratio": 0.1762097134,
        "operatingIncome": -15350000,
        "operatingIncomeRatio": -0.0652062173,
        "totalOtherIncomeExpensesNet": -36699000,
        "incomeBeforeTax": -52049000,
        "incomeBeforeTaxRatio": -0.2211021762,
        "incomeTaxExpense": -78000,
        "netIncome": -51971000,
        "netIncomeRatio": -0.2207708352,
        "eps": -0.14,
        "epsdiluted": -0.14,
        "weightedAverageShsOut": 361525690,
        "weightedAverageShsOutDil": 361525690,
        "link": "https://www.sec.gov/Archives/edgar/data/1001082/000104746998039823/0001047469-98-039823-index.html",
        "finalLink": "https://www.sec.gov/Archives/edgar/data/1001082/"
    },
    {
        "date": "1998-06-30",
        "symbol": "DISH",
        "reportedCurrency": "USD",
        "cik": "0001001082",
        "fillingDate": "1998-08-06",
        "acceptedDate": "1998-08-06 00:00:00",
        "calendarYear": "1998",
        "period": "Q2",
        "revenue": 245838000,
        "costOfRevenue": 57177000,
        "grossProfit": 188661000,
        "grossProfitRatio": 0.7674200083,
        "researchAndDevelopmentExpenses": 0,
        "generalAndAdministrativeExpenses": 112716000,
        "sellingAndMarketingExpenses": 67544000,
        "sellingGeneralAndAdministrativeExpenses": 180260000,
        "otherExpenses": 24645000,
        "operatingExpenses": 204905000,
        "costAndExpenses": 262082000,
        "interestIncome": 0,
        "interestExpense": 0,
        "depreciationAndAmortization": 53229000,
        "ebitda": 37698000,
        "ebitdaratio": 0.1533448857,
        "operatingIncome": -16244000,
        "operatingIncomeRatio": -0.0660760338,
        "totalOtherIncomeExpensesNet": -29361000,
        "incomeBeforeTax": -45605000,
        "incomeBeforeTaxRatio": -0.1855083429,
        "incomeTaxExpense": 112000,
        "netIncome": -45717000,
        "netIncomeRatio": -0.1859639275,
        "eps": -0.13,
        "epsdiluted": -0.13,
        "weightedAverageShsOut": 360915290,
        "weightedAverageShsOutDil": 360915290,
        "link": "https://www.sec.gov/Archives/edgar/data/1001082/000104746998029545/0001047469-98-029545-index.html",
        "finalLink": "https://www.sec.gov/Archives/edgar/data/1001082/"
    },
    {
        "date": "1998-03-31",
        "symbol": "DISH",
        "reportedCurrency": "USD",
        "cik": "0001001082",
        "fillingDate": "1998-05-13",
        "acceptedDate": "1998-05-13 00:00:00",
        "calendarYear": "1998",
        "period": "Q1",
        "revenue": 214439000,
        "costOfRevenue": 53449000,
        "grossProfit": 160990000,
        "grossProfitRatio": 0.7507496304,
        "researchAndDevelopmentExpenses": 0,
        "generalAndAdministrativeExpenses": 100490000,
        "sellingAndMarketingExpenses": 52218000,
        "sellingGeneralAndAdministrativeExpenses": 152708000,
        "otherExpenses": 29447000,
        "operatingExpenses": 182155000,
        "costAndExpenses": 235604000,
        "interestIncome": 0,
        "interestExpense": 0,
        "depreciationAndAmortization": 57250000,
        "ebitda": 36195000,
        "ebitdaratio": 0.1687892594,
        "operatingIncome": -21165000,
        "operatingIncomeRatio": -0.098699397,
        "totalOtherIncomeExpensesNet": -28550000,
        "incomeBeforeTax": -49715000,
        "incomeBeforeTaxRatio": -0.2318374922,
        "incomeTaxExpense": 171000,
        "netIncome": -49886000,
        "netIncomeRatio": -0.2326349218,
        "eps": -0.14,
        "epsdiluted": -0.14,
        "weightedAverageShsOut": 359903310,
        "weightedAverageShsOutDil": 359903310,
        "link": "https://www.sec.gov/Archives/edgar/data/1001082/000104746998019885/0001047469-98-019885-index.html",
        "finalLink": "https://www.sec.gov/Archives/edgar/data/1001082/"
    },
    {
        "date": "1997-12-31",
        "symbol": "DISH",
        "reportedCurrency": "USD",
        "cik": "0001001082",
        "fillingDate": "1998-03-20",
        "acceptedDate": "1998-03-20 00:00:00",
        "calendarYear": "1997",
        "period": "Q4",
        "revenue": 195512000,
        "costOfRevenue": 59259000,
        "grossProfit": 136253000,
        "grossProfitRatio": 0.6969035149,
        "researchAndDevelopmentExpenses": 0,
        "generalAndAdministrativeExpenses": 83560000,
        "sellingAndMarketingExpenses": 61203000,
        "sellingGeneralAndAdministrativeExpenses": 144763000,
        "otherExpenses": 39419000,
        "operatingExpenses": 184182000,
        "costAndExpenses": 243441000,
        "interestIncome": 0,
        "interestExpense": 0,
        "depreciationAndAmortization": 122640000,
        "ebitda": 75811000,
        "ebitdaratio": 0.3877562503,
        "operatingIncome": -47929000,
        "operatingIncomeRatio": -0.245146078,
        "totalOtherIncomeExpensesNet": -23002000,
        "incomeBeforeTax": -70931000,
        "incomeBeforeTaxRatio": -0.3627961455,
        "incomeTaxExpense": 82000,
        "netIncome": -71013000,
        "netIncomeRatio": -0.3632155571,
        "eps": -0.2,
        "epsdiluted": -0.2,
        "weightedAverageShsOut": 355813643,
        "weightedAverageShsOutDil": 359903310,
        "link": "https://www.sec.gov/Archives/edgar/data/1001082/000104746998010660/0001047469-98-010660-index.html",
        "finalLink": "https://www.sec.gov/Archives/edgar/data/1001082/"
    },
    {
        "date": "1997-09-30",
        "symbol": "DISH",
        "reportedCurrency": "USD",
        "cik": "0001001082",
        "fillingDate": "1997-11-14",
        "acceptedDate": "1997-11-14 00:00:00",
        "calendarYear": "1997",
        "period": "Q3",
        "revenue": 124826000,
        "costOfRevenue": 11943000,
        "grossProfit": 112883000,
        "grossProfitRatio": 0.9043228174,
        "researchAndDevelopmentExpenses": 0,
        "generalAndAdministrativeExpenses": 74137000,
        "sellingAndMarketingExpenses": 80389000,
        "sellingGeneralAndAdministrativeExpenses": 154526000,
        "otherExpenses": 47082000,
        "operatingExpenses": 201608000,
        "costAndExpenses": 213551000,
        "interestIncome": 0,
        "interestExpense": 0,
        "depreciationAndAmortization": 8351000,
        "ebitda": -41570000,
        "ebitdaratio": -0.3330235688,
        "operatingIncome": -88725000,
        "operatingIncomeRatio": -0.7107894189,
        "totalOtherIncomeExpensesNet": -26412000,
        "incomeBeforeTax": -115137000,
        "incomeBeforeTaxRatio": -0.9223799529,
        "incomeTaxExpense": 20000,
        "netIncome": -115157000,
        "netIncomeRatio": -0.9225401759,
        "eps": -0.35,
        "epsdiluted": -0.35,
        "weightedAverageShsOut": 331302840,
        "weightedAverageShsOutDil": 331302840,
        "link": "https://www.sec.gov/Archives/edgar/data/1001082/000104746997004696/0001047469-97-004696-index.html",
        "finalLink": "https://www.sec.gov/Archives/edgar/data/1001082/"
    },
    {
        "date": "1997-06-30",
        "symbol": "DISH",
        "reportedCurrency": "USD",
        "cik": "0001001082",
        "fillingDate": "1997-08-12",
        "acceptedDate": "1997-08-12 00:00:00",
        "calendarYear": "1997",
        "period": "Q2",
        "revenue": 100822000,
        "costOfRevenue": 45610000,
        "grossProfit": 55212000,
        "grossProfitRatio": 0.5476185753,
        "researchAndDevelopmentExpenses": 0,
        "generalAndAdministrativeExpenses": 34362000,
        "sellingAndMarketingExpenses": 0,
        "sellingGeneralAndAdministrativeExpenses": 34362000,
        "otherExpenses": 63871000,
        "operatingExpenses": 98233000,
        "costAndExpenses": 143843000,
        "interestIncome": 0,
        "interestExpense": 0,
        "depreciationAndAmortization": 66189000,
        "ebitda": 41156000,
        "ebitdaratio": 0.4082045585,
        "operatingIncome": -43021000,
        "operatingIncomeRatio": -0.4267025054,
        "totalOtherIncomeExpensesNet": -20743000,
        "incomeBeforeTax": -63764000,
        "incomeBeforeTaxRatio": -0.6324413322,
        "incomeTaxExpense": 25000,
        "netIncome": -63789000,
        "netIncomeRatio": -0.632689294,
        "eps": -0.2,
        "epsdiluted": -0.2,
        "weightedAverageShsOut": 320259412,
        "weightedAverageShsOutDil": 320259412,
        "link": "https://www.sec.gov/Archives/edgar/data/1001082/000091205797027091/0000912057-97-027091-index.html",
        "finalLink": "https://www.sec.gov/Archives/edgar/data/1001082/"
    },
    {
        "date": "1997-03-31",
        "symbol": "DISH",
        "reportedCurrency": "USD",
        "cik": "0001001082",
        "fillingDate": "1997-05-12",
        "acceptedDate": "1997-05-12 00:00:00",
        "calendarYear": "1997",
        "period": "Q1",
        "revenue": 72023000,
        "costOfRevenue": 30675000,
        "grossProfit": 41348000,
        "grossProfitRatio": 0.5740943865,
        "researchAndDevelopmentExpenses": 0,
        "generalAndAdministrativeExpenses": 32027000,
        "sellingAndMarketingExpenses": 0,
        "sellingGeneralAndAdministrativeExpenses": 32027000,
        "otherExpenses": 53917000,
        "operatingExpenses": 85944000,
        "costAndExpenses": 116619000,
        "interestIncome": 0,
        "interestExpense": 0,
        "depreciationAndAmortization": 59317000,
        "ebitda": 27863000,
        "ebitdaratio": 0.38686253,
        "operatingIncome": -44596000,
        "operatingIncomeRatio": -0.6191910917,
        "totalOtherIncomeExpensesNet": -18251000,
        "incomeBeforeTax": -62847000,
        "incomeBeforeTaxRatio": -0.872596254,
        "incomeTaxExpense": 19000,
        "netIncome": -62866000,
        "netIncomeRatio": -0.8728600586,
        "eps": -0.2,
        "epsdiluted": -0.2,
        "weightedAverageShsOut": 317247568,
        "weightedAverageShsOutDil": 317247568,
        "link": "https://www.sec.gov/Archives/edgar/data/1001082/000091205797016653/0000912057-97-016653-index.html",
        "finalLink": "https://www.sec.gov/Archives/edgar/data/1001082/"
    },
    {
        "date": "1996-12-31",
        "symbol": "DISH",
        "reportedCurrency": "USD",
        "cik": "0001001082",
        "fillingDate": "1997-03-31",
        "acceptedDate": "1997-03-31 00:00:00",
        "calendarYear": "1996",
        "period": "Q4",
        "revenue": 39382000,
        "costOfRevenue": 11339000,
        "grossProfit": 28043000,
        "grossProfitRatio": 0.7120765832,
        "researchAndDevelopmentExpenses": 0,
        "generalAndAdministrativeExpenses": 36820000,
        "sellingAndMarketingExpenses": 0,
        "sellingGeneralAndAdministrativeExpenses": 36820000,
        "otherExpenses": 56984000,
        "operatingExpenses": 93804000,
        "costAndExpenses": 105143000,
        "interestIncome": 0,
        "interestExpense": 0,
        "depreciationAndAmortization": 43100000,
        "ebitda": 10887000,
        "ebitdaratio": 0.2764460921,
        "operatingIncome": -65761000,
        "operatingIncomeRatio": -1.6698237774,
        "totalOtherIncomeExpensesNet": -7829000,
        "incomeBeforeTax": -73590000,
        "incomeBeforeTaxRatio": -1.8686201818,
        "incomeTaxExpense": -24897000,
        "netIncome": -48693000,
        "netIncomeRatio": -1.2364278097,
        "eps": -0.15,
        "epsdiluted": -0.15,
        "weightedAverageShsOut": 328668480,
        "weightedAverageShsOutDil": 328668480,
        "link": "https://www.sec.gov/Archives/edgar/data/1001082/000091205797011329/0000912057-97-011329-index.html",
        "finalLink": "https://www.sec.gov/Archives/edgar/data/1001082/"
    },
    {
        "date": "1996-09-30",
        "symbol": "DISH",
        "reportedCurrency": "USD",
        "cik": "0001001082",
        "fillingDate": "1996-11-13",
        "acceptedDate": "1996-11-13 00:00:00",
        "calendarYear": "1996",
        "period": "Q3",
        "revenue": 57038000,
        "costOfRevenue": 43935000,
        "grossProfit": 13103000,
        "grossProfitRatio": 0.2297240436,
        "researchAndDevelopmentExpenses": 0,
        "generalAndAdministrativeExpenses": 23736000,
        "sellingAndMarketingExpenses": 0,
        "sellingGeneralAndAdministrativeExpenses": 23736000,
        "otherExpenses": 10265000,
        "operatingExpenses": 34001000,
        "costAndExpenses": 77936000,
        "interestIncome": 0,
        "interestExpense": 0,
        "depreciationAndAmortization": 27723000,
        "ebitda": 6734000,
        "ebitdaratio": 0.1180616431,
        "operatingIncome": -20898000,
        "operatingIncomeRatio": -0.3663873207,
        "totalOtherIncomeExpensesNet": -14570000,
        "incomeBeforeTax": -35468000,
        "incomeBeforeTaxRatio": -0.62183106,
        "incomeTaxExpense": -12950000,
        "netIncome": -22500000,
        "netIncomeRatio": -0.3944738595,
        "eps": -0.0692,
        "epsdiluted": -0.0692,
        "weightedAverageShsOut": 324925762,
        "weightedAverageShsOutDil": 324925762,
        "link": "https://www.sec.gov/Archives/edgar/data/1001082/000091205796026144/0000912057-96-026144-index.html",
        "finalLink": "https://www.sec.gov/Archives/edgar/data/1001082/"
    },
    {
        "date": "1996-06-30",
        "symbol": "DISH",
        "reportedCurrency": "USD",
        "cik": "0001001082",
        "fillingDate": "1996-08-13",
        "acceptedDate": "1996-08-13 00:00:00",
        "calendarYear": "1996",
        "period": "Q2",
        "revenue": 73524000,
        "costOfRevenue": 62072000,
        "grossProfit": 11452000,
        "grossProfitRatio": 0.1557586638,
        "researchAndDevelopmentExpenses": 0,
        "generalAndAdministrativeExpenses": 19083000,
        "sellingAndMarketingExpenses": 0,
        "sellingGeneralAndAdministrativeExpenses": 19083000,
        "otherExpenses": 6426000,
        "operatingExpenses": 25509000,
        "costAndExpenses": 87581000,
        "interestIncome": 0,
        "interestExpense": 0,
        "depreciationAndAmortization": 25609000,
        "ebitda": 11669000,
        "ebitdaratio": 0.1587100811,
        "operatingIncome": -14057000,
        "operatingIncomeRatio": -0.1911892715,
        "totalOtherIncomeExpensesNet": -20552000,
        "incomeBeforeTax": -34609000,
        "incomeBeforeTaxRatio": -0.4707170448,
        "incomeTaxExpense": -12055000,
        "netIncome": -22554000,
        "netIncomeRatio": -0.3067569773,
        "eps": -0.0795,
        "epsdiluted": -0.0795,
        "weightedAverageShsOut": 283615310,
        "weightedAverageShsOutDil": 283615310,
        "link": "https://www.sec.gov/Archives/edgar/data/1001082/000091205796017291/0000912057-96-017291-index.html",
        "finalLink": "https://www.sec.gov/Archives/edgar/data/1001082/"
    },
    {
        "date": "1996-03-31",
        "symbol": "DISH",
        "reportedCurrency": "USD",
        "cik": "0001001082",
        "fillingDate": "1996-05-15",
        "acceptedDate": "1996-05-15 00:00:00",
        "calendarYear": "1996",
        "period": "Q1",
        "revenue": 41467000,
        "costOfRevenue": 36033000,
        "grossProfit": 5434000,
        "grossProfitRatio": 0.1310439627,
        "researchAndDevelopmentExpenses": 0,
        "generalAndAdministrativeExpenses": 10733000,
        "sellingAndMarketingExpenses": 0,
        "sellingGeneralAndAdministrativeExpenses": 10733000,
        "otherExpenses": 3330000,
        "operatingExpenses": 14063000,
        "costAndExpenses": 50096000,
        "interestIncome": 0,
        "interestExpense": 0,
        "depreciationAndAmortization": 8677000,
        "ebitda": 65000,
        "ebitdaratio": 0.0015675115,
        "operatingIncome": -8629000,
        "operatingIncomeRatio": -0.2080931825,
        "totalOtherIncomeExpensesNet": -3383000,
        "incomeBeforeTax": -12012000,
        "incomeBeforeTaxRatio": -0.289676128,
        "incomeTaxExpense": -4791000,
        "netIncome": -7221000,
        "netIncomeRatio": -0.1741384716,
        "eps": -0.0223,
        "epsdiluted": -0.0223,
        "weightedAverageShsOut": 324283235,
        "weightedAverageShsOutDil": 324283235,
        "link": "https://www.sec.gov/Archives/edgar/data/1001082/000091205796009907/0000912057-96-009907-index.html",
        "finalLink": "https://www.sec.gov/Archives/edgar/data/1001082/"
    },
    {
        "date": "1995-12-31",
        "symbol": "DISH",
        "reportedCurrency": "USD",
        "cik": "0001001082",
        "fillingDate": "1995-12-31",
        "acceptedDate": "1995-12-30 19:00:00",
        "calendarYear": "1995",
        "period": "Q4",
        "revenue": 40600000,
        "costOfRevenue": 12200000,
        "grossProfit": 28400000,
        "grossProfitRatio": 0.6995073892,
        "researchAndDevelopmentExpenses": 0,
        "generalAndAdministrativeExpenses": 0,
        "sellingAndMarketingExpenses": 0,
        "sellingGeneralAndAdministrativeExpenses": 11500000,
        "otherExpenses": 25200000,
        "operatingExpenses": 36700000,
        "costAndExpenses": 48900000,
        "interestIncome": 0,
        "interestExpense": 0,
        "depreciationAndAmortization": 25200000,
        "ebitda": 13900000,
        "ebitdaratio": 0.342364532,
        "operatingIncome": -8300000,
        "operatingIncomeRatio": -0.2044334975,
        "totalOtherIncomeExpensesNet": -1800000,
        "incomeBeforeTax": -10100000,
        "incomeBeforeTaxRatio": -0.2487684729,
        "incomeTaxExpense": -3000000,
        "netIncome": -7100000,
        "netIncomeRatio": -0.1748768473,
        "eps": -0.0321,
        "epsdiluted": -0.0321,
        "weightedAverageShsOut": 220868560,
        "weightedAverageShsOutDil": 220868560,
        "link": "",
        "finalLink": ""
    },
    {
        "date": "1995-09-30",
        "symbol": "DISH",
        "reportedCurrency": "USD",
        "cik": "0001001082",
        "fillingDate": "1995-09-30",
        "acceptedDate": "1995-09-29 20:00:00",
        "calendarYear": "1995",
        "period": "Q3",
        "revenue": 43600000,
        "costOfRevenue": 34300000,
        "grossProfit": 9300000,
        "grossProfitRatio": 0.2133027523,
        "researchAndDevelopmentExpenses": 0,
        "generalAndAdministrativeExpenses": 8300000,
        "sellingAndMarketingExpenses": 0,
        "sellingGeneralAndAdministrativeExpenses": 8300000,
        "otherExpenses": 700000,
        "operatingExpenses": 9000000,
        "costAndExpenses": 43300000,
        "interestIncome": 0,
        "interestExpense": 0,
        "depreciationAndAmortization": 700000,
        "ebitda": -3400000,
        "ebitdaratio": -0.0779816514,
        "operatingIncome": 300000,
        "operatingIncomeRatio": 0.0068807339,
        "totalOtherIncomeExpensesNet": -1200000,
        "incomeBeforeTax": -900000,
        "incomeBeforeTaxRatio": -0.0206422018,
        "incomeTaxExpense": -500000,
        "netIncome": -400000,
        "netIncomeRatio": -0.0091743119,
        "eps": -0.0018,
        "epsdiluted": -0.0018,
        "weightedAverageShsOut": 220868560,
        "weightedAverageShsOutDil": 220868560,
        "link": "",
        "finalLink": ""
    },
    {
        "date": "1995-06-30",
        "symbol": "DISH",
        "reportedCurrency": "USD",
        "cik": "0001001082",
        "fillingDate": "1995-06-30",
        "acceptedDate": "1995-06-29 20:00:00",
        "calendarYear": "1995",
        "period": "Q2",
        "revenue": 39300000,
        "costOfRevenue": 30800000,
        "grossProfit": 8500000,
        "grossProfitRatio": 0.2162849873,
        "researchAndDevelopmentExpenses": 0,
        "generalAndAdministrativeExpenses": 7300000,
        "sellingAndMarketingExpenses": 0,
        "sellingGeneralAndAdministrativeExpenses": 7300000,
        "otherExpenses": 400000,
        "operatingExpenses": 7700000,
        "costAndExpenses": 38500000,
        "interestIncome": 0,
        "interestExpense": 0,
        "depreciationAndAmortization": -6000000,
        "ebitda": -1700000,
        "ebitdaratio": -0.0432569975,
        "operatingIncome": 800000,
        "operatingIncomeRatio": 0.0203562341,
        "totalOtherIncomeExpensesNet": -3400000,
        "incomeBeforeTax": -2600000,
        "incomeBeforeTaxRatio": -0.0661577608,
        "incomeTaxExpense": -800000,
        "netIncome": -1800000,
        "netIncomeRatio": -0.0458015267,
        "eps": -0.0081,
        "epsdiluted": -0.0081,
        "weightedAverageShsOut": 220868560,
        "weightedAverageShsOutDil": 220868560,
        "link": "",
        "finalLink": ""
    },
    {
        "date": "1995-03-31",
        "symbol": "DISH",
        "reportedCurrency": "USD",
        "cik": "0001001082",
        "fillingDate": "1995-03-31",
        "acceptedDate": "1995-03-30 19:00:00",
        "calendarYear": "1995",
        "period": "Q1",
        "revenue": 40400000,
        "costOfRevenue": 26400000,
        "grossProfit": 14000000,
        "grossProfitRatio": 0.3465346535,
        "researchAndDevelopmentExpenses": 0,
        "generalAndAdministrativeExpenses": 7900000,
        "sellingAndMarketingExpenses": 0,
        "sellingGeneralAndAdministrativeExpenses": 7900000,
        "otherExpenses": 6800000,
        "operatingExpenses": 14700000,
        "costAndExpenses": 41100000,
        "interestIncome": 0,
        "interestExpense": 0,
        "depreciationAndAmortization": 6800000,
        "ebitda": 2500000,
        "ebitdaratio": 0.0618811881,
        "operatingIncome": -700000,
        "operatingIncomeRatio": -0.0173267327,
        "totalOtherIncomeExpensesNet": -2900000,
        "incomeBeforeTax": -3600000,
        "incomeBeforeTaxRatio": -0.0891089109,
        "incomeTaxExpense": -1400000,
        "netIncome": -2200000,
        "netIncomeRatio": -0.0544554455,
        "eps": -0.01,
        "epsdiluted": -0.01,
        "weightedAverageShsOut": 220868560,
        "weightedAverageShsOutDil": 220868560,
        "link": "",
        "finalLink": ""
    },
    {
        "date": "1994-12-31",
        "symbol": "DISH",
        "reportedCurrency": "USD",
        "cik": "0001001082",
        "fillingDate": "1994-12-31",
        "acceptedDate": "1994-12-30 19:00:00",
        "calendarYear": "1994",
        "period": "Q4",
        "revenue": 52300000,
        "costOfRevenue": 0,
        "grossProfit": 52300000,
        "grossProfitRatio": 1,
        "researchAndDevelopmentExpenses": 0,
        "generalAndAdministrativeExpenses": 0,
        "sellingAndMarketingExpenses": 0,
        "sellingGeneralAndAdministrativeExpenses": 0,
        "otherExpenses": -177700000,
        "operatingExpenses": -177700000,
        "costAndExpenses": -177700000,
        "interestIncome": 0,
        "interestExpense": 0,
        "depreciationAndAmortization": 0,
        "ebitda": -125400000,
        "ebitdaratio": -2.3977055449,
        "operatingIncome": -125400000,
        "operatingIncomeRatio": -2.3977055449,
        "totalOtherIncomeExpensesNet": 0,
        "incomeBeforeTax": 0,
        "incomeBeforeTaxRatio": 0,
        "incomeTaxExpense": 1900000,
        "netIncome": -1900000,
        "netIncomeRatio": -0.0363288719,
        "eps": -0.0118,
        "epsdiluted": -0.0118,
        "weightedAverageShsOut": 160631680,
        "weightedAverageShsOutDil": 160631680,
        "link": "",
        "finalLink": ""
    },
    {
        "date": "1994-09-30",
        "symbol": "DISH",
        "reportedCurrency": "USD",
        "cik": "0001001082",
        "fillingDate": "1994-09-30",
        "acceptedDate": "1994-09-29 20:00:00",
        "calendarYear": "1994",
        "period": "Q3",
        "revenue": 49000000,
        "costOfRevenue": 0,
        "grossProfit": 49000000,
        "grossProfitRatio": 1,
        "researchAndDevelopmentExpenses": 0,
        "generalAndAdministrativeExpenses": 0,
        "sellingAndMarketingExpenses": 0,
        "sellingGeneralAndAdministrativeExpenses": 0,
        "otherExpenses": 0,
        "operatingExpenses": 0,
        "costAndExpenses": 0,
        "interestIncome": 0,
        "interestExpense": 0,
        "depreciationAndAmortization": 0,
        "ebitda": 49000000,
        "ebitdaratio": 1,
        "operatingIncome": 49000000,
        "operatingIncomeRatio": 1,
        "totalOtherIncomeExpensesNet": 0,
        "incomeBeforeTax": 0,
        "incomeBeforeTaxRatio": 0,
        "incomeTaxExpense": 1600000,
        "netIncome": -1600000,
        "netIncomeRatio": -0.0326530612,
        "eps": -0.01,
        "epsdiluted": -0.01,
        "weightedAverageShsOut": 160631680,
        "weightedAverageShsOutDil": 160631680,
        "link": "",
        "finalLink": ""
    }
]