[
    {
        "date": "2025-06-30",
        "symbol": "DNB",
        "reportedCurrency": "USD",
        "cik": "0001799208",
        "fillingDate": "2025-08-11",
        "acceptedDate": "2025-08-11 16:31:32",
        "calendarYear": "2025",
        "period": "Q2",
        "revenue": 585200000,
        "costOfRevenue": 242400000,
        "grossProfit": 342800000,
        "grossProfitRatio": 0.5857826384,
        "researchAndDevelopmentExpenses": 0,
        "generalAndAdministrativeExpenses": 0,
        "sellingAndMarketingExpenses": 0,
        "sellingGeneralAndAdministrativeExpenses": 181500000,
        "otherExpenses": 148500000,
        "operatingExpenses": 330000000,
        "costAndExpenses": 572400000,
        "interestIncome": 1800000,
        "interestExpense": 50300000,
        "depreciationAndAmortization": 146500000,
        "ebitda": 162800000,
        "ebitdaratio": 0.2781954887,
        "operatingIncome": 12800000,
        "operatingIncomeRatio": 0.021872864,
        "totalOtherIncomeExpensesNet": -46800000,
        "incomeBeforeTax": -34000000,
        "incomeBeforeTaxRatio": -0.0580997949,
        "incomeTaxExpense": -1200000,
        "netIncome": -33700000,
        "netIncomeRatio": -0.0575871497,
        "eps": -0.08,
        "epsdiluted": -0.08,
        "weightedAverageShsOut": 435358541,
        "weightedAverageShsOutDil": 435358541,
        "link": "https://www.sec.gov/Archives/edgar/data/1799208/000179920825000031/0001799208-25-000031-index.htm",
        "finalLink": "https://www.sec.gov/Archives/edgar/data/1799208/000179920825000031/dnb-20250630.htm"
    },
    {
        "date": "2025-03-31",
        "symbol": "DNB",
        "reportedCurrency": "USD",
        "cik": "0001799208",
        "fillingDate": "2025-05-01",
        "acceptedDate": "2025-05-01 07:36:04",
        "calendarYear": "2025",
        "period": "Q1",
        "revenue": 579800000,
        "costOfRevenue": 227800000,
        "grossProfit": 352000000,
        "grossProfitRatio": 0.6071058986,
        "researchAndDevelopmentExpenses": 0,
        "generalAndAdministrativeExpenses": 0,
        "sellingAndMarketingExpenses": 0,
        "sellingGeneralAndAdministrativeExpenses": 169100000,
        "otherExpenses": 147600000,
        "operatingExpenses": 316700000,
        "costAndExpenses": 544500000,
        "interestIncome": 1500000,
        "interestExpense": 52900000,
        "depreciationAndAmortization": 144700000,
        "ebitda": 182800000,
        "ebitdaratio": 0.3152811314,
        "operatingIncome": 35300000,
        "operatingIncomeRatio": 0.0608830631,
        "totalOtherIncomeExpensesNet": -50100000,
        "incomeBeforeTax": -14800000,
        "incomeBeforeTaxRatio": -0.0255260435,
        "incomeTaxExpense": 0,
        "netIncome": -15800000,
        "netIncomeRatio": -0.0272507761,
        "eps": -0.0365,
        "epsdiluted": -0.0365,
        "weightedAverageShsOut": 433300000,
        "weightedAverageShsOutDil": 433300000,
        "link": "https://www.sec.gov/Archives/edgar/data/1799208/000179920825000025/0001799208-25-000025-index.htm",
        "finalLink": "https://www.sec.gov/Archives/edgar/data/1799208/000179920825000025/dnb-20250331.htm"
    },
    {
        "date": "2024-12-31",
        "symbol": "DNB",
        "reportedCurrency": "USD",
        "cik": "0001799208",
        "fillingDate": "2025-04-30",
        "acceptedDate": "2025-04-30 07:00:33",
        "calendarYear": "2024",
        "period": "Q4",
        "revenue": 631900000,
        "costOfRevenue": 236000000,
        "grossProfit": 395900000,
        "grossProfitRatio": 0.626523184,
        "researchAndDevelopmentExpenses": 0,
        "generalAndAdministrativeExpenses": 0,
        "sellingAndMarketingExpenses": 0,
        "sellingGeneralAndAdministrativeExpenses": 167100000,
        "otherExpenses": 149900000,
        "operatingExpenses": 317000000,
        "costAndExpenses": 553000000,
        "interestIncome": 2400000,
        "interestExpense": 58100000,
        "depreciationAndAmortization": 147500000,
        "ebitda": 234600000,
        "ebitdaratio": 0.3712612755,
        "operatingIncome": 78900000,
        "operatingIncomeRatio": 0.1248615287,
        "totalOtherIncomeExpensesNet": -56000000,
        "incomeBeforeTax": 22900000,
        "incomeBeforeTaxRatio": 0.0362399114,
        "incomeTaxExpense": 15200000,
        "netIncome": 7800000,
        "netIncomeRatio": 0.0123437253,
        "eps": 0.02,
        "epsdiluted": 0.02,
        "weightedAverageShsOut": 432700000,
        "weightedAverageShsOutDil": 432700000,
        "link": "https://www.sec.gov/Archives/edgar/data/1799208/000110465925041763/0001104659-25-041763-index.htm",
        "finalLink": "https://www.sec.gov/Archives/edgar/data/1799208/000110465925041763/dnb-20241231x10ka.htm"
    },
    {
        "date": "2024-09-30",
        "symbol": "DNB",
        "reportedCurrency": "USD",
        "cik": "0001799208",
        "fillingDate": "2024-10-31",
        "acceptedDate": "2024-10-31 16:04:15",
        "calendarYear": "2024",
        "period": "Q3",
        "revenue": 609100000,
        "costOfRevenue": 219500000,
        "grossProfit": 389600000,
        "grossProfitRatio": 0.6396322443,
        "researchAndDevelopmentExpenses": 0,
        "generalAndAdministrativeExpenses": 0,
        "sellingAndMarketingExpenses": 0,
        "sellingGeneralAndAdministrativeExpenses": 174800000,
        "otherExpenses": 152600000,
        "operatingExpenses": 327400000,
        "costAndExpenses": 546900000,
        "interestIncome": 2100000,
        "interestExpense": 61300000,
        "depreciationAndAmortization": 144800000,
        "ebitda": 216800000,
        "ebitdaratio": 0.355934986,
        "operatingIncome": 62200000,
        "operatingIncomeRatio": 0.1021178788,
        "totalOtherIncomeExpensesNet": -60100000,
        "incomeBeforeTax": 2400000,
        "incomeBeforeTaxRatio": 0.0039402397,
        "incomeTaxExpense": -1800000,
        "netIncome": 3200000,
        "netIncomeRatio": 0.0052536529,
        "eps": 0.0074,
        "epsdiluted": 0.0073,
        "weightedAverageShsOut": 432400000,
        "weightedAverageShsOutDil": 435600000,
        "link": "https://www.sec.gov/Archives/edgar/data/1799208/000179920824000046/0001799208-24-000046-index.htm",
        "finalLink": "https://www.sec.gov/Archives/edgar/data/1799208/000179920824000046/dnb-20240930.htm"
    },
    {
        "date": "2024-06-30",
        "symbol": "DNB",
        "reportedCurrency": "USD",
        "cik": "0001799208",
        "fillingDate": "2024-08-01",
        "acceptedDate": "2024-08-01 16:04:14",
        "calendarYear": "2024",
        "period": "Q2",
        "revenue": 576200000,
        "costOfRevenue": 361400000,
        "grossProfit": 214800000,
        "grossProfitRatio": 0.3727872267,
        "researchAndDevelopmentExpenses": 0,
        "generalAndAdministrativeExpenses": 0,
        "sellingAndMarketingExpenses": 0,
        "sellingGeneralAndAdministrativeExpenses": 158400000,
        "otherExpenses": 1400000,
        "operatingExpenses": 158400000,
        "costAndExpenses": 519800000,
        "interestIncome": 1200000,
        "interestExpense": 59000000,
        "depreciationAndAmortization": 141300000,
        "ebitda": 190900000,
        "ebitdaratio": 0.3313085734,
        "operatingIncome": 56400000,
        "operatingIncomeRatio": 0.0978826796,
        "totalOtherIncomeExpensesNet": -56400000,
        "incomeBeforeTax": -19300000,
        "incomeBeforeTaxRatio": -0.0334953141,
        "incomeTaxExpense": -2900000,
        "netIncome": -16400000,
        "netIncomeRatio": -0.0284623395,
        "eps": -0.0379,
        "epsdiluted": -0.0379,
        "weightedAverageShsOut": 432749213,
        "weightedAverageShsOutDil": 432749213,
        "link": "https://www.sec.gov/Archives/edgar/data/1799208/000179920824000038/0001799208-24-000038-index.htm",
        "finalLink": "https://www.sec.gov/Archives/edgar/data/1799208/000179920824000038/dnb-20240630.htm"
    },
    {
        "date": "2024-03-31",
        "symbol": "DNB",
        "reportedCurrency": "USD",
        "cik": "0001799208",
        "fillingDate": "2024-05-02",
        "acceptedDate": "2024-05-02 16:04:33",
        "calendarYear": "2024",
        "period": "Q1",
        "revenue": 564500000,
        "costOfRevenue": 368100000,
        "grossProfit": 196400000,
        "grossProfitRatio": 0.347918512,
        "researchAndDevelopmentExpenses": 0,
        "generalAndAdministrativeExpenses": 0,
        "sellingAndMarketingExpenses": 0,
        "sellingGeneralAndAdministrativeExpenses": 158800000,
        "otherExpenses": 100000,
        "operatingExpenses": 158800000,
        "costAndExpenses": 526900000,
        "interestIncome": 1600000,
        "interestExpense": 85300000,
        "depreciationAndAmortization": 144000000,
        "ebitda": 183500000,
        "ebitdaratio": 0.3250664305,
        "operatingIncome": 37600000,
        "operatingIncomeRatio": 0.0666076174,
        "totalOtherIncomeExpensesNet": -83600000,
        "incomeBeforeTax": -67000000,
        "incomeBeforeTaxRatio": -0.1186891054,
        "incomeTaxExpense": -44200000,
        "netIncome": -23200000,
        "netIncomeRatio": -0.0410983171,
        "eps": -0.0538,
        "epsdiluted": -0.0538,
        "weightedAverageShsOut": 431555922,
        "weightedAverageShsOutDil": 431555922,
        "link": "https://www.sec.gov/Archives/edgar/data/1799208/000179920824000024/0001799208-24-000024-index.htm",
        "finalLink": "https://www.sec.gov/Archives/edgar/data/1799208/000179920824000024/dnb-20240331.htm"
    },
    {
        "date": "2023-12-31",
        "symbol": "DNB",
        "reportedCurrency": "USD",
        "cik": "0001799208",
        "fillingDate": "2024-02-22",
        "acceptedDate": "2024-02-22 17:11:32",
        "calendarYear": "2023",
        "period": "Q4",
        "revenue": 630400000,
        "costOfRevenue": 373300000,
        "grossProfit": 257100000,
        "grossProfitRatio": 0.4078362944,
        "researchAndDevelopmentExpenses": 0,
        "generalAndAdministrativeExpenses": 0,
        "sellingAndMarketingExpenses": 0,
        "sellingGeneralAndAdministrativeExpenses": 165200000,
        "otherExpenses": 0,
        "operatingExpenses": 165200000,
        "costAndExpenses": 538500000,
        "interestIncome": 1600000,
        "interestExpense": 53500000,
        "depreciationAndAmortization": 149700000,
        "ebitda": 232800000,
        "ebitdaratio": 0.3692893401,
        "operatingIncome": 91900000,
        "operatingIncomeRatio": 0.1457804569,
        "totalOtherIncomeExpensesNet": -56000000,
        "incomeBeforeTax": 7800000,
        "incomeBeforeTaxRatio": 0.0123730964,
        "incomeTaxExpense": 6300000,
        "netIncome": 1700000,
        "netIncomeRatio": 0.0026967005,
        "eps": 0.0039,
        "epsdiluted": 0.0039,
        "weightedAverageShsOut": 431100000,
        "weightedAverageShsOutDil": 434200000,
        "link": "https://www.sec.gov/Archives/edgar/data/1799208/000179920824000015/0001799208-24-000015-index.htm",
        "finalLink": "https://www.sec.gov/Archives/edgar/data/1799208/000179920824000015/dnb-20231231.htm"
    },
    {
        "date": "2023-09-30",
        "symbol": "DNB",
        "reportedCurrency": "USD",
        "cik": "0001799208",
        "fillingDate": "2023-11-01",
        "acceptedDate": "2023-11-01 16:03:34",
        "calendarYear": "2023",
        "period": "Q3",
        "revenue": 588500000,
        "costOfRevenue": 206500000,
        "grossProfit": 382000000,
        "grossProfitRatio": 0.6491079014,
        "researchAndDevelopmentExpenses": 0,
        "generalAndAdministrativeExpenses": 0,
        "sellingAndMarketingExpenses": 0,
        "sellingGeneralAndAdministrativeExpenses": 181600000,
        "otherExpenses": -3300000,
        "operatingExpenses": 328300000,
        "costAndExpenses": 534800000,
        "interestIncome": 1700000,
        "interestExpense": 57000000,
        "depreciationAndAmortization": 146700000,
        "ebitda": 217800000,
        "ebitdaratio": 0.3700934579,
        "operatingIncome": 52100000,
        "operatingIncomeRatio": 0.0885301614,
        "totalOtherIncomeExpensesNet": -58600000,
        "incomeBeforeTax": -6500000,
        "incomeBeforeTaxRatio": -0.0110450297,
        "incomeTaxExpense": -11200000,
        "netIncome": 4400000,
        "netIncomeRatio": 0.0074766355,
        "eps": 0.0102,
        "epsdiluted": 0.0102,
        "weightedAverageShsOut": 430816432,
        "weightedAverageShsOutDil": 432224821,
        "link": "https://www.sec.gov/Archives/edgar/data/1799208/000179920823000044/0001799208-23-000044-index.htm",
        "finalLink": "https://www.sec.gov/Archives/edgar/data/1799208/000179920823000044/dnb-20230930.htm"
    },
    {
        "date": "2023-06-30",
        "symbol": "DNB",
        "reportedCurrency": "USD",
        "cik": "0001799208",
        "fillingDate": "2023-08-03",
        "acceptedDate": "2023-08-03 16:07:02",
        "calendarYear": "2023",
        "period": "Q2",
        "revenue": 554700000,
        "costOfRevenue": 205000000,
        "grossProfit": 349700000,
        "grossProfitRatio": 0.6304308635,
        "researchAndDevelopmentExpenses": 0,
        "generalAndAdministrativeExpenses": 0,
        "sellingAndMarketingExpenses": 0,
        "sellingGeneralAndAdministrativeExpenses": 183600000,
        "otherExpenses": 1500000,
        "operatingExpenses": 328600000,
        "costAndExpenses": 533600000,
        "interestIncome": 1100000,
        "interestExpense": 56100000,
        "depreciationAndAmortization": 145000000,
        "ebitda": 182800000,
        "ebitdaratio": 0.3295475032,
        "operatingIncome": 16500000,
        "operatingIncomeRatio": 0.0297458085,
        "totalOtherIncomeExpensesNet": -53500000,
        "incomeBeforeTax": -37000000,
        "incomeBeforeTaxRatio": -0.0667027222,
        "incomeTaxExpense": -17500000,
        "netIncome": -19400000,
        "netIncomeRatio": -0.0349738597,
        "eps": -0.0451,
        "epsdiluted": -0.0451,
        "weightedAverageShsOut": 430471647,
        "weightedAverageShsOutDil": 430471647,
        "link": "https://www.sec.gov/Archives/edgar/data/1799208/000179920823000037/0001799208-23-000037-index.htm",
        "finalLink": "https://www.sec.gov/Archives/edgar/data/1799208/000179920823000037/dnb-20230630.htm"
    },
    {
        "date": "2023-03-31",
        "symbol": "DNB",
        "reportedCurrency": "USD",
        "cik": "0001799208",
        "fillingDate": "2023-05-04",
        "acceptedDate": "2023-05-04 16:07:06",
        "calendarYear": "2023",
        "period": "Q1",
        "revenue": 540400000,
        "costOfRevenue": 195900000,
        "grossProfit": 344500000,
        "grossProfitRatio": 0.6374907476,
        "researchAndDevelopmentExpenses": 0,
        "generalAndAdministrativeExpenses": 0,
        "sellingAndMarketingExpenses": 0,
        "sellingGeneralAndAdministrativeExpenses": 187000000,
        "otherExpenses": 145400000,
        "operatingExpenses": 332400000,
        "costAndExpenses": 528300000,
        "interestIncome": 1400000,
        "interestExpense": 55300000,
        "depreciationAndAmortization": 145400000,
        "ebitda": 169600000,
        "ebitdaratio": 0.3138415988,
        "operatingIncome": 14100000,
        "operatingIncomeRatio": 0.0260917839,
        "totalOtherIncomeExpensesNet": -53300000,
        "incomeBeforeTax": -45400000,
        "incomeBeforeTaxRatio": -0.0840118431,
        "incomeTaxExpense": -11800000,
        "netIncome": -33600000,
        "netIncomeRatio": -0.0621761658,
        "eps": -0.0782,
        "epsdiluted": -0.0782,
        "weightedAverageShsOut": 429584681,
        "weightedAverageShsOutDil": 429584681,
        "link": "https://www.sec.gov/Archives/edgar/data/1799208/000179920823000019/0001799208-23-000019-index.htm",
        "finalLink": "https://www.sec.gov/Archives/edgar/data/1799208/000179920823000019/dnb-20230331.htm"
    },
    {
        "date": "2022-12-31",
        "symbol": "DNB",
        "reportedCurrency": "USD",
        "cik": "0001799208",
        "fillingDate": "2023-02-23",
        "acceptedDate": "2023-02-23 17:08:35",
        "calendarYear": "2022",
        "period": "Q4",
        "revenue": 595000000,
        "costOfRevenue": 188100000,
        "grossProfit": 406900000,
        "grossProfitRatio": 0.6838655462,
        "researchAndDevelopmentExpenses": 0,
        "generalAndAdministrativeExpenses": 0,
        "sellingAndMarketingExpenses": 0,
        "sellingGeneralAndAdministrativeExpenses": 196700000,
        "otherExpenses": 145700000,
        "operatingExpenses": 342400000,
        "costAndExpenses": 530500000,
        "interestIncome": 1100000,
        "interestExpense": 55000000,
        "depreciationAndAmortization": 145700000,
        "ebitda": 217600000,
        "ebitdaratio": 0.3657142857,
        "operatingIncome": 58300000,
        "operatingIncomeRatio": 0.0979831933,
        "totalOtherIncomeExpensesNet": -50700000,
        "incomeBeforeTax": 7600000,
        "incomeBeforeTaxRatio": 0.0127731092,
        "incomeTaxExpense": -15200000,
        "netIncome": 22800000,
        "netIncomeRatio": 0.0383193277,
        "eps": 0.0531,
        "epsdiluted": 0.0527,
        "weightedAverageShsOut": 429300000,
        "weightedAverageShsOutDil": 432500000,
        "link": "https://www.sec.gov/Archives/edgar/data/1799208/000179920823000012/0001799208-23-000012-index.htm",
        "finalLink": "https://www.sec.gov/Archives/edgar/data/1799208/000179920823000012/dnb-20221231.htm"
    },
    {
        "date": "2022-09-30",
        "symbol": "DNB",
        "reportedCurrency": "USD",
        "cik": "0001799208",
        "fillingDate": "2022-11-03",
        "acceptedDate": "2022-11-03 16:13:02",
        "calendarYear": "2022",
        "period": "Q3",
        "revenue": 556300000,
        "costOfRevenue": 175000000,
        "grossProfit": 381300000,
        "grossProfitRatio": 0.6854215351,
        "researchAndDevelopmentExpenses": 0,
        "generalAndAdministrativeExpenses": 0,
        "sellingAndMarketingExpenses": 0,
        "sellingGeneralAndAdministrativeExpenses": 184100000,
        "otherExpenses": 145100000,
        "operatingExpenses": 329200000,
        "costAndExpenses": 504200000,
        "interestIncome": 500000,
        "interestExpense": 49100000,
        "depreciationAndAmortization": 145100000,
        "ebitda": 209500000,
        "ebitdaratio": 0.3765953622,
        "operatingIncome": 61400000,
        "operatingIncomeRatio": 0.1103721014,
        "totalOtherIncomeExpensesNet": -39800000,
        "incomeBeforeTax": 5700000,
        "incomeBeforeTaxRatio": 0.01024627,
        "incomeTaxExpense": -4200000,
        "netIncome": 8000000,
        "netIncomeRatio": 0.0143807298,
        "eps": 0.0186,
        "epsdiluted": 0.0186,
        "weightedAverageShsOut": 429209862,
        "weightedAverageShsOutDil": 429426048,
        "link": "https://www.sec.gov/Archives/edgar/data/1799208/000179920822000050/0001799208-22-000050-index.htm",
        "finalLink": "https://www.sec.gov/Archives/edgar/data/1799208/000179920822000050/dnb-20220930.htm"
    },
    {
        "date": "2022-06-30",
        "symbol": "DNB",
        "reportedCurrency": "USD",
        "cik": "0001799208",
        "fillingDate": "2022-08-04",
        "acceptedDate": "2022-08-04 16:11:03",
        "calendarYear": "2022",
        "period": "Q2",
        "revenue": 537300000,
        "costOfRevenue": 181600000,
        "grossProfit": 355700000,
        "grossProfitRatio": 0.6620137726,
        "researchAndDevelopmentExpenses": 0,
        "generalAndAdministrativeExpenses": 0,
        "sellingAndMarketingExpenses": 0,
        "sellingGeneralAndAdministrativeExpenses": 176600000,
        "otherExpenses": 147000000,
        "operatingExpenses": 323600000,
        "costAndExpenses": 505200000,
        "interestIncome": 300000,
        "interestExpense": 41900000,
        "depreciationAndAmortization": 147000000,
        "ebitda": 188400000,
        "ebitdaratio": 0.3506420994,
        "operatingIncome": 43600000,
        "operatingIncomeRatio": 0.0811464731,
        "totalOtherIncomeExpensesNet": -30400000,
        "incomeBeforeTax": -700000,
        "incomeBeforeTaxRatio": -0.0013028103,
        "incomeTaxExpense": -100000,
        "netIncome": -600000,
        "netIncomeRatio": -0.0011166946,
        "eps": -0.0014,
        "epsdiluted": -0.0014,
        "weightedAverageShsOut": 429137384,
        "weightedAverageShsOutDil": 429137384,
        "link": "https://www.sec.gov/Archives/edgar/data/1799208/000179920822000036/0001799208-22-000036-index.htm",
        "finalLink": "https://www.sec.gov/Archives/edgar/data/1799208/000179920822000036/dnb-20220630.htm"
    },
    {
        "date": "2022-03-31",
        "symbol": "DNB",
        "reportedCurrency": "USD",
        "cik": "0001799208",
        "fillingDate": "2022-05-09",
        "acceptedDate": "2022-05-09 16:25:56",
        "calendarYear": "2022",
        "period": "Q1",
        "revenue": 536000000,
        "costOfRevenue": 176700000,
        "grossProfit": 359300000,
        "grossProfitRatio": 0.6703358209,
        "researchAndDevelopmentExpenses": 0,
        "generalAndAdministrativeExpenses": 0,
        "sellingAndMarketingExpenses": 0,
        "sellingGeneralAndAdministrativeExpenses": 188200000,
        "otherExpenses": 149400000,
        "operatingExpenses": 337600000,
        "costAndExpenses": 514300000,
        "interestIncome": 300000,
        "interestExpense": 47200000,
        "depreciationAndAmortization": 149400000,
        "ebitda": 155700000,
        "ebitdaratio": 0.2904850746,
        "operatingIncome": 29000000,
        "operatingIncomeRatio": 0.0541044776,
        "totalOtherIncomeExpensesNet": -56200000,
        "incomeBeforeTax": -39800000,
        "incomeBeforeTaxRatio": -0.0742537313,
        "incomeTaxExpense": -9300000,
        "netIncome": -30500000,
        "netIncomeRatio": -0.0569029851,
        "eps": -0.0711,
        "epsdiluted": -0.0711,
        "weightedAverageShsOut": 428779816,
        "weightedAverageShsOutDil": 428800000,
        "link": "https://www.sec.gov/Archives/edgar/data/1799208/000179920822000018/0001799208-22-000018-index.htm",
        "finalLink": "https://www.sec.gov/Archives/edgar/data/1799208/000179920822000018/dnb-20220331.htm"
    },
    {
        "date": "2021-12-31",
        "symbol": "DNB",
        "reportedCurrency": "USD",
        "cik": "0001799208",
        "fillingDate": "2022-02-24",
        "acceptedDate": "2022-02-24 16:06:13",
        "calendarYear": "2021",
        "period": "Q4",
        "revenue": 598300000,
        "costOfRevenue": 176700000,
        "grossProfit": 421600000,
        "grossProfitRatio": 0.7046632124,
        "researchAndDevelopmentExpenses": 0,
        "generalAndAdministrativeExpenses": 0,
        "sellingAndMarketingExpenses": 0,
        "sellingGeneralAndAdministrativeExpenses": 199100000,
        "otherExpenses": -17600000,
        "operatingExpenses": 356300000,
        "costAndExpenses": 533000000,
        "interestIncome": 200000,
        "interestExpense": 61200000,
        "depreciationAndAmortization": 157200000,
        "ebitda": 200700000,
        "ebitdaratio": 0.3354504429,
        "operatingIncome": 60900000,
        "operatingIncomeRatio": 0.1017884005,
        "totalOtherIncomeExpensesNet": -78600000,
        "incomeBeforeTax": -17700000,
        "incomeBeforeTaxRatio": -0.0295838208,
        "incomeTaxExpense": -7000000,
        "netIncome": -11600000,
        "netIncomeRatio": -0.0193882668,
        "eps": -0.0271,
        "epsdiluted": -0.0271,
        "weightedAverageShsOut": 428600000,
        "weightedAverageShsOutDil": 428600000,
        "link": "https://www.sec.gov/Archives/edgar/data/1799208/000179920822000011/0001799208-22-000011-index.htm",
        "finalLink": "https://www.sec.gov/Archives/edgar/data/1799208/000179920822000011/dnb-20211231.htm"
    },
    {
        "date": "2021-09-30",
        "symbol": "DNB",
        "reportedCurrency": "USD",
        "cik": "0001799208",
        "fillingDate": "2021-11-04",
        "acceptedDate": "2021-11-04 16:10:12",
        "calendarYear": "2021",
        "period": "Q3",
        "revenue": 541900000,
        "costOfRevenue": 492400000,
        "grossProfit": 49500000,
        "grossProfitRatio": 0.0913452667,
        "researchAndDevelopmentExpenses": 0,
        "generalAndAdministrativeExpenses": 0,
        "sellingAndMarketingExpenses": 0,
        "sellingGeneralAndAdministrativeExpenses": 171500000,
        "otherExpenses": 13300000,
        "operatingExpenses": 487600000,
        "costAndExpenses": 487600000,
        "interestIncome": 200000,
        "interestExpense": 48300000,
        "depreciationAndAmortization": 156700000,
        "ebitda": 218800000,
        "ebitdaratio": 0.4037645322,
        "operatingIncome": 49500000,
        "operatingIncomeRatio": 0.0913452667,
        "totalOtherIncomeExpensesNet": -34800000,
        "incomeBeforeTax": 14700000,
        "incomeBeforeTaxRatio": 0.0271267762,
        "incomeTaxExpense": -2800000,
        "netIncome": 16600000,
        "netIncomeRatio": 0.0306329581,
        "eps": 0.04,
        "epsdiluted": 0.04,
        "weightedAverageShsOut": 428634355,
        "weightedAverageShsOutDil": 428726126,
        "link": "https://www.sec.gov/Archives/edgar/data/1799208/000179920821000051/0001799208-21-000051-index.htm",
        "finalLink": "https://www.sec.gov/Archives/edgar/data/1799208/000179920821000051/dnb-20210930.htm"
    },
    {
        "date": "2021-06-30",
        "symbol": "DNB",
        "reportedCurrency": "USD",
        "cik": "0001799208",
        "fillingDate": "2021-08-03",
        "acceptedDate": "2021-08-03 10:00:57",
        "calendarYear": "2021",
        "period": "Q2",
        "revenue": 520900000,
        "costOfRevenue": 494000000,
        "grossProfit": 26900000,
        "grossProfitRatio": 0.0516413899,
        "researchAndDevelopmentExpenses": 0,
        "generalAndAdministrativeExpenses": 0,
        "sellingAndMarketingExpenses": 0,
        "sellingGeneralAndAdministrativeExpenses": 164300000,
        "otherExpenses": 12400000,
        "operatingExpenses": 483900000,
        "costAndExpenses": 483900000,
        "interestIncome": 200000,
        "interestExpense": 48000000,
        "depreciationAndAmortization": 152300000,
        "ebitda": 191100000,
        "ebitdaratio": 0.3668650413,
        "operatingIncome": 26900000,
        "operatingIncomeRatio": 0.0516413899,
        "totalOtherIncomeExpensesNet": -35400000,
        "incomeBeforeTax": -8500000,
        "incomeBeforeTaxRatio": -0.0163179113,
        "incomeTaxExpense": 43000000,
        "netIncome": -51700000,
        "netIncomeRatio": -0.0992512958,
        "eps": -0.12,
        "epsdiluted": -0.12,
        "weightedAverageShsOut": 428884721,
        "weightedAverageShsOutDil": 428884721,
        "link": "https://www.sec.gov/Archives/edgar/data/1799208/000179920821000041/0001799208-21-000041-index.htm",
        "finalLink": "https://www.sec.gov/Archives/edgar/data/1799208/000179920821000041/dnb-20210630.htm"
    },
    {
        "date": "2021-03-31",
        "symbol": "DNB",
        "reportedCurrency": "USD",
        "cik": "0001799208",
        "fillingDate": "2021-05-05",
        "acceptedDate": "2021-05-05 12:09:41",
        "calendarYear": "2021",
        "period": "Q1",
        "revenue": 504500000,
        "costOfRevenue": 496200000,
        "grossProfit": 8300000,
        "grossProfitRatio": 0.0164519326,
        "researchAndDevelopmentExpenses": 0,
        "generalAndAdministrativeExpenses": 0,
        "sellingAndMarketingExpenses": 0,
        "sellingGeneralAndAdministrativeExpenses": 179800000,
        "otherExpenses": 6800000,
        "operatingExpenses": 490400000,
        "costAndExpenses": 490400000,
        "interestIncome": 100000,
        "interestExpense": 48900000,
        "depreciationAndAmortization": 149700000,
        "ebitda": 164100000,
        "ebitdaratio": 0.3252725471,
        "operatingIncome": 8300000,
        "operatingIncomeRatio": 0.0164519326,
        "totalOtherIncomeExpensesNet": -42000000,
        "incomeBeforeTax": -33700000,
        "incomeBeforeTaxRatio": -0.0667988107,
        "incomeTaxExpense": -9800000,
        "netIncome": -25000000,
        "netIncomeRatio": -0.0495540139,
        "eps": -0.06,
        "epsdiluted": -0.0583,
        "weightedAverageShsOut": 416673611,
        "weightedAverageShsOutDil": 428500000,
        "link": "https://www.sec.gov/Archives/edgar/data/1799208/000179920821000021/0001799208-21-000021-index.htm",
        "finalLink": "https://www.sec.gov/Archives/edgar/data/1799208/000179920821000021/dnb-20210331.htm"
    },
    {
        "date": "2020-12-31",
        "symbol": "DNB",
        "reportedCurrency": "USD",
        "cik": "0001799208",
        "fillingDate": "2021-02-25",
        "acceptedDate": "2021-02-25 11:51:59",
        "calendarYear": "2020",
        "period": "Q4",
        "revenue": 480100000,
        "costOfRevenue": 417100000,
        "grossProfit": 63000000,
        "grossProfitRatio": 0.1312226619,
        "researchAndDevelopmentExpenses": 0,
        "generalAndAdministrativeExpenses": 156600000,
        "sellingAndMarketingExpenses": 0,
        "sellingGeneralAndAdministrativeExpenses": 156600000,
        "otherExpenses": 30200000,
        "operatingExpenses": 434000000,
        "costAndExpenses": 434000000,
        "interestIncome": 100000,
        "interestExpense": 49300000,
        "depreciationAndAmortization": 135900000,
        "ebitda": 196700000,
        "ebitdaratio": 0.4097063112,
        "operatingIncome": 27500000,
        "operatingIncomeRatio": 0.0572797334,
        "totalOtherIncomeExpensesNet": -19000000,
        "incomeBeforeTax": 8500000,
        "incomeBeforeTaxRatio": 0.0177046449,
        "incomeTaxExpense": 600000,
        "netIncome": 7000000,
        "netIncomeRatio": 0.0145802958,
        "eps": 0.02,
        "epsdiluted": 0.02,
        "weightedAverageShsOut": 422700000,
        "weightedAverageShsOutDil": 423600000,
        "link": "https://www.sec.gov/Archives/edgar/data/1799208/000179920821000013/0001799208-21-000013-index.htm",
        "finalLink": "https://www.sec.gov/Archives/edgar/data/1799208/000179920821000013/dnb-20201231.htm"
    },
    {
        "date": "2020-09-30",
        "symbol": "DNB",
        "reportedCurrency": "USD",
        "cik": "0001799208",
        "fillingDate": "2020-11-05",
        "acceptedDate": "2020-11-05 09:54:15",
        "calendarYear": "2020",
        "period": "Q3",
        "revenue": 442100000,
        "costOfRevenue": 396900000,
        "grossProfit": 45200000,
        "grossProfitRatio": 0.1022393124,
        "researchAndDevelopmentExpenses": 0,
        "generalAndAdministrativeExpenses": 0,
        "sellingAndMarketingExpenses": 0,
        "sellingGeneralAndAdministrativeExpenses": 131900000,
        "otherExpenses": -9500000,
        "operatingExpenses": 392000000,
        "costAndExpenses": 392000000,
        "interestIncome": 200000,
        "interestExpense": 60800000,
        "depreciationAndAmortization": 134300000,
        "ebitda": 174900000,
        "ebitdaratio": 0.3956118525,
        "operatingIncome": 45200000,
        "operatingIncomeRatio": 0.1022393124,
        "totalOtherIncomeExpensesNet": -70400000,
        "incomeBeforeTax": -24900000,
        "incomeBeforeTaxRatio": -0.0563220991,
        "incomeTaxExpense": -9300000,
        "netIncome": -17000000,
        "netIncomeRatio": -0.0384528387,
        "eps": -0.0417,
        "epsdiluted": -0.0409,
        "weightedAverageShsOut": 407500000,
        "weightedAverageShsOutDil": 415700000,
        "link": "https://www.sec.gov/Archives/edgar/data/1799208/000179920820000031/0001799208-20-000031-index.htm",
        "finalLink": "https://www.sec.gov/Archives/edgar/data/1799208/000179920820000031/dnb-20200930.htm"
    },
    {
        "date": "2020-06-30",
        "symbol": "DNB",
        "reportedCurrency": "USD",
        "cik": "0001799208",
        "fillingDate": "2020-08-06",
        "acceptedDate": "2020-08-06 10:36:15",
        "calendarYear": "2020",
        "period": "Q2",
        "revenue": 420600000,
        "costOfRevenue": 422000000,
        "grossProfit": -1400000,
        "grossProfitRatio": -0.0033285782,
        "researchAndDevelopmentExpenses": 0,
        "generalAndAdministrativeExpenses": 143400000,
        "sellingAndMarketingExpenses": 0,
        "sellingGeneralAndAdministrativeExpenses": 143400000,
        "otherExpenses": 10700000,
        "operatingExpenses": 415200000,
        "costAndExpenses": 415200000,
        "interestIncome": 200000,
        "interestExpense": 78000000,
        "depreciationAndAmortization": 132700000,
        "ebitda": 8700000,
        "ebitdaratio": 0.0206847361,
        "operatingIncome": -1400000,
        "operatingIncomeRatio": -0.0033285782,
        "totalOtherIncomeExpensesNet": -199600000,
        "incomeBeforeTax": -201900000,
        "incomeBeforeTaxRatio": -0.4800285307,
        "incomeTaxExpense": -27500000,
        "netIncome": -175000000,
        "netIncomeRatio": -0.4160722777,
        "eps": -0.43,
        "epsdiluted": -0.43,
        "weightedAverageShsOut": 411255940,
        "weightedAverageShsOutDil": 411255940,
        "link": "https://www.sec.gov/Archives/edgar/data/1799208/000179920820000007/0001799208-20-000007-index.htm",
        "finalLink": "https://www.sec.gov/Archives/edgar/data/1799208/000179920820000007/dnb-20200630.htm"
    },
    {
        "date": "2020-03-31",
        "symbol": "DNB",
        "reportedCurrency": "USD",
        "cik": "0001799208",
        "fillingDate": "2020-03-31",
        "acceptedDate": "2020-03-30 20:00:00",
        "calendarYear": "2020",
        "period": "Q1",
        "revenue": 395300000,
        "costOfRevenue": 138600000,
        "grossProfit": 256700000,
        "grossProfitRatio": 0.6493802176,
        "researchAndDevelopmentExpenses": 0,
        "generalAndAdministrativeExpenses": 125900000,
        "sellingAndMarketingExpenses": 0,
        "sellingGeneralAndAdministrativeExpenses": 125900000,
        "otherExpenses": 20200000,
        "operatingExpenses": 399100000,
        "costAndExpenses": 399100000,
        "interestIncome": 300000,
        "interestExpense": 83000000,
        "depreciationAndAmortization": 134400000,
        "ebitda": 151000000,
        "ebitdaratio": 0.3819883633,
        "operatingIncome": -8300000,
        "operatingIncomeRatio": -0.0209967114,
        "totalOtherIncomeExpensesNet": 6600000,
        "incomeBeforeTax": -1000000,
        "incomeBeforeTaxRatio": -0.0025297243,
        "incomeTaxExpense": -74300000,
        "netIncome": 73500000,
        "netIncomeRatio": 0.1859347331,
        "eps": 0.18,
        "epsdiluted": 0.18,
        "weightedAverageShsOut": 400549539,
        "weightedAverageShsOutDil": 400549539,
        "link": "",
        "finalLink": ""
    },
    {
        "date": "2019-12-31",
        "symbol": "DNB",
        "reportedCurrency": "USD",
        "cik": "0001799208",
        "fillingDate": "2019-12-31",
        "acceptedDate": "2019-12-30 19:00:00",
        "calendarYear": "2019",
        "period": "Q4",
        "revenue": 432700000,
        "costOfRevenue": 131300000,
        "grossProfit": 301400000,
        "grossProfitRatio": 0.6965565057,
        "researchAndDevelopmentExpenses": 0,
        "generalAndAdministrativeExpenses": 158900000,
        "sellingAndMarketingExpenses": 0,
        "sellingGeneralAndAdministrativeExpenses": 158900000,
        "otherExpenses": -1000000,
        "operatingExpenses": 432000000,
        "costAndExpenses": 432000000,
        "interestIncome": 300000,
        "interestExpense": 82900000,
        "depreciationAndAmortization": 141800000,
        "ebitda": -39000000,
        "ebitdaratio": -0.090131731,
        "operatingIncome": -7000000,
        "operatingIncomeRatio": -0.0161774902,
        "totalOtherIncomeExpensesNet": -256000000,
        "incomeBeforeTax": -263000000,
        "incomeBeforeTaxRatio": -0.6078114167,
        "incomeTaxExpense": -34100000,
        "netIncome": -231300000,
        "netIncomeRatio": -0.5345504969,
        "eps": -0.56,
        "epsdiluted": -0.56,
        "weightedAverageShsOut": 411300000,
        "weightedAverageShsOutDil": 411300000,
        "link": "",
        "finalLink": ""
    },
    {
        "date": "2019-09-30",
        "symbol": "DNB",
        "reportedCurrency": "USD",
        "cik": "0001799208",
        "fillingDate": "2019-09-30",
        "acceptedDate": "2019-09-30 00:00:00",
        "calendarYear": "2019",
        "period": "Q3",
        "revenue": 408200000,
        "costOfRevenue": 125000000,
        "grossProfit": 283200000,
        "grossProfitRatio": 0.69377756,
        "researchAndDevelopmentExpenses": 0,
        "generalAndAdministrativeExpenses": 152700000,
        "sellingAndMarketingExpenses": 0,
        "sellingGeneralAndAdministrativeExpenses": 152700000,
        "otherExpenses": 6300000,
        "operatingExpenses": 401000000,
        "costAndExpenses": 401000000,
        "interestIncome": 500000,
        "interestExpense": 85600000,
        "depreciationAndAmortization": 123300000,
        "ebitda": 129100000,
        "ebitdaratio": 0.316266536,
        "operatingIncome": -1000000,
        "operatingIncomeRatio": -0.0024497795,
        "totalOtherIncomeExpensesNet": -78800000,
        "incomeBeforeTax": -79800000,
        "incomeBeforeTaxRatio": -0.1954924057,
        "incomeTaxExpense": -24000000,
        "netIncome": -56700000,
        "netIncomeRatio": -0.1389024988,
        "eps": -0.14,
        "epsdiluted": -0.14,
        "weightedAverageShsOut": 411300000,
        "weightedAverageShsOutDil": 411300000,
        "link": "",
        "finalLink": ""
    },
    {
        "date": "2019-06-30",
        "symbol": "DNB",
        "reportedCurrency": "USD",
        "cik": "0001799208",
        "fillingDate": "2019-06-30",
        "acceptedDate": "2019-06-29 20:00:00",
        "calendarYear": "2019",
        "period": "Q2",
        "revenue": 398900000,
        "costOfRevenue": 127800000,
        "grossProfit": 271100000,
        "grossProfitRatio": 0.6796189521,
        "researchAndDevelopmentExpenses": 0,
        "generalAndAdministrativeExpenses": 126000000,
        "sellingAndMarketingExpenses": 0,
        "sellingGeneralAndAdministrativeExpenses": 126000000,
        "otherExpenses": 8100000,
        "operatingExpenses": 390600000,
        "costAndExpenses": 390600000,
        "interestIncome": 600000,
        "interestExpense": 86000000,
        "depreciationAndAmortization": 136800000,
        "ebitda": 136400000,
        "ebitdaratio": 0.3419403359,
        "operatingIncome": -9100000,
        "operatingIncomeRatio": -0.022812735,
        "totalOtherIncomeExpensesNet": -77300000,
        "incomeBeforeTax": -86400000,
        "incomeBeforeTaxRatio": -0.216595638,
        "incomeTaxExpense": -23100000,
        "netIncome": -62000000,
        "netIncomeRatio": -0.1554274254,
        "eps": -0.15,
        "epsdiluted": -0.15,
        "weightedAverageShsOut": 411300000,
        "weightedAverageShsOutDil": 411300000,
        "link": "",
        "finalLink": ""
    },
    {
        "date": "2019-03-31",
        "symbol": "DNB",
        "reportedCurrency": "USD",
        "cik": "0001799208",
        "fillingDate": "2019-03-31",
        "acceptedDate": "2019-03-31 00:00:00",
        "calendarYear": "2019",
        "period": "Q1",
        "revenue": 174100000,
        "costOfRevenue": 64400000,
        "grossProfit": 109700000,
        "grossProfitRatio": 0.630097645,
        "researchAndDevelopmentExpenses": 0,
        "generalAndAdministrativeExpenses": 213700000,
        "sellingAndMarketingExpenses": 0,
        "sellingGeneralAndAdministrativeExpenses": 213700000,
        "otherExpenses": 4200000,
        "operatingExpenses": 358500000,
        "costAndExpenses": 358500000,
        "interestIncome": 1100000,
        "interestExpense": 49100000,
        "depreciationAndAmortization": 80500000,
        "ebitda": -117100000,
        "ebitdaratio": -0.6726019529,
        "operatingIncome": -202900000,
        "operatingIncomeRatio": -1.1654221712,
        "totalOtherIncomeExpensesNet": -43800000,
        "incomeBeforeTax": -246700000,
        "incomeBeforeTaxRatio": -1.4170017231,
        "incomeTaxExpense": -37000000,
        "netIncome": -210000000,
        "netIncomeRatio": -1.2062033314,
        "eps": -0.51,
        "epsdiluted": -0.51,
        "weightedAverageShsOut": 411300000,
        "weightedAverageShsOutDil": 411300000,
        "link": "",
        "finalLink": ""
    },
    {
        "date": "2018-12-31",
        "symbol": "DNB",
        "reportedCurrency": "USD",
        "cik": "0001799208",
        "fillingDate": "2018-12-31",
        "acceptedDate": "2018-12-30 19:00:00",
        "calendarYear": "2018",
        "period": "Q4",
        "revenue": 451300000,
        "costOfRevenue": 140000000,
        "grossProfit": 311300000,
        "grossProfitRatio": 0.6897850654,
        "researchAndDevelopmentExpenses": 44900000,
        "generalAndAdministrativeExpenses": 0,
        "sellingAndMarketingExpenses": 0,
        "sellingGeneralAndAdministrativeExpenses": 148200000,
        "otherExpenses": 0,
        "operatingExpenses": 172600000,
        "costAndExpenses": 312600000,
        "interestIncome": 13100000,
        "interestExpense": 0,
        "depreciationAndAmortization": 10600000,
        "ebitda": 151400000,
        "ebitdaratio": 0.3354752936,
        "operatingIncome": 140800000,
        "operatingIncomeRatio": 0.3119875914,
        "totalOtherIncomeExpensesNet": -14200000,
        "incomeBeforeTax": 125600000,
        "incomeBeforeTaxRatio": 0.2783071128,
        "incomeTaxExpense": 43300000,
        "netIncome": 81000000,
        "netIncomeRatio": 0.1794814979,
        "eps": 2.18,
        "epsdiluted": 2.18,
        "weightedAverageShsOut": 37100000,
        "weightedAverageShsOutDil": 37100000,
        "link": null,
        "finalLink": null
    },
    {
        "date": "2018-09-30",
        "symbol": "DNB",
        "reportedCurrency": "USD",
        "cik": "0001799208",
        "fillingDate": "2018-09-30",
        "acceptedDate": "2018-09-29 20:00:00",
        "calendarYear": "2018",
        "period": "Q3",
        "revenue": 407300000,
        "costOfRevenue": 142200000,
        "grossProfit": 265100000,
        "grossProfitRatio": 0.6508715934,
        "researchAndDevelopmentExpenses": 0,
        "generalAndAdministrativeExpenses": 0,
        "sellingAndMarketingExpenses": 0,
        "sellingGeneralAndAdministrativeExpenses": 159000000,
        "otherExpenses": 0,
        "operatingExpenses": 184100000,
        "costAndExpenses": 326300000,
        "interestIncome": 13200000,
        "interestExpense": 0,
        "depreciationAndAmortization": 10900000,
        "ebitda": 94400000,
        "ebitdaratio": 0.231770194,
        "operatingIncome": 83500000,
        "operatingIncomeRatio": 0.2050085932,
        "totalOtherIncomeExpensesNet": -15700000,
        "incomeBeforeTax": 67800000,
        "incomeBeforeTaxRatio": 0.1664620673,
        "incomeTaxExpense": 16100000,
        "netIncome": 50200000,
        "netIncomeRatio": 0.1232506752,
        "eps": 1.35,
        "epsdiluted": 1.35,
        "weightedAverageShsOut": 37131243,
        "weightedAverageShsOutDil": 37131243,
        "link": null,
        "finalLink": null
    },
    {
        "date": "2018-06-30",
        "symbol": "DNB",
        "reportedCurrency": "USD",
        "cik": "0001799208",
        "fillingDate": "2018-06-30",
        "acceptedDate": "2018-06-29 20:00:00",
        "calendarYear": "2018",
        "period": "Q2",
        "revenue": 439600000,
        "costOfRevenue": 139000000,
        "grossProfit": 300600000,
        "grossProfitRatio": 0.6838034577,
        "researchAndDevelopmentExpenses": 0,
        "generalAndAdministrativeExpenses": 0,
        "sellingAndMarketingExpenses": 0,
        "sellingGeneralAndAdministrativeExpenses": 155700000,
        "otherExpenses": 0,
        "operatingExpenses": 186700000,
        "costAndExpenses": 325700000,
        "interestIncome": 12900000,
        "interestExpense": 0,
        "depreciationAndAmortization": 11100000,
        "ebitda": 133300000,
        "ebitdaratio": 0.3032302093,
        "operatingIncome": 122200000,
        "operatingIncomeRatio": 0.2779799818,
        "totalOtherIncomeExpensesNet": -11200000,
        "incomeBeforeTax": 101000000,
        "incomeBeforeTaxRatio": 0.2297543221,
        "incomeTaxExpense": 6300000,
        "netIncome": 93000000,
        "netIncomeRatio": 0.21155596,
        "eps": 2.51,
        "epsdiluted": 2.51,
        "weightedAverageShsOut": 37125490,
        "weightedAverageShsOutDil": 37125490,
        "link": null,
        "finalLink": null
    },
    {
        "date": "2018-03-31",
        "symbol": "DNB",
        "reportedCurrency": "USD",
        "cik": "0001799208",
        "fillingDate": "2018-03-31",
        "acceptedDate": "2018-03-30 20:00:00",
        "calendarYear": "2018",
        "period": "Q1",
        "revenue": 418200000,
        "costOfRevenue": 139200000,
        "grossProfit": 279000000,
        "grossProfitRatio": 0.6671449067,
        "researchAndDevelopmentExpenses": 0,
        "generalAndAdministrativeExpenses": 0,
        "sellingAndMarketingExpenses": 0,
        "sellingGeneralAndAdministrativeExpenses": 152200000,
        "otherExpenses": 0,
        "operatingExpenses": 184200000,
        "costAndExpenses": 323400000,
        "interestIncome": 13300000,
        "interestExpense": 0,
        "depreciationAndAmortization": 11200000,
        "ebitda": 116900000,
        "ebitdaratio": 0.2795313247,
        "operatingIncome": 105700000,
        "operatingIncomeRatio": 0.2527498804,
        "totalOtherIncomeExpensesNet": -13200000,
        "incomeBeforeTax": 81500000,
        "incomeBeforeTaxRatio": 0.1948828312,
        "incomeTaxExpense": 15900000,
        "netIncome": 63900000,
        "netIncomeRatio": 0.1527977044,
        "eps": 1.72,
        "epsdiluted": 1.72,
        "weightedAverageShsOut": 37084786,
        "weightedAverageShsOutDil": 37084786,
        "link": null,
        "finalLink": null
    },
    {
        "date": "2017-12-31",
        "symbol": "DNB",
        "reportedCurrency": "USD",
        "cik": "0001799208",
        "fillingDate": "2017-12-31",
        "acceptedDate": "2017-12-30 19:00:00",
        "calendarYear": "2017",
        "period": "Q4",
        "revenue": 527000000,
        "costOfRevenue": 149300000,
        "grossProfit": 377700000,
        "grossProfitRatio": 0.7166982922,
        "researchAndDevelopmentExpenses": 34600000,
        "generalAndAdministrativeExpenses": 0,
        "sellingAndMarketingExpenses": 0,
        "sellingGeneralAndAdministrativeExpenses": 174300000,
        "otherExpenses": 0,
        "operatingExpenses": 208900000,
        "costAndExpenses": 358200000,
        "interestIncome": 14400000,
        "interestExpense": 0,
        "depreciationAndAmortization": 11100000,
        "ebitda": 193200000,
        "ebitdaratio": 0.3666034156,
        "operatingIncome": 182100000,
        "operatingIncomeRatio": 0.345540797,
        "totalOtherIncomeExpensesNet": -16600000,
        "incomeBeforeTax": 154400000,
        "incomeBeforeTaxRatio": 0.2929791271,
        "incomeTaxExpense": 128600000,
        "netIncome": 26200000,
        "netIncomeRatio": 0.04971537,
        "eps": 0.71,
        "epsdiluted": 0.71,
        "weightedAverageShsOut": 36900000,
        "weightedAverageShsOutDil": 36900000,
        "link": null,
        "finalLink": null
    },
    {
        "date": "2017-09-30",
        "symbol": "DNB",
        "reportedCurrency": "USD",
        "cik": "0001799208",
        "fillingDate": "2017-09-30",
        "acceptedDate": "2017-09-29 20:00:00",
        "calendarYear": "2017",
        "period": "Q3",
        "revenue": 428300000,
        "costOfRevenue": 142300000,
        "grossProfit": 286000000,
        "grossProfitRatio": 0.6677562456,
        "researchAndDevelopmentExpenses": 0,
        "generalAndAdministrativeExpenses": 0,
        "sellingAndMarketingExpenses": 0,
        "sellingGeneralAndAdministrativeExpenses": 164900000,
        "otherExpenses": 0,
        "operatingExpenses": 191200000,
        "costAndExpenses": 333500000,
        "interestIncome": 14800000,
        "interestExpense": 0,
        "depreciationAndAmortization": 20100000,
        "ebitda": 121100000,
        "ebitdaratio": 0.282745739,
        "operatingIncome": 101000000,
        "operatingIncomeRatio": 0.2358160168,
        "totalOtherIncomeExpensesNet": -16000000,
        "incomeBeforeTax": 80000000,
        "incomeBeforeTaxRatio": 0.1867849638,
        "incomeTaxExpense": 24200000,
        "netIncome": 54100000,
        "netIncomeRatio": 0.1263133318,
        "eps": 1.46,
        "epsdiluted": 1.46,
        "weightedAverageShsOut": 36959736,
        "weightedAverageShsOutDil": 36959736,
        "link": null,
        "finalLink": null
    },
    {
        "date": "2017-06-30",
        "symbol": "DNB",
        "reportedCurrency": "USD",
        "cik": "0001799208",
        "fillingDate": "2017-06-30",
        "acceptedDate": "2017-06-29 20:00:00",
        "calendarYear": "2017",
        "period": "Q2",
        "revenue": 405700000,
        "costOfRevenue": 139400000,
        "grossProfit": 266300000,
        "grossProfitRatio": 0.656396352,
        "researchAndDevelopmentExpenses": 0,
        "generalAndAdministrativeExpenses": 0,
        "sellingAndMarketingExpenses": 0,
        "sellingGeneralAndAdministrativeExpenses": 163000000,
        "otherExpenses": 0,
        "operatingExpenses": 186200000,
        "costAndExpenses": 325600000,
        "interestIncome": 14700000,
        "interestExpense": 0,
        "depreciationAndAmortization": 19400000,
        "ebitda": 103300000,
        "ebitdaratio": 0.2546216416,
        "operatingIncome": 83900000,
        "operatingIncomeRatio": 0.2068030564,
        "totalOtherIncomeExpensesNet": -18500000,
        "incomeBeforeTax": 65400000,
        "incomeBeforeTaxRatio": 0.1612028593,
        "incomeTaxExpense": 18700000,
        "netIncome": 45100000,
        "netIncomeRatio": 0.1111658861,
        "eps": 1.22,
        "epsdiluted": 1.22,
        "weightedAverageShsOut": 36957258,
        "weightedAverageShsOutDil": 36957258,
        "link": null,
        "finalLink": null
    },
    {
        "date": "2017-03-31",
        "symbol": "DNB",
        "reportedCurrency": "USD",
        "cik": "0001799208",
        "fillingDate": "2017-03-31",
        "acceptedDate": "2017-03-30 20:00:00",
        "calendarYear": "2017",
        "period": "Q1",
        "revenue": 381500000,
        "costOfRevenue": 141600000,
        "grossProfit": 239900000,
        "grossProfitRatio": 0.6288335518,
        "researchAndDevelopmentExpenses": 0,
        "generalAndAdministrativeExpenses": 0,
        "sellingAndMarketingExpenses": 0,
        "sellingGeneralAndAdministrativeExpenses": 166600000,
        "otherExpenses": 0,
        "operatingExpenses": 200000000,
        "costAndExpenses": 341600000,
        "interestIncome": 14200000,
        "interestExpense": 0,
        "depreciationAndAmortization": 18900000,
        "ebitda": 73300000,
        "ebitdaratio": 0.1921363041,
        "operatingIncome": 54400000,
        "operatingIncomeRatio": 0.1425950197,
        "totalOtherIncomeExpensesNet": -15600000,
        "incomeBeforeTax": 25700000,
        "incomeBeforeTaxRatio": 0.0673656619,
        "incomeTaxExpense": 8200000,
        "netIncome": 16300000,
        "netIncomeRatio": 0.0427260813,
        "eps": 0.44,
        "epsdiluted": 0.44,
        "weightedAverageShsOut": 36897398,
        "weightedAverageShsOutDil": 36897398,
        "link": null,
        "finalLink": null
    },
    {
        "date": "2016-12-31",
        "symbol": "DNB",
        "reportedCurrency": "USD",
        "cik": "0001799208",
        "fillingDate": "2016-12-31",
        "acceptedDate": "2016-12-30 19:00:00",
        "calendarYear": "2016",
        "period": "Q4",
        "revenue": 517100000,
        "costOfRevenue": 144700000,
        "grossProfit": 372400000,
        "grossProfitRatio": 0.7201701798,
        "researchAndDevelopmentExpenses": 34300000,
        "generalAndAdministrativeExpenses": 0,
        "sellingAndMarketingExpenses": 0,
        "sellingGeneralAndAdministrativeExpenses": 183800000,
        "otherExpenses": 0,
        "operatingExpenses": 222200000,
        "costAndExpenses": 366900000,
        "interestIncome": 12600000,
        "interestExpense": 0,
        "depreciationAndAmortization": 9500000,
        "ebitda": 180400000,
        "ebitdaratio": 0.3488686908,
        "operatingIncome": 170900000,
        "operatingIncomeRatio": 0.3304970025,
        "totalOtherIncomeExpensesNet": -25100000,
        "incomeBeforeTax": 137600000,
        "incomeBeforeTaxRatio": 0.2660994005,
        "incomeTaxExpense": 54900000,
        "netIncome": 81200000,
        "netIncomeRatio": 0.1570295881,
        "eps": 2.21,
        "epsdiluted": 2.21,
        "weightedAverageShsOut": 36800000,
        "weightedAverageShsOutDil": 36800000,
        "link": null,
        "finalLink": null
    },
    {
        "date": "2016-09-30",
        "symbol": "DNB",
        "reportedCurrency": "USD",
        "cik": "0001799208",
        "fillingDate": "2016-09-30",
        "acceptedDate": "2016-09-29 20:00:00",
        "calendarYear": "2016",
        "period": "Q3",
        "revenue": 412800000,
        "costOfRevenue": 130700000,
        "grossProfit": 282100000,
        "grossProfitRatio": 0.6833817829,
        "researchAndDevelopmentExpenses": 0,
        "generalAndAdministrativeExpenses": 0,
        "sellingAndMarketingExpenses": 0,
        "sellingGeneralAndAdministrativeExpenses": 164900000,
        "otherExpenses": 0,
        "operatingExpenses": 276300000,
        "costAndExpenses": 407000000,
        "interestIncome": 12800000,
        "interestExpense": 0,
        "depreciationAndAmortization": 17200000,
        "ebitda": 117200000,
        "ebitdaratio": 0.2839147287,
        "operatingIncome": 100000000,
        "operatingIncomeRatio": 0.242248062,
        "totalOtherIncomeExpensesNet": -107000000,
        "incomeBeforeTax": -7000000,
        "incomeBeforeTaxRatio": -0.0169573643,
        "incomeTaxExpense": 19800000,
        "netIncome": -28500000,
        "netIncomeRatio": -0.0690406977,
        "eps": -0.77,
        "epsdiluted": -0.77,
        "weightedAverageShsOut": 36783689,
        "weightedAverageShsOutDil": 36783689,
        "link": null,
        "finalLink": null
    },
    {
        "date": "2016-06-30",
        "symbol": "DNB",
        "reportedCurrency": "USD",
        "cik": "0001799208",
        "fillingDate": "2016-06-30",
        "acceptedDate": "2016-06-29 20:00:00",
        "calendarYear": "2016",
        "period": "Q2",
        "revenue": 398800000,
        "costOfRevenue": 133000000,
        "grossProfit": 265800000,
        "grossProfitRatio": 0.6664994985,
        "researchAndDevelopmentExpenses": 0,
        "generalAndAdministrativeExpenses": 0,
        "sellingAndMarketingExpenses": 0,
        "sellingGeneralAndAdministrativeExpenses": 170100000,
        "otherExpenses": 0,
        "operatingExpenses": 218800000,
        "costAndExpenses": 351800000,
        "interestIncome": 12900000,
        "interestExpense": 0,
        "depreciationAndAmortization": 17300000,
        "ebitda": 95700000,
        "ebitdaratio": 0.2399699097,
        "operatingIncome": 78400000,
        "operatingIncomeRatio": 0.1965897693,
        "totalOtherIncomeExpensesNet": -12400000,
        "incomeBeforeTax": 34100000,
        "incomeBeforeTaxRatio": 0.0855065196,
        "incomeTaxExpense": 14200000,
        "netIncome": 18800000,
        "netIncomeRatio": 0.0471414243,
        "eps": 0.52,
        "epsdiluted": 0.52,
        "weightedAverageShsOut": 36306937,
        "weightedAverageShsOutDil": 36306937,
        "link": null,
        "finalLink": null
    },
    {
        "date": "2016-03-31",
        "symbol": "DNB",
        "reportedCurrency": "USD",
        "cik": "0001799208",
        "fillingDate": "2016-03-31",
        "acceptedDate": "2016-03-30 20:00:00",
        "calendarYear": "2016",
        "period": "Q1",
        "revenue": 375000000,
        "costOfRevenue": 132400000,
        "grossProfit": 242600000,
        "grossProfitRatio": 0.6469333333,
        "researchAndDevelopmentExpenses": 0,
        "generalAndAdministrativeExpenses": 0,
        "sellingAndMarketingExpenses": 0,
        "sellingGeneralAndAdministrativeExpenses": 163300000,
        "otherExpenses": 0,
        "operatingExpenses": 187900000,
        "costAndExpenses": 320300000,
        "interestIncome": 13000000,
        "interestExpense": 0,
        "depreciationAndAmortization": 16400000,
        "ebitda": 79300000,
        "ebitdaratio": 0.2114666667,
        "operatingIncome": 62900000,
        "operatingIncomeRatio": 0.1677333333,
        "totalOtherIncomeExpensesNet": -11500000,
        "incomeBeforeTax": 41700000,
        "incomeBeforeTaxRatio": 0.1112,
        "incomeTaxExpense": 11000000,
        "netIncome": 30000000,
        "netIncomeRatio": 0.08,
        "eps": 0.83,
        "epsdiluted": 0.83,
        "weightedAverageShsOut": 36200000,
        "weightedAverageShsOutDil": 36200000,
        "link": null,
        "finalLink": null
    },
    {
        "date": "2015-12-31",
        "symbol": "DNB",
        "reportedCurrency": "USD",
        "cik": "0001799208",
        "fillingDate": "2015-12-31",
        "acceptedDate": "2015-12-30 19:00:00",
        "calendarYear": "2015",
        "period": "Q4",
        "revenue": 499300000,
        "costOfRevenue": 142700000,
        "grossProfit": 356600000,
        "grossProfitRatio": 0.7141998798,
        "researchAndDevelopmentExpenses": 39700000,
        "generalAndAdministrativeExpenses": 0,
        "sellingAndMarketingExpenses": 0,
        "sellingGeneralAndAdministrativeExpenses": 187900000,
        "otherExpenses": 0,
        "operatingExpenses": 228300000,
        "costAndExpenses": 371000000,
        "interestIncome": 13500000,
        "interestExpense": 0,
        "depreciationAndAmortization": 7550000,
        "ebitda": 160150000,
        "ebitdaratio": 0.3207490487,
        "operatingIncome": 152600000,
        "operatingIncomeRatio": 0.305627879,
        "totalOtherIncomeExpensesNet": -13900000,
        "incomeBeforeTax": 114800000,
        "incomeBeforeTaxRatio": 0.2299218906,
        "incomeTaxExpense": 37700000,
        "netIncome": 75900000,
        "netIncomeRatio": 0.1520128179,
        "eps": 2.1,
        "epsdiluted": 2.1,
        "weightedAverageShsOut": 36100000,
        "weightedAverageShsOutDil": 36100000,
        "link": null,
        "finalLink": null
    },
    {
        "date": "2015-09-30",
        "symbol": "DNB",
        "reportedCurrency": "USD",
        "cik": "0001799208",
        "fillingDate": "2015-09-30",
        "acceptedDate": "2015-09-29 20:00:00",
        "calendarYear": "2015",
        "period": "Q3",
        "revenue": 406200000,
        "costOfRevenue": 132400000,
        "grossProfit": 273800000,
        "grossProfitRatio": 0.674052191,
        "researchAndDevelopmentExpenses": 0,
        "generalAndAdministrativeExpenses": 0,
        "sellingAndMarketingExpenses": 0,
        "sellingGeneralAndAdministrativeExpenses": 167200000,
        "otherExpenses": 0,
        "operatingExpenses": 197100000,
        "costAndExpenses": 329500000,
        "interestIncome": 13500000,
        "interestExpense": 0,
        "depreciationAndAmortization": 16100000,
        "ebitda": 106600000,
        "ebitdaratio": 0.2624322994,
        "operatingIncome": 90500000,
        "operatingIncomeRatio": 0.2227966519,
        "totalOtherIncomeExpensesNet": -27300000,
        "incomeBeforeTax": 63200000,
        "incomeBeforeTaxRatio": 0.1555883801,
        "incomeTaxExpense": 3100000,
        "netIncome": 59200000,
        "netIncomeRatio": 0.1457410143,
        "eps": 1.64,
        "epsdiluted": 1.64,
        "weightedAverageShsOut": 36133079,
        "weightedAverageShsOutDil": 36133079,
        "link": null,
        "finalLink": null
    },
    {
        "date": "2015-06-30",
        "symbol": "DNB",
        "reportedCurrency": "USD",
        "cik": "0001799208",
        "fillingDate": "2015-06-30",
        "acceptedDate": "2015-06-29 20:00:00",
        "calendarYear": "2015",
        "period": "Q2",
        "revenue": 375400000,
        "costOfRevenue": 129500000,
        "grossProfit": 245900000,
        "grossProfitRatio": 0.6550346297,
        "researchAndDevelopmentExpenses": 0,
        "generalAndAdministrativeExpenses": 0,
        "sellingAndMarketingExpenses": 0,
        "sellingGeneralAndAdministrativeExpenses": 161900000,
        "otherExpenses": 0,
        "operatingExpenses": 187900000,
        "costAndExpenses": 317400000,
        "interestIncome": 11400000,
        "interestExpense": 0,
        "depreciationAndAmortization": 14100000,
        "ebitda": 84000000,
        "ebitdaratio": 0.2237613213,
        "operatingIncome": 69900000,
        "operatingIncomeRatio": 0.1862013852,
        "totalOtherIncomeExpensesNet": -11600000,
        "incomeBeforeTax": 46600000,
        "incomeBeforeTaxRatio": 0.1241342568,
        "incomeTaxExpense": 15700000,
        "netIncome": 29600000,
        "netIncomeRatio": 0.0788492275,
        "eps": 0.82,
        "epsdiluted": 0.82,
        "weightedAverageShsOut": 36111021,
        "weightedAverageShsOutDil": 36111021,
        "link": null,
        "finalLink": null
    },
    {
        "date": "2015-03-31",
        "symbol": "DNB",
        "reportedCurrency": "USD",
        "cik": "0001799208",
        "fillingDate": "2015-03-31",
        "acceptedDate": "2015-03-30 20:00:00",
        "calendarYear": "2015",
        "period": "Q1",
        "revenue": 356200000,
        "costOfRevenue": 128700000,
        "grossProfit": 227500000,
        "grossProfitRatio": 0.6386861314,
        "researchAndDevelopmentExpenses": 0,
        "generalAndAdministrativeExpenses": 0,
        "sellingAndMarketingExpenses": 0,
        "sellingGeneralAndAdministrativeExpenses": 142900000,
        "otherExpenses": 0,
        "operatingExpenses": 158400000,
        "costAndExpenses": 287100000,
        "interestIncome": 11000000,
        "interestExpense": 0,
        "depreciationAndAmortization": 12400000,
        "ebitda": 84600000,
        "ebitdaratio": 0.2375070185,
        "operatingIncome": 72200000,
        "operatingIncomeRatio": 0.2026951151,
        "totalOtherIncomeExpensesNet": -7000000,
        "incomeBeforeTax": 58100000,
        "incomeBeforeTaxRatio": 0.163110612,
        "incomeTaxExpense": 17700000,
        "netIncome": 39500000,
        "netIncomeRatio": 0.1108927569,
        "eps": 1.1,
        "epsdiluted": 1.1,
        "weightedAverageShsOut": 36035174,
        "weightedAverageShsOutDil": 36035174,
        "link": null,
        "finalLink": null
    },
    {
        "date": "2014-12-31",
        "symbol": "DNB",
        "reportedCurrency": "USD",
        "cik": "0001799208",
        "fillingDate": "2014-12-31",
        "acceptedDate": "2014-12-30 19:00:00",
        "calendarYear": "2014",
        "period": "Q4",
        "revenue": 465400000,
        "costOfRevenue": 142800000,
        "grossProfit": 322600000,
        "grossProfitRatio": 0.693167168,
        "researchAndDevelopmentExpenses": 39100000,
        "generalAndAdministrativeExpenses": 0,
        "sellingAndMarketingExpenses": 0,
        "sellingGeneralAndAdministrativeExpenses": 152800000,
        "otherExpenses": 0,
        "operatingExpenses": 169200000,
        "costAndExpenses": 312000000,
        "interestIncome": 10500000,
        "interestExpense": 0,
        "depreciationAndAmortization": 3525000,
        "ebitda": 160925000,
        "ebitdaratio": 0.3457778255,
        "operatingIncome": 157400000,
        "operatingIncomeRatio": 0.3382036957,
        "totalOtherIncomeExpensesNet": -11500000,
        "incomeBeforeTax": 142900000,
        "incomeBeforeTaxRatio": 0.3070477009,
        "incomeTaxExpense": 52800000,
        "netIncome": 89200000,
        "netIncomeRatio": 0.1916630855,
        "eps": 2.48,
        "epsdiluted": 2.48,
        "weightedAverageShsOut": 35900000,
        "weightedAverageShsOutDil": 35900000,
        "link": null,
        "finalLink": null
    },
    {
        "date": "2014-09-30",
        "symbol": "DNB",
        "reportedCurrency": "USD",
        "cik": "0001799208",
        "fillingDate": "2014-09-30",
        "acceptedDate": "2014-09-29 20:00:00",
        "calendarYear": "2014",
        "period": "Q3",
        "revenue": 390900000,
        "costOfRevenue": 133100000,
        "grossProfit": 257800000,
        "grossProfitRatio": 0.6595037094,
        "researchAndDevelopmentExpenses": 0,
        "generalAndAdministrativeExpenses": 0,
        "sellingAndMarketingExpenses": 0,
        "sellingGeneralAndAdministrativeExpenses": 141000000,
        "otherExpenses": 0,
        "operatingExpenses": 170100000,
        "costAndExpenses": 303200000,
        "interestIncome": 10500000,
        "interestExpense": 0,
        "depreciationAndAmortization": 13300000,
        "ebitda": 116800000,
        "ebitdaratio": 0.2987976465,
        "operatingIncome": 103500000,
        "operatingIncomeRatio": 0.2647735994,
        "totalOtherIncomeExpensesNet": -17000000,
        "incomeBeforeTax": 77200000,
        "incomeBeforeTaxRatio": 0.197492965,
        "incomeTaxExpense": 11600000,
        "netIncome": 64700000,
        "netIncomeRatio": 0.1655154771,
        "eps": 1.8,
        "epsdiluted": 1.8,
        "weightedAverageShsOut": 35909828,
        "weightedAverageShsOutDil": 35909828,
        "link": null,
        "finalLink": null
    },
    {
        "date": "2014-06-30",
        "symbol": "DNB",
        "reportedCurrency": "USD",
        "cik": "0001799208",
        "fillingDate": "2014-06-30",
        "acceptedDate": "2014-06-29 20:00:00",
        "calendarYear": "2014",
        "period": "Q2",
        "revenue": 368000000,
        "costOfRevenue": 124300000,
        "grossProfit": 243700000,
        "grossProfitRatio": 0.6622282609,
        "researchAndDevelopmentExpenses": 0,
        "generalAndAdministrativeExpenses": 0,
        "sellingAndMarketingExpenses": 0,
        "sellingGeneralAndAdministrativeExpenses": 142200000,
        "otherExpenses": 0,
        "operatingExpenses": 159800000,
        "costAndExpenses": 284100000,
        "interestIncome": 10400000,
        "interestExpense": 0,
        "depreciationAndAmortization": 10900000,
        "ebitda": 99000000,
        "ebitdaratio": 0.2690217391,
        "operatingIncome": 88100000,
        "operatingIncomeRatio": 0.2394021739,
        "totalOtherIncomeExpensesNet": -9600000,
        "incomeBeforeTax": 73500000,
        "incomeBeforeTaxRatio": 0.1997282609,
        "incomeTaxExpense": 24800000,
        "netIncome": 47700000,
        "netIncomeRatio": 0.1296195652,
        "eps": 1.31,
        "epsdiluted": 1.31,
        "weightedAverageShsOut": 36369773,
        "weightedAverageShsOutDil": 36369773,
        "link": null,
        "finalLink": null
    },
    {
        "date": "2014-03-31",
        "symbol": "DNB",
        "reportedCurrency": "USD",
        "cik": "0001799208",
        "fillingDate": "2014-03-31",
        "acceptedDate": "2014-03-30 20:00:00",
        "calendarYear": "2014",
        "period": "Q1",
        "revenue": 360200000,
        "costOfRevenue": 122600000,
        "grossProfit": 237600000,
        "grossProfitRatio": 0.6596335369,
        "researchAndDevelopmentExpenses": 0,
        "generalAndAdministrativeExpenses": 0,
        "sellingAndMarketingExpenses": 0,
        "sellingGeneralAndAdministrativeExpenses": 139600000,
        "otherExpenses": 0,
        "operatingExpenses": 178800000,
        "costAndExpenses": 301400000,
        "interestIncome": 10300000,
        "interestExpense": 0,
        "depreciationAndAmortization": 15900000,
        "ebitda": 100500000,
        "ebitdaratio": 0.2790116602,
        "operatingIncome": 84600000,
        "operatingIncomeRatio": 0.2348695169,
        "totalOtherIncomeExpensesNet": -36100000,
        "incomeBeforeTax": 48500000,
        "incomeBeforeTaxRatio": 0.1346474181,
        "incomeTaxExpense": 34900000,
        "netIncome": 82700000,
        "netIncomeRatio": 0.2295946696,
        "eps": 2.23,
        "epsdiluted": 2.23,
        "weightedAverageShsOut": 37016091,
        "weightedAverageShsOutDil": 37016091,
        "link": null,
        "finalLink": null
    },
    {
        "date": "2013-12-31",
        "symbol": "DNB",
        "reportedCurrency": "USD",
        "cik": "0001799208",
        "fillingDate": "2013-12-31",
        "acceptedDate": "2013-12-30 19:00:00",
        "calendarYear": "2013",
        "period": "Q4",
        "revenue": 476700000,
        "costOfRevenue": 132000000,
        "grossProfit": 344700000,
        "grossProfitRatio": 0.723096287,
        "researchAndDevelopmentExpenses": 78200000,
        "generalAndAdministrativeExpenses": 0,
        "sellingAndMarketingExpenses": 0,
        "sellingGeneralAndAdministrativeExpenses": 155900000,
        "otherExpenses": 0,
        "operatingExpenses": 210100000,
        "costAndExpenses": 342100000,
        "interestIncome": 10100000,
        "interestExpense": 0,
        "depreciationAndAmortization": 6075000,
        "ebitda": 177275000,
        "ebitdaratio": 0.3718795888,
        "operatingIncome": 171200000,
        "operatingIncomeRatio": 0.3591357248,
        "totalOtherIncomeExpensesNet": -10400000,
        "incomeBeforeTax": 124500000,
        "incomeBeforeTaxRatio": 0.2611705475,
        "incomeTaxExpense": 47900000,
        "netIncome": 75300000,
        "netIncomeRatio": 0.1579609817,
        "eps": 1.99,
        "epsdiluted": 1.99,
        "weightedAverageShsOut": 37800000,
        "weightedAverageShsOutDil": 37800000,
        "link": null,
        "finalLink": null
    },
    {
        "date": "2013-09-30",
        "symbol": "DNB",
        "reportedCurrency": "USD",
        "cik": "0001799208",
        "fillingDate": "2013-09-30",
        "acceptedDate": "2013-09-29 20:00:00",
        "calendarYear": "2013",
        "period": "Q3",
        "revenue": 411100000,
        "costOfRevenue": 131900000,
        "grossProfit": 279200000,
        "grossProfitRatio": 0.6791534906,
        "researchAndDevelopmentExpenses": 0,
        "generalAndAdministrativeExpenses": 0,
        "sellingAndMarketingExpenses": 0,
        "sellingGeneralAndAdministrativeExpenses": 135200000,
        "otherExpenses": 0,
        "operatingExpenses": 158300000,
        "costAndExpenses": 290200000,
        "interestIncome": 10000000,
        "interestExpense": 0,
        "depreciationAndAmortization": 17400000,
        "ebitda": 144000000,
        "ebitdaratio": 0.3502797373,
        "operatingIncome": 126600000,
        "operatingIncomeRatio": 0.307954269,
        "totalOtherIncomeExpensesNet": -9600000,
        "incomeBeforeTax": 110900000,
        "incomeBeforeTaxRatio": 0.2697640477,
        "incomeTaxExpense": 37400000,
        "netIncome": 72800000,
        "netIncomeRatio": 0.1770858672,
        "eps": 1.91,
        "epsdiluted": 1.91,
        "weightedAverageShsOut": 38160343,
        "weightedAverageShsOutDil": 38160343,
        "link": null,
        "finalLink": null
    },
    {
        "date": "2013-06-30",
        "symbol": "DNB",
        "reportedCurrency": "USD",
        "cik": "0001799208",
        "fillingDate": "2013-06-30",
        "acceptedDate": "2013-06-29 20:00:00",
        "calendarYear": "2013",
        "period": "Q2",
        "revenue": 386400000,
        "costOfRevenue": 130100000,
        "grossProfit": 256300000,
        "grossProfitRatio": 0.6633022774,
        "researchAndDevelopmentExpenses": 0,
        "generalAndAdministrativeExpenses": 0,
        "sellingAndMarketingExpenses": 0,
        "sellingGeneralAndAdministrativeExpenses": 142300000,
        "otherExpenses": 0,
        "operatingExpenses": 161900000,
        "costAndExpenses": 292000000,
        "interestIncome": 9600000,
        "interestExpense": 0,
        "depreciationAndAmortization": 17900000,
        "ebitda": 114000000,
        "ebitdaratio": 0.2950310559,
        "operatingIncome": 96100000,
        "operatingIncomeRatio": 0.2487060041,
        "totalOtherIncomeExpensesNet": -11300000,
        "incomeBeforeTax": 84800000,
        "incomeBeforeTaxRatio": 0.2194616977,
        "incomeTaxExpense": 26400000,
        "netIncome": 57500000,
        "netIncomeRatio": 0.1488095238,
        "eps": 1.48,
        "epsdiluted": 1.48,
        "weightedAverageShsOut": 38797378,
        "weightedAverageShsOutDil": 38797378,
        "link": null,
        "finalLink": null
    },
    {
        "date": "2013-03-31",
        "symbol": "DNB",
        "reportedCurrency": "USD",
        "cik": "0001799208",
        "fillingDate": "2013-03-31",
        "acceptedDate": "2013-03-30 20:00:00",
        "calendarYear": "2013",
        "period": "Q1",
        "revenue": 381000000,
        "costOfRevenue": 126200000,
        "grossProfit": 254800000,
        "grossProfitRatio": 0.6687664042,
        "researchAndDevelopmentExpenses": 0,
        "generalAndAdministrativeExpenses": 0,
        "sellingAndMarketingExpenses": 0,
        "sellingGeneralAndAdministrativeExpenses": 146400000,
        "otherExpenses": 0,
        "operatingExpenses": 167700000,
        "costAndExpenses": 293900000,
        "interestIncome": 9700000,
        "interestExpense": 0,
        "depreciationAndAmortization": 18300000,
        "ebitda": 108400000,
        "ebitdaratio": 0.2845144357,
        "operatingIncome": 90100000,
        "operatingIncomeRatio": 0.2364829396,
        "totalOtherIncomeExpensesNet": -12700000,
        "incomeBeforeTax": 77400000,
        "incomeBeforeTaxRatio": 0.2031496063,
        "incomeTaxExpense": 23800000,
        "netIncome": 52900000,
        "netIncomeRatio": 0.1388451444,
        "eps": 1.32,
        "epsdiluted": 1.32,
        "weightedAverageShsOut": 39946372,
        "weightedAverageShsOutDil": 39946372,
        "link": null,
        "finalLink": null
    },
    {
        "date": "2012-12-31",
        "symbol": "DNB",
        "reportedCurrency": "USD",
        "cik": "0001799208",
        "fillingDate": "2012-12-31",
        "acceptedDate": "2012-12-30 19:00:00",
        "calendarYear": "2012",
        "period": "Q4",
        "revenue": 463100000,
        "costOfRevenue": 151400000,
        "grossProfit": 311700000,
        "grossProfitRatio": 0.6730727705,
        "researchAndDevelopmentExpenses": 53900000,
        "generalAndAdministrativeExpenses": 0,
        "sellingAndMarketingExpenses": 0,
        "sellingGeneralAndAdministrativeExpenses": 154000000,
        "otherExpenses": 0,
        "operatingExpenses": 159300000,
        "costAndExpenses": 310700000,
        "interestIncome": 11400000,
        "interestExpense": 0,
        "depreciationAndAmortization": 7275000,
        "ebitda": 146575000,
        "ebitdaratio": 0.3165083135,
        "operatingIncome": 139300000,
        "operatingIncomeRatio": 0.3007989635,
        "totalOtherIncomeExpensesNet": 1700000,
        "incomeBeforeTax": 141000000,
        "incomeBeforeTaxRatio": 0.3044698769,
        "incomeTaxExpense": 45800000,
        "netIncome": 96000000,
        "netIncomeRatio": 0.2072986396,
        "eps": 2.32,
        "epsdiluted": 2.32,
        "weightedAverageShsOut": 41300000,
        "weightedAverageShsOutDil": 41300000,
        "link": null,
        "finalLink": null
    },
    {
        "date": "2012-09-30",
        "symbol": "DNB",
        "reportedCurrency": "USD",
        "cik": "0001799208",
        "fillingDate": "2012-09-30",
        "acceptedDate": "2012-09-29 20:00:00",
        "calendarYear": "2012",
        "period": "Q3",
        "revenue": 413200000,
        "costOfRevenue": 117500000,
        "grossProfit": 295700000,
        "grossProfitRatio": 0.7156340755,
        "researchAndDevelopmentExpenses": 0,
        "generalAndAdministrativeExpenses": 0,
        "sellingAndMarketingExpenses": 0,
        "sellingGeneralAndAdministrativeExpenses": 154500000,
        "otherExpenses": 0,
        "operatingExpenses": 200900000,
        "costAndExpenses": -83400000,
        "interestIncome": 0,
        "interestExpense": 9300000,
        "depreciationAndAmortization": 20000000,
        "ebitda": 141200000,
        "ebitdaratio": 0.3417231365,
        "operatingIncome": 121200000,
        "operatingIncomeRatio": 0.2933204259,
        "totalOtherIncomeExpensesNet": -35700000,
        "incomeBeforeTax": 85500000,
        "incomeBeforeTaxRatio": 0.2069215876,
        "incomeTaxExpense": 4800000,
        "netIncome": 79600000,
        "netIncomeRatio": 0.192642788,
        "eps": 1.79,
        "epsdiluted": 1.79,
        "weightedAverageShsOut": 44565337,
        "weightedAverageShsOutDil": 44565337,
        "link": null,
        "finalLink": null
    }
]