[
    {
        "date": "2022-06-30",
        "symbol": "DRE",
        "reportedCurrency": "USD",
        "cik": "0000783280",
        "fillingDate": "2022-08-08",
        "acceptedDate": "2022-08-08 16:33:44",
        "calendarYear": "2022",
        "period": "Q2",
        "revenue": 285288000,
        "costOfRevenue": 68698000,
        "grossProfit": 216590000,
        "grossProfitRatio": 0.759197723,
        "researchAndDevelopmentExpenses": 0,
        "generalAndAdministrativeExpenses": 27496000,
        "sellingAndMarketingExpenses": 0,
        "sellingGeneralAndAdministrativeExpenses": 27496000,
        "otherExpenses": 97977000,
        "operatingExpenses": 125473000,
        "costAndExpenses": 194171000,
        "interestIncome": 939000,
        "interestExpense": 18734000,
        "depreciationAndAmortization": 79172000,
        "ebitda": 200869000,
        "ebitdaratio": 0.7040920053,
        "operatingIncome": 121697000,
        "operatingIncomeRatio": 0.4265759513,
        "totalOtherIncomeExpensesNet": -17516000,
        "incomeBeforeTax": 104181000,
        "incomeBeforeTaxRatio": 0.3651783461,
        "incomeTaxExpense": 493000,
        "netIncome": 103688000,
        "netIncomeRatio": 0.3634502678,
        "eps": 0.27,
        "epsdiluted": 0.27,
        "weightedAverageShsOut": 389199000,
        "weightedAverageShsOutDil": 389199000,
        "link": "https://www.sec.gov/Archives/edgar/data/783280/000078328022000054/0000783280-22-000054-index.htm",
        "finalLink": "https://www.sec.gov/Archives/edgar/data/783280/000078328022000054/dre-20220630.htm"
    },
    {
        "date": "2022-03-31",
        "symbol": "DRE",
        "reportedCurrency": "USD",
        "cik": "0000783280",
        "fillingDate": "2022-04-29",
        "acceptedDate": "2022-04-28 17:47:16",
        "calendarYear": "2022",
        "period": "Q1",
        "revenue": 278163000,
        "costOfRevenue": 70683000,
        "grossProfit": 207480000,
        "grossProfitRatio": 0.7458935948,
        "researchAndDevelopmentExpenses": 0,
        "generalAndAdministrativeExpenses": 23913000,
        "sellingAndMarketingExpenses": 0,
        "sellingGeneralAndAdministrativeExpenses": 23913000,
        "otherExpenses": 100292000,
        "operatingExpenses": 124205000,
        "costAndExpenses": 194888000,
        "interestIncome": 825000,
        "interestExpense": 19999000,
        "depreciationAndAmortization": 79022000,
        "ebitda": 556466000,
        "ebitdaratio": 2.000503302,
        "operatingIncome": 275250000,
        "operatingIncomeRatio": 0.989527723,
        "totalOtherIncomeExpensesNet": -280802000,
        "incomeBeforeTax": 257807000,
        "incomeBeforeTaxRatio": 0.9268198862,
        "incomeTaxExpense": 6330000,
        "netIncome": 251477000,
        "netIncomeRatio": 0.9040634448,
        "eps": 0.65,
        "epsdiluted": 0.65,
        "weightedAverageShsOut": 387937000,
        "weightedAverageShsOutDil": 387937000,
        "link": "https://www.sec.gov/Archives/edgar/data/783280/000078328022000033/0000783280-22-000033-index.htm",
        "finalLink": "https://www.sec.gov/Archives/edgar/data/783280/000078328022000033/dre-20220331.htm"
    },
    {
        "date": "2021-12-31",
        "symbol": "DRE",
        "reportedCurrency": "USD",
        "cik": "0000783280",
        "fillingDate": "2022-02-18",
        "acceptedDate": "2022-02-17 18:31:33",
        "calendarYear": "2021",
        "period": "Q4",
        "revenue": 264574000,
        "costOfRevenue": 61990000,
        "grossProfit": 202584000,
        "grossProfitRatio": 0.7656988215,
        "researchAndDevelopmentExpenses": 0,
        "generalAndAdministrativeExpenses": 15306000,
        "sellingAndMarketingExpenses": 0,
        "sellingGeneralAndAdministrativeExpenses": 15306000,
        "otherExpenses": 92630000,
        "operatingExpenses": 107936000,
        "costAndExpenses": 169926000,
        "interestIncome": 882000,
        "interestExpense": 21261000,
        "depreciationAndAmortization": 74612000,
        "ebitda": 251985000,
        "ebitdaratio": 0.9524178491,
        "operatingIncome": 127472000,
        "operatingIncomeRatio": 0.4818009328,
        "totalOtherIncomeExpensesNet": -94138000,
        "incomeBeforeTax": 107305000,
        "incomeBeforeTaxRatio": 0.4055765117,
        "incomeTaxExpense": 3312000,
        "netIncome": 103993000,
        "netIncomeRatio": 0.3930582748,
        "eps": 0.27,
        "epsdiluted": 0.27,
        "weightedAverageShsOut": 379220000,
        "weightedAverageShsOutDil": 384624000,
        "link": "https://www.sec.gov/Archives/edgar/data/783280/000078328022000010/0000783280-22-000010-index.htm",
        "finalLink": "https://www.sec.gov/Archives/edgar/data/783280/000078328022000010/dre-20211231.htm"
    },
    {
        "date": "2021-09-30",
        "symbol": "DRE",
        "reportedCurrency": "USD",
        "cik": "0000783280",
        "fillingDate": "2021-10-29",
        "acceptedDate": "2021-10-28 17:37:25",
        "calendarYear": "2021",
        "period": "Q3",
        "revenue": 280365000,
        "costOfRevenue": 78778000,
        "grossProfit": 201587000,
        "grossProfitRatio": 0.7190162823,
        "researchAndDevelopmentExpenses": 0,
        "generalAndAdministrativeExpenses": 14152000,
        "sellingAndMarketingExpenses": 0,
        "sellingGeneralAndAdministrativeExpenses": 14152000,
        "otherExpenses": 92657000,
        "operatingExpenses": 106809000,
        "costAndExpenses": 185587000,
        "interestIncome": 1433000,
        "interestExpense": 20003000,
        "depreciationAndAmortization": 73853000,
        "ebitda": -91923000,
        "ebitdaratio": -0.3278690279,
        "operatingIncome": 538609000,
        "operatingIncomeRatio": 1.9210992813,
        "totalOtherIncomeExpensesNet": 504496000,
        "incomeBeforeTax": 506146000,
        "incomeBeforeTaxRatio": 1.805310934,
        "incomeTaxExpense": 6381000,
        "netIncome": 494817000,
        "netIncomeRatio": 1.7649028944,
        "eps": 1.3,
        "epsdiluted": 1.29,
        "weightedAverageShsOut": 379220000,
        "weightedAverageShsOutDil": 384624000,
        "link": "https://www.sec.gov/Archives/edgar/data/783280/000078328021000059/0000783280-21-000059-index.htm",
        "finalLink": "https://www.sec.gov/Archives/edgar/data/783280/000078328021000059/dre-20210930.htm"
    },
    {
        "date": "2021-06-30",
        "symbol": "DRE",
        "reportedCurrency": "USD",
        "cik": "0000783280",
        "fillingDate": "2021-07-30",
        "acceptedDate": "2021-07-29 17:50:09",
        "calendarYear": "2021",
        "period": "Q2",
        "revenue": 271692000,
        "costOfRevenue": 73949000,
        "grossProfit": 197743000,
        "grossProfitRatio": 0.7278204732,
        "researchAndDevelopmentExpenses": 0,
        "generalAndAdministrativeExpenses": 15879000,
        "sellingAndMarketingExpenses": 0,
        "sellingGeneralAndAdministrativeExpenses": 15879000,
        "otherExpenses": 96094000,
        "operatingExpenses": 111973000,
        "costAndExpenses": 185922000,
        "interestIncome": 1673000,
        "interestExpense": 21072000,
        "depreciationAndAmortization": 77408000,
        "ebitda": 277969000,
        "ebitdaratio": 1.023103367,
        "operatingIncome": 201443000,
        "operatingIncomeRatio": 0.7414388352,
        "totalOtherIncomeExpensesNet": -20115000,
        "incomeBeforeTax": 181328000,
        "incomeBeforeTaxRatio": 0.6674027943,
        "incomeTaxExpense": 3672000,
        "netIncome": 175817000,
        "netIncomeRatio": 0.6471187963,
        "eps": 0.47,
        "epsdiluted": 0.46,
        "weightedAverageShsOut": 376020000,
        "weightedAverageShsOutDil": 381621000,
        "link": "https://www.sec.gov/Archives/edgar/data/783280/000078328021000052/0000783280-21-000052-index.htm",
        "finalLink": "https://www.sec.gov/Archives/edgar/data/783280/000078328021000052/dre-20210630.htm"
    },
    {
        "date": "2021-03-31",
        "symbol": "DRE",
        "reportedCurrency": "USD",
        "cik": "0000783280",
        "fillingDate": "2021-04-30",
        "acceptedDate": "2021-04-29 17:47:39",
        "calendarYear": "2021",
        "period": "Q1",
        "revenue": 289292000,
        "costOfRevenue": 98763000,
        "grossProfit": 190529000,
        "grossProfitRatio": 0.658604455,
        "researchAndDevelopmentExpenses": 0,
        "generalAndAdministrativeExpenses": 24217000,
        "sellingAndMarketingExpenses": 0,
        "sellingGeneralAndAdministrativeExpenses": 24217000,
        "otherExpenses": 97676000,
        "operatingExpenses": 121893000,
        "costAndExpenses": 220656000,
        "interestIncome": 463000,
        "interestExpense": 22507000,
        "depreciationAndAmortization": 79062000,
        "ebitda": 186115000,
        "ebitdaratio": 0.6433465149,
        "operatingIncome": 107502000,
        "operatingIncomeRatio": 0.3716037775,
        "totalOtherIncomeExpensesNet": -6250000,
        "incomeBeforeTax": 85388000,
        "incomeBeforeTaxRatio": 0.2951619817,
        "incomeTaxExpense": 5184000,
        "netIncome": 79362000,
        "netIncomeRatio": 0.274331817,
        "eps": 0.21,
        "epsdiluted": 0.21,
        "weightedAverageShsOut": 373667000,
        "weightedAverageShsOutDil": 377744000,
        "link": "https://www.sec.gov/Archives/edgar/data/783280/000078328021000036/0000783280-21-000036-index.htm",
        "finalLink": "https://www.sec.gov/Archives/edgar/data/783280/000078328021000036/dre-20210331.htm"
    },
    {
        "date": "2020-12-31",
        "symbol": "DRE",
        "reportedCurrency": "USD",
        "cik": "0000783280",
        "fillingDate": "2021-02-19",
        "acceptedDate": "2021-02-18 18:36:52",
        "calendarYear": "2020",
        "period": "Q4",
        "revenue": 266290000,
        "costOfRevenue": 75184000,
        "grossProfit": 191106000,
        "grossProfitRatio": 0.7176611964,
        "researchAndDevelopmentExpenses": 0,
        "generalAndAdministrativeExpenses": 15596000,
        "sellingAndMarketingExpenses": 0,
        "sellingGeneralAndAdministrativeExpenses": 15596000,
        "otherExpenses": 97808000,
        "operatingExpenses": 113404000,
        "costAndExpenses": 188588000,
        "interestIncome": 78000,
        "interestExpense": 24048000,
        "depreciationAndAmortization": 77464000,
        "ebitda": 103833000,
        "ebitdaratio": 0.3899245184,
        "operatingIncome": 190390000,
        "operatingIncomeRatio": 0.7149723985,
        "totalOtherIncomeExpensesNet": 90057000,
        "incomeBeforeTax": 166418000,
        "incomeBeforeTaxRatio": 0.6249502422,
        "incomeTaxExpense": -3946000,
        "netIncome": 168816000,
        "netIncomeRatio": 0.6339554621,
        "eps": 0.45,
        "epsdiluted": 0.45,
        "weightedAverageShsOut": 371082000,
        "weightedAverageShsOutDil": 371082000,
        "link": "https://www.sec.gov/Archives/edgar/data/783280/000078328021000012/0000783280-21-000012-index.htm",
        "finalLink": "https://www.sec.gov/Archives/edgar/data/783280/000078328021000012/dre-20201231.htm"
    },
    {
        "date": "2020-09-30",
        "symbol": "DRE",
        "reportedCurrency": "USD",
        "cik": "0000783280",
        "fillingDate": "2020-10-29",
        "acceptedDate": "2020-10-29 16:06:33",
        "calendarYear": "2020",
        "period": "Q3",
        "revenue": 262028000,
        "costOfRevenue": 81862000,
        "grossProfit": 180166000,
        "grossProfitRatio": 0.6875830064,
        "researchAndDevelopmentExpenses": 0,
        "generalAndAdministrativeExpenses": 11439000,
        "sellingAndMarketingExpenses": 0,
        "sellingGeneralAndAdministrativeExpenses": 11439000,
        "otherExpenses": 94426000,
        "operatingExpenses": 105865000,
        "costAndExpenses": 187727000,
        "interestIncome": 32000,
        "interestExpense": 23059000,
        "depreciationAndAmortization": 75772000,
        "ebitda": 169698000,
        "ebitdaratio": 0.6476330774,
        "operatingIncome": 91638000,
        "operatingIncomeRatio": 0.3497259835,
        "totalOtherIncomeExpensesNet": -20118000,
        "incomeBeforeTax": 71520000,
        "incomeBeforeTaxRatio": 0.2729479292,
        "incomeTaxExpense": -956000,
        "netIncome": 71823000,
        "netIncomeRatio": 0.2741042942,
        "eps": 0.19,
        "epsdiluted": 0.19,
        "weightedAverageShsOut": 371082000,
        "weightedAverageShsOutDil": 374834000,
        "link": "https://www.sec.gov/Archives/edgar/data/783280/000078328020000069/0000783280-20-000069-index.htm",
        "finalLink": "https://www.sec.gov/Archives/edgar/data/783280/000078328020000069/dre-20200930.htm"
    },
    {
        "date": "2020-06-30",
        "symbol": "DRE",
        "reportedCurrency": "USD",
        "cik": "0000783280",
        "fillingDate": "2020-07-31",
        "acceptedDate": "2020-07-30 21:36:08",
        "calendarYear": "2020",
        "period": "Q2",
        "revenue": 238511000,
        "costOfRevenue": 64726000,
        "grossProfit": 173785000,
        "grossProfitRatio": 0.7286246756,
        "researchAndDevelopmentExpenses": 0,
        "generalAndAdministrativeExpenses": 13606000,
        "sellingAndMarketingExpenses": 0,
        "sellingGeneralAndAdministrativeExpenses": 13606000,
        "otherExpenses": 92284000,
        "operatingExpenses": 105890000,
        "costAndExpenses": 170616000,
        "interestIncome": 216000,
        "interestExpense": 22841000,
        "depreciationAndAmortization": 72340000,
        "ebitda": 134851000,
        "ebitdaratio": 0.5653869214,
        "operatingIncome": 76361000,
        "operatingIncomeRatio": 0.3201571416,
        "totalOtherIncomeExpensesNet": -36314000,
        "incomeBeforeTax": 40047000,
        "incomeBeforeTaxRatio": 0.1679042057,
        "incomeTaxExpense": -150000,
        "netIncome": 39820000,
        "netIncomeRatio": 0.1669524676,
        "eps": 0.11,
        "epsdiluted": 0.11,
        "weightedAverageShsOut": 368836000,
        "weightedAverageShsOutDil": 372573000,
        "link": "https://www.sec.gov/Archives/edgar/data/783280/000078328020000054/0000783280-20-000054-index.htm",
        "finalLink": "https://www.sec.gov/Archives/edgar/data/783280/000078328020000054/dre-20200630.htm"
    },
    {
        "date": "2020-03-31",
        "symbol": "DRE",
        "reportedCurrency": "USD",
        "cik": "0000783280",
        "fillingDate": "2020-05-01",
        "acceptedDate": "2020-05-01 10:33:00",
        "calendarYear": "2020",
        "period": "Q1",
        "revenue": 226369000,
        "costOfRevenue": 62138000,
        "grossProfit": 164231000,
        "grossProfitRatio": 0.7255012833,
        "researchAndDevelopmentExpenses": 0,
        "generalAndAdministrativeExpenses": 21763000,
        "sellingAndMarketingExpenses": 0,
        "sellingGeneralAndAdministrativeExpenses": 21763000,
        "otherExpenses": 88996000,
        "operatingExpenses": 110759000,
        "costAndExpenses": 172897000,
        "interestIncome": 1395000,
        "interestExpense": 23494000,
        "depreciationAndAmortization": 71582000,
        "ebitda": 288422000,
        "ebitdaratio": 1.2741232236,
        "operatingIncome": 59457000,
        "operatingIncomeRatio": 0.2626552222,
        "totalOtherIncomeExpensesNet": -228850000,
        "incomeBeforeTax": 19552000,
        "incomeBeforeTaxRatio": 0.0863722506,
        "incomeTaxExpense": -60000,
        "netIncome": 19456000,
        "netIncomeRatio": 0.0859481643,
        "eps": 0.0528,
        "epsdiluted": 0.0523,
        "weightedAverageShsOut": 368190000,
        "weightedAverageShsOutDil": 371870000,
        "link": "https://www.sec.gov/Archives/edgar/data/783280/000078328020000037/0000783280-20-000037-index.htm",
        "finalLink": "https://www.sec.gov/Archives/edgar/data/783280/000078328020000037/q1d0c2020.htm"
    },
    {
        "date": "2019-12-31",
        "symbol": "DRE",
        "reportedCurrency": "USD",
        "cik": "0000783280",
        "fillingDate": "2020-02-25",
        "acceptedDate": "2020-02-25 12:09:27",
        "calendarYear": "2019",
        "period": "Q4",
        "revenue": 230475000,
        "costOfRevenue": 63276000,
        "grossProfit": 167199000,
        "grossProfitRatio": 0.7254539538,
        "researchAndDevelopmentExpenses": 0,
        "generalAndAdministrativeExpenses": 11766000,
        "sellingAndMarketingExpenses": 0,
        "sellingGeneralAndAdministrativeExpenses": 11766000,
        "otherExpenses": 90782000,
        "operatingExpenses": 102548000,
        "costAndExpenses": 165824000,
        "interestIncome": 2564000,
        "interestExpense": 21510000,
        "depreciationAndAmortization": 70161000,
        "ebitda": 180694000,
        "ebitdaratio": 0.7840069422,
        "operatingIncome": 114917000,
        "operatingIncomeRatio": 0.4986093936,
        "totalOtherIncomeExpensesNet": -36732000,
        "incomeBeforeTax": 89664000,
        "incomeBeforeTaxRatio": 0.389040026,
        "incomeTaxExpense": 2221000,
        "netIncome": 86802000,
        "netIncomeRatio": 0.3766221933,
        "eps": 0.24,
        "epsdiluted": 0.24,
        "weightedAverageShsOut": 368190000,
        "weightedAverageShsOutDil": 368190000,
        "link": "https://www.sec.gov/Archives/edgar/data/783280/000078328020000010/0000783280-20-000010-index.htm",
        "finalLink": "https://www.sec.gov/Archives/edgar/data/783280/000078328020000010/a10k2019.htm"
    },
    {
        "date": "2019-09-30",
        "symbol": "DRE",
        "reportedCurrency": "USD",
        "cik": "0000783280",
        "fillingDate": "2019-11-01",
        "acceptedDate": "2019-11-01 10:48:04",
        "calendarYear": "2019",
        "period": "Q3",
        "revenue": 241329000,
        "costOfRevenue": 74537000,
        "grossProfit": 166792000,
        "grossProfitRatio": 0.6911394818,
        "researchAndDevelopmentExpenses": 0,
        "generalAndAdministrativeExpenses": 13720000,
        "sellingAndMarketingExpenses": 0,
        "sellingGeneralAndAdministrativeExpenses": 13720000,
        "otherExpenses": 85921000,
        "operatingExpenses": 99641000,
        "costAndExpenses": 174178000,
        "interestIncome": 2085000,
        "interestExpense": 22604000,
        "depreciationAndAmortization": 70383000,
        "ebitda": -73614000,
        "ebitdaratio": -0.3050358639,
        "operatingIncome": 248402000,
        "operatingIncomeRatio": 1.0293085373,
        "totalOtherIncomeExpensesNet": -20519000,
        "incomeBeforeTax": 227883000,
        "incomeBeforeTaxRatio": 0.94428353,
        "incomeTaxExpense": -536000,
        "netIncome": 226566000,
        "netIncomeRatio": 0.9388262496,
        "eps": 0.63,
        "epsdiluted": 0.62,
        "weightedAverageShsOut": 362416000,
        "weightedAverageShsOutDil": 367271000,
        "link": "https://www.sec.gov/Archives/edgar/data/783280/000078328019000053/0000783280-19-000053-index.htm",
        "finalLink": "https://www.sec.gov/Archives/edgar/data/783280/000078328019000053/q3d0c2019.htm"
    },
    {
        "date": "2019-06-30",
        "symbol": "DRE",
        "reportedCurrency": "USD",
        "cik": "0000783280",
        "fillingDate": "2019-08-02",
        "acceptedDate": "2019-08-02 09:49:43",
        "calendarYear": "2019",
        "period": "Q2",
        "revenue": 237026000,
        "costOfRevenue": 73161000,
        "grossProfit": 163865000,
        "grossProfitRatio": 0.6913376592,
        "researchAndDevelopmentExpenses": 0,
        "generalAndAdministrativeExpenses": 13420000,
        "sellingAndMarketingExpenses": 0,
        "sellingGeneralAndAdministrativeExpenses": 13420000,
        "otherExpenses": 87969000,
        "operatingExpenses": 101389000,
        "costAndExpenses": 174550000,
        "interestIncome": 2534000,
        "interestExpense": 23510000,
        "depreciationAndAmortization": 69455000,
        "ebitda": 170634000,
        "ebitdaratio": 0.7198957076,
        "operatingIncome": 99161000,
        "operatingIncomeRatio": 0.4183549484,
        "totalOtherIncomeExpensesNet": -20976000,
        "incomeBeforeTax": 78185000,
        "incomeBeforeTaxRatio": 0.3298583278,
        "incomeTaxExpense": 6616000,
        "netIncome": 71053000,
        "netIncomeRatio": 0.2997688017,
        "eps": 0.2,
        "epsdiluted": 0.2,
        "weightedAverageShsOut": 359681000,
        "weightedAverageShsOutDil": 362926000,
        "link": "https://www.sec.gov/Archives/edgar/data/783280/000078328019000040/0000783280-19-000040-index.htm",
        "finalLink": "https://www.sec.gov/Archives/edgar/data/783280/000078328019000040/q2d0c2019.htm"
    },
    {
        "date": "2019-03-31",
        "symbol": "DRE",
        "reportedCurrency": "USD",
        "cik": "0000783280",
        "fillingDate": "2019-04-26",
        "acceptedDate": "2019-04-26 10:49:10",
        "calendarYear": "2019",
        "period": "Q1",
        "revenue": 264929000,
        "costOfRevenue": 105696000,
        "grossProfit": 159233000,
        "grossProfitRatio": 0.6010402787,
        "researchAndDevelopmentExpenses": 0,
        "generalAndAdministrativeExpenses": 21983000,
        "sellingAndMarketingExpenses": 0,
        "sellingGeneralAndAdministrativeExpenses": 21983000,
        "otherExpenses": 80271000,
        "operatingExpenses": 102254000,
        "costAndExpenses": 207950000,
        "interestIncome": 2758000,
        "interestExpense": 22132000,
        "depreciationAndAmortization": 62423000,
        "ebitda": 129491000,
        "ebitdaratio": 0.4887762382,
        "operatingIncome": 62281000,
        "operatingIncomeRatio": 0.2350856267,
        "totalOtherIncomeExpensesNet": -24674000,
        "incomeBeforeTax": 45153000,
        "incomeBeforeTaxRatio": 0.1704343428,
        "incomeTaxExpense": 385000,
        "netIncome": 44551000,
        "netIncomeRatio": 0.1681620359,
        "eps": 0.12,
        "epsdiluted": 0.12,
        "weightedAverageShsOut": 359139000,
        "weightedAverageShsOutDil": 362362000,
        "link": "https://www.sec.gov/Archives/edgar/data/783280/000078328019000028/0000783280-19-000028-index.htm",
        "finalLink": "https://www.sec.gov/Archives/edgar/data/783280/000078328019000028/q1d0c2019.htm"
    },
    {
        "date": "2018-12-31",
        "symbol": "DRE",
        "reportedCurrency": "USD",
        "cik": "0000783280",
        "fillingDate": "2019-02-22",
        "acceptedDate": "2019-02-22 12:27:53",
        "calendarYear": "2018",
        "period": "Q4",
        "revenue": 270857000,
        "costOfRevenue": 114135000,
        "grossProfit": 156722000,
        "grossProfitRatio": 0.5786152841,
        "researchAndDevelopmentExpenses": 0,
        "generalAndAdministrativeExpenses": 12777000,
        "sellingAndMarketingExpenses": 0,
        "sellingGeneralAndAdministrativeExpenses": 12777000,
        "otherExpenses": 81002000,
        "operatingExpenses": 93779000,
        "costAndExpenses": 207914000,
        "interestIncome": 3915000,
        "interestExpense": 22869000,
        "depreciationAndAmortization": 65790000,
        "ebitda": 248939000,
        "ebitdaratio": 0.9190790712,
        "operatingIncome": 82226000,
        "operatingIncomeRatio": 0.3035771643,
        "totalOtherIncomeExpensesNet": -145789000,
        "incomeBeforeTax": 63124000,
        "incomeBeforeTaxRatio": 0.2330528655,
        "incomeTaxExpense": -667000,
        "netIncome": 63896000,
        "netIncomeRatio": 0.235903078,
        "eps": 0.18,
        "epsdiluted": 0.18,
        "weightedAverageShsOut": 358561000,
        "weightedAverageShsOutDil": 362536000,
        "link": "https://www.sec.gov/Archives/edgar/data/783280/000078328019000010/0000783280-19-000010-index.htm",
        "finalLink": "https://www.sec.gov/Archives/edgar/data/783280/000078328019000010/a10k2018.htm"
    },
    {
        "date": "2018-09-30",
        "symbol": "DRE",
        "reportedCurrency": "USD",
        "cik": "0000783280",
        "fillingDate": "2018-10-31",
        "acceptedDate": "2018-10-31 09:42:00",
        "calendarYear": "2018",
        "period": "Q3",
        "revenue": 231898000,
        "costOfRevenue": 82949000,
        "grossProfit": 148949000,
        "grossProfitRatio": 0.642303944,
        "researchAndDevelopmentExpenses": 0,
        "generalAndAdministrativeExpenses": 8959000,
        "sellingAndMarketingExpenses": 0,
        "sellingGeneralAndAdministrativeExpenses": 8959000,
        "otherExpenses": 79523000,
        "operatingExpenses": 88482000,
        "costAndExpenses": 171431000,
        "interestIncome": 4129000,
        "interestExpense": 21462000,
        "depreciationAndAmortization": 64421000,
        "ebitda": 99390000,
        "ebitdaratio": 0.4285936058,
        "operatingIncome": 69827000,
        "operatingIncomeRatio": 0.3011108332,
        "totalOtherIncomeExpensesNet": -17422000,
        "incomeBeforeTax": 52405000,
        "incomeBeforeTaxRatio": 0.2259829753,
        "incomeTaxExpense": -897000,
        "netIncome": 53025000,
        "netIncomeRatio": 0.2286565645,
        "eps": 0.15,
        "epsdiluted": 0.15,
        "weightedAverageShsOut": 357898000,
        "weightedAverageShsOutDil": 361410000,
        "link": "https://www.sec.gov/Archives/edgar/data/783280/000078328018000059/0000783280-18-000059-index.htm",
        "finalLink": "https://www.sec.gov/Archives/edgar/data/783280/000078328018000059/a3ndqd0c2018.htm"
    },
    {
        "date": "2018-06-30",
        "symbol": "DRE",
        "reportedCurrency": "USD",
        "cik": "0000783280",
        "fillingDate": "2018-07-27",
        "acceptedDate": "2018-07-27 09:44:06",
        "calendarYear": "2018",
        "period": "Q2",
        "revenue": 210558000,
        "costOfRevenue": 63218000,
        "grossProfit": 147340000,
        "grossProfitRatio": 0.6997596862,
        "researchAndDevelopmentExpenses": 0,
        "generalAndAdministrativeExpenses": 13459000,
        "sellingAndMarketingExpenses": 0,
        "sellingGeneralAndAdministrativeExpenses": 13459000,
        "otherExpenses": 76969000,
        "operatingExpenses": 90428000,
        "costAndExpenses": 153646000,
        "interestIncome": 4727000,
        "interestExpense": 20675000,
        "depreciationAndAmortization": 62095000,
        "ebitda": 276678000,
        "ebitdaratio": 1.3140227396,
        "operatingIncome": 208913000,
        "operatingIncomeRatio": 0.9921874258,
        "totalOtherIncomeExpensesNet": -16099000,
        "incomeBeforeTax": 192814000,
        "incomeBeforeTaxRatio": 0.9157286828,
        "incomeTaxExpense": 63000,
        "netIncome": 193845000,
        "netIncomeRatio": 0.9206251959,
        "eps": 0.54,
        "epsdiluted": 0.53,
        "weightedAverageShsOut": 357054000,
        "weightedAverageShsOutDil": 362741000,
        "link": "https://www.sec.gov/Archives/edgar/data/783280/000078328018000053/0000783280-18-000053-index.htm",
        "finalLink": "https://www.sec.gov/Archives/edgar/data/783280/000078328018000053/a2ndqd0c2018.htm"
    },
    {
        "date": "2018-03-31",
        "symbol": "DRE",
        "reportedCurrency": "USD",
        "cik": "0000783280",
        "fillingDate": "2018-05-04",
        "acceptedDate": "2018-05-04 10:08:40",
        "calendarYear": "2018",
        "period": "Q1",
        "revenue": 234557000,
        "costOfRevenue": 91951000,
        "grossProfit": 142606000,
        "grossProfitRatio": 0.6079801498,
        "researchAndDevelopmentExpenses": 0,
        "generalAndAdministrativeExpenses": 21023000,
        "sellingAndMarketingExpenses": 0,
        "sellingGeneralAndAdministrativeExpenses": 21023000,
        "otherExpenses": 78315000,
        "operatingExpenses": 99338000,
        "costAndExpenses": 191289000,
        "interestIncome": 4463000,
        "interestExpense": 20000000,
        "depreciationAndAmortization": 63944000,
        "ebitda": 212067000,
        "ebitdaratio": 0.9041171229,
        "operatingIncome": 99390000,
        "operatingIncomeRatio": 0.4237349557,
        "totalOtherIncomeExpensesNet": -15537000,
        "incomeBeforeTax": 83853000,
        "incomeBeforeTaxRatio": 0.3574951931,
        "incomeTaxExpense": 10329000,
        "netIncome": 72963000,
        "netIncomeRatio": 0.3110672459,
        "eps": 0.2,
        "epsdiluted": 0.2,
        "weightedAverageShsOut": 356740000,
        "weightedAverageShsOutDil": 360400000,
        "link": "https://www.sec.gov/Archives/edgar/data/783280/000078328018000038/0000783280-18-000038-index.htm",
        "finalLink": "https://www.sec.gov/Archives/edgar/data/783280/000078328018000038/a1stqd0c2018.htm"
    },
    {
        "date": "2017-12-31",
        "symbol": "DRE",
        "reportedCurrency": "USD",
        "cik": "0000783280",
        "fillingDate": "2018-02-16",
        "acceptedDate": "2018-02-16 16:12:33",
        "calendarYear": "2017",
        "period": "Q4",
        "revenue": 215619000,
        "costOfRevenue": 80390000,
        "grossProfit": 135229000,
        "grossProfitRatio": 0.6271664371,
        "researchAndDevelopmentExpenses": 0,
        "generalAndAdministrativeExpenses": 13779000,
        "sellingAndMarketingExpenses": 0,
        "sellingGeneralAndAdministrativeExpenses": 13779000,
        "otherExpenses": 76861000,
        "operatingExpenses": 90640000,
        "costAndExpenses": 171030000,
        "interestIncome": 5524000,
        "interestExpense": 21602000,
        "depreciationAndAmortization": 62688000,
        "ebitda": 1250450000,
        "ebitdaratio": 5.799349779,
        "operatingIncome": 70501000,
        "operatingIncomeRatio": 0.3269702577,
        "totalOtherIncomeExpensesNet": -28981000,
        "incomeBeforeTax": 54423000,
        "incomeBeforeTaxRatio": 0.2524035451,
        "incomeTaxExpense": -8275000,
        "netIncome": 188419000,
        "netIncomeRatio": 0.8738515622,
        "eps": 0.53,
        "epsdiluted": 0.53,
        "weightedAverageShsOut": 356740000,
        "weightedAverageShsOutDil": 356740000,
        "link": "https://www.sec.gov/Archives/edgar/data/783280/000078328018000012/0000783280-18-000012-index.htm",
        "finalLink": "https://www.sec.gov/Archives/edgar/data/783280/000078328018000012/a10k2017.htm"
    },
    {
        "date": "2017-09-30",
        "symbol": "DRE",
        "reportedCurrency": "USD",
        "cik": "0000783280",
        "fillingDate": "2017-10-27",
        "acceptedDate": "2017-10-27 10:35:43",
        "calendarYear": "2017",
        "period": "Q3",
        "revenue": 194828000,
        "costOfRevenue": 68460000,
        "grossProfit": 126368000,
        "grossProfitRatio": 0.6486131357,
        "researchAndDevelopmentExpenses": 0,
        "generalAndAdministrativeExpenses": 10075000,
        "sellingAndMarketingExpenses": 0,
        "sellingGeneralAndAdministrativeExpenses": 10075000,
        "otherExpenses": 68762000,
        "operatingExpenses": 78837000,
        "costAndExpenses": 147297000,
        "interestIncome": 6404000,
        "interestExpense": 20835000,
        "depreciationAndAmortization": 55035000,
        "ebitda": 102860000,
        "ebitdaratio": 0.527952861,
        "operatingIncome": 73367000,
        "operatingIncomeRatio": 0.3765731825,
        "totalOtherIncomeExpensesNet": -2515000,
        "incomeBeforeTax": 42368000,
        "incomeBeforeTaxRatio": 0.2174636089,
        "incomeTaxExpense": 359000,
        "netIncome": 165269000,
        "netIncomeRatio": 0.8482815612,
        "eps": 0.46,
        "epsdiluted": 0.46,
        "weightedAverageShsOut": 355905000,
        "weightedAverageShsOutDil": 362102000,
        "link": "https://www.sec.gov/Archives/edgar/data/783280/000078328017000082/0000783280-17-000082-index.htm",
        "finalLink": "https://www.sec.gov/Archives/edgar/data/783280/000078328017000082/a3rdqd0c2017.htm"
    },
    {
        "date": "2017-06-30",
        "symbol": "DRE",
        "reportedCurrency": "USD",
        "cik": "0000783280",
        "fillingDate": "2017-08-02",
        "acceptedDate": "2017-08-02 10:39:38",
        "calendarYear": "2017",
        "period": "Q2",
        "revenue": 189412000,
        "costOfRevenue": 63782000,
        "grossProfit": 125630000,
        "grossProfitRatio": 0.6632631512,
        "researchAndDevelopmentExpenses": 0,
        "generalAndAdministrativeExpenses": 11858000,
        "sellingAndMarketingExpenses": 0,
        "sellingGeneralAndAdministrativeExpenses": 11858000,
        "otherExpenses": 67731000,
        "operatingExpenses": 79589000,
        "costAndExpenses": 143371000,
        "interestIncome": 2260000,
        "interestExpense": 21680000,
        "depreciationAndAmortization": 58711000,
        "ebitda": 1296360000,
        "ebitdaratio": 6.8441281439,
        "operatingIncome": 153601000,
        "operatingIncomeRatio": 0.8109359491,
        "totalOtherIncomeExpensesNet": -28981000,
        "incomeBeforeTax": 124620000,
        "incomeBeforeTaxRatio": 0.6579308597,
        "incomeTaxExpense": 5426000,
        "netIncome": 1210543000,
        "netIncomeRatio": 6.3910575887,
        "eps": 3.4,
        "epsdiluted": 3.34,
        "weightedAverageShsOut": 355647000,
        "weightedAverageShsOutDil": 361981000,
        "link": "https://www.sec.gov/Archives/edgar/data/783280/000078328017000066/0000783280-17-000066-index.htm",
        "finalLink": "https://www.sec.gov/Archives/edgar/data/783280/000078328017000066/a2ndqd0c2017.htm"
    },
    {
        "date": "2017-03-31",
        "symbol": "DRE",
        "reportedCurrency": "USD",
        "cik": "0000783280",
        "fillingDate": "2017-04-28",
        "acceptedDate": "2017-04-28 09:10:38",
        "calendarYear": "2017",
        "period": "Q1",
        "revenue": 227314000,
        "costOfRevenue": 65368000,
        "grossProfit": 161946000,
        "grossProfitRatio": 0.7124330222,
        "researchAndDevelopmentExpenses": 0,
        "generalAndAdministrativeExpenses": 19232000,
        "sellingAndMarketingExpenses": 0,
        "sellingGeneralAndAdministrativeExpenses": 19232000,
        "otherExpenses": 82295000,
        "operatingExpenses": 101527000,
        "costAndExpenses": 166895000,
        "interestIncome": 533000,
        "interestExpense": 30505000,
        "depreciationAndAmortization": 66172000,
        "ebitda": 169009000,
        "ebitdaratio": 0.7435045796,
        "operatingIncome": 102860000,
        "operatingIncomeRatio": 0.4525018257,
        "totalOtherIncomeExpensesNet": -29947000,
        "incomeBeforeTax": 72913000,
        "incomeBeforeTaxRatio": 0.3207589502,
        "incomeTaxExpense": 2132000,
        "netIncome": 70200000,
        "netIncomeRatio": 0.3088239176,
        "eps": 0.2,
        "epsdiluted": 0.19,
        "weightedAverageShsOut": 355282000,
        "weightedAverageShsOutDil": 360700000,
        "link": "https://www.sec.gov/Archives/edgar/data/783280/000078328017000034/0000783280-17-000034-index.htm",
        "finalLink": "https://www.sec.gov/Archives/edgar/data/783280/000078328017000034/a1stqd0c2017.htm"
    },
    {
        "date": "2016-12-31",
        "symbol": "DRE",
        "reportedCurrency": "USD",
        "cik": "0000783280",
        "fillingDate": "2017-02-17",
        "acceptedDate": "2017-02-17 09:56:00",
        "calendarYear": "2016",
        "period": "Q4",
        "revenue": 224527000,
        "costOfRevenue": 74221000,
        "grossProfit": 150306000,
        "grossProfitRatio": 0.6694339656,
        "researchAndDevelopmentExpenses": 0,
        "generalAndAdministrativeExpenses": 13173000,
        "sellingAndMarketingExpenses": 0,
        "sellingGeneralAndAdministrativeExpenses": 13173000,
        "otherExpenses": 79539000,
        "operatingExpenses": 92712000,
        "costAndExpenses": 166933000,
        "interestIncome": 438000,
        "interestExpense": 32056000,
        "depreciationAndAmortization": 63865000,
        "ebitda": 152624000,
        "ebitdaratio": 0.679757891,
        "operatingIncome": 96604000,
        "operatingIncomeRatio": 0.430255604,
        "totalOtherIncomeExpensesNet": -49621000,
        "incomeBeforeTax": 46983000,
        "incomeBeforeTaxRatio": 0.2092532301,
        "incomeTaxExpense": -416000,
        "netIncome": 47755000,
        "netIncomeRatio": 0.2126915694,
        "eps": 0.13,
        "epsdiluted": 0.13,
        "weightedAverageShsOut": 355282000,
        "weightedAverageShsOutDil": 355282000,
        "link": "https://www.sec.gov/Archives/edgar/data/783280/000078328017000012/0000783280-17-000012-index.htm",
        "finalLink": "https://www.sec.gov/Archives/edgar/data/783280/000078328017000012/a10k2016.htm"
    },
    {
        "date": "2016-09-30",
        "symbol": "DRE",
        "reportedCurrency": "USD",
        "cik": "0000783280",
        "fillingDate": "2016-10-28",
        "acceptedDate": "2016-10-28 10:41:28",
        "calendarYear": "2016",
        "period": "Q3",
        "revenue": 226199000,
        "costOfRevenue": 74579000,
        "grossProfit": 151620000,
        "grossProfitRatio": 0.6702947405,
        "researchAndDevelopmentExpenses": 0,
        "generalAndAdministrativeExpenses": 12534000,
        "sellingAndMarketingExpenses": 0,
        "sellingGeneralAndAdministrativeExpenses": 12534000,
        "otherExpenses": 82112000,
        "operatingExpenses": 94646000,
        "costAndExpenses": 169225000,
        "interestIncome": 507000,
        "interestExpense": 34606000,
        "depreciationAndAmortization": 64960000,
        "ebitda": 211221000,
        "ebitdaratio": 0.933783969,
        "operatingIncome": 152453000,
        "operatingIncomeRatio": 0.6739773385,
        "totalOtherIncomeExpensesNet": 32946000,
        "incomeBeforeTax": 112104000,
        "incomeBeforeTaxRatio": 0.495599008,
        "incomeTaxExpense": -359000,
        "netIncome": 112014000,
        "netIncomeRatio": 0.4952011282,
        "eps": 0.32,
        "epsdiluted": 0.31,
        "weightedAverageShsOut": 351856000,
        "weightedAverageShsOutDil": 358981000,
        "link": "https://www.sec.gov/Archives/edgar/data/783280/000078328016000120/0000783280-16-000120-index.htm",
        "finalLink": "https://www.sec.gov/Archives/edgar/data/783280/000078328016000120/a3rdqd0c2016.htm"
    },
    {
        "date": "2016-06-30",
        "symbol": "DRE",
        "reportedCurrency": "USD",
        "cik": "0000783280",
        "fillingDate": "2016-08-03",
        "acceptedDate": "2016-08-03 09:10:27",
        "calendarYear": "2016",
        "period": "Q2",
        "revenue": 226564000,
        "costOfRevenue": 77905000,
        "grossProfit": 148659000,
        "grossProfitRatio": 0.6561457248,
        "researchAndDevelopmentExpenses": 0,
        "generalAndAdministrativeExpenses": 11584000,
        "sellingAndMarketingExpenses": 0,
        "sellingGeneralAndAdministrativeExpenses": 11584000,
        "otherExpenses": 80997000,
        "operatingExpenses": 92581000,
        "costAndExpenses": 170486000,
        "interestIncome": 567000,
        "interestExpense": 37184000,
        "depreciationAndAmortization": 64474000,
        "ebitda": 210568000,
        "ebitdaratio": 0.929397433,
        "operatingIncome": 148766000,
        "operatingIncomeRatio": 0.6566179976,
        "totalOtherIncomeExpensesNet": -39119000,
        "incomeBeforeTax": 109647000,
        "incomeBeforeTaxRatio": 0.4839559683,
        "incomeTaxExpense": -157000,
        "netIncome": 109067000,
        "netIncomeRatio": 0.4813959852,
        "eps": 0.31,
        "epsdiluted": 0.31,
        "weightedAverageShsOut": 347464000,
        "weightedAverageShsOutDil": 354433000,
        "link": "https://www.sec.gov/Archives/edgar/data/783280/000078328016000112/0000783280-16-000112-index.htm",
        "finalLink": "https://www.sec.gov/Archives/edgar/data/783280/000078328016000112/a2ndqd0c2016.htm"
    },
    {
        "date": "2016-03-31",
        "symbol": "DRE",
        "reportedCurrency": "USD",
        "cik": "0000783280",
        "fillingDate": "2016-04-29",
        "acceptedDate": "2016-04-29 10:19:01",
        "calendarYear": "2016",
        "period": "Q1",
        "revenue": 224954000,
        "costOfRevenue": 79825000,
        "grossProfit": 145129000,
        "grossProfitRatio": 0.645149675,
        "researchAndDevelopmentExpenses": 0,
        "generalAndAdministrativeExpenses": 18098000,
        "sellingAndMarketingExpenses": 0,
        "sellingGeneralAndAdministrativeExpenses": 18098000,
        "otherExpenses": 79035000,
        "operatingExpenses": 97133000,
        "costAndExpenses": 176958000,
        "interestIncome": 2523000,
        "interestExpense": 37730000,
        "depreciationAndAmortization": 62120000,
        "ebitda": 143500000,
        "ebitdaratio": 0.6379081946,
        "operatingIncome": 79158000,
        "operatingIncomeRatio": 0.3518852743,
        "totalOtherIncomeExpensesNet": -35210000,
        "incomeBeforeTax": 43948000,
        "incomeBeforeTaxRatio": 0.1953643856,
        "incomeTaxExpense": 343000,
        "netIncome": 43307000,
        "netIncomeRatio": 0.1925149142,
        "eps": 0.13,
        "epsdiluted": 0.12,
        "weightedAverageShsOut": 345665000,
        "weightedAverageShsOutDil": 349674000,
        "link": "https://www.sec.gov/Archives/edgar/data/783280/000078328016000095/0000783280-16-000095-index.htm",
        "finalLink": "https://www.sec.gov/Archives/edgar/data/783280/000078328016000095/a1stqd0c2016.htm"
    },
    {
        "date": "2015-12-31",
        "symbol": "DRE",
        "reportedCurrency": "USD",
        "cik": "0000783280",
        "fillingDate": "2016-02-19",
        "acceptedDate": "2016-02-19 11:33:48",
        "calendarYear": "2015",
        "period": "Q4",
        "revenue": 221563000,
        "costOfRevenue": 76677000,
        "grossProfit": 144886000,
        "grossProfitRatio": 0.6539268741,
        "researchAndDevelopmentExpenses": 0,
        "generalAndAdministrativeExpenses": 10983000,
        "sellingAndMarketingExpenses": 0,
        "sellingGeneralAndAdministrativeExpenses": 10983000,
        "otherExpenses": 78562000,
        "operatingExpenses": 89545000,
        "costAndExpenses": 166222000,
        "interestIncome": 1611000,
        "interestExpense": 38998000,
        "depreciationAndAmortization": 61548000,
        "ebitda": 487026000,
        "ebitdaratio": 2.1981377757,
        "operatingIncome": 59227000,
        "operatingIncomeRatio": 0.2673144884,
        "totalOtherIncomeExpensesNet": -42017000,
        "incomeBeforeTax": 17210000,
        "incomeBeforeTaxRatio": 0.0776754241,
        "incomeTaxExpense": 181000,
        "netIncome": 24252000,
        "netIncomeRatio": 0.1094587093,
        "eps": 0.0702,
        "epsdiluted": 0.0702,
        "weightedAverageShsOut": 345665000,
        "weightedAverageShsOutDil": 345665000,
        "link": "https://www.sec.gov/Archives/edgar/data/783280/000078328016000080/0000783280-16-000080-index.htm",
        "finalLink": "https://www.sec.gov/Archives/edgar/data/783280/000078328016000080/a10k2015.htm"
    },
    {
        "date": "2015-09-30",
        "symbol": "DRE",
        "reportedCurrency": "USD",
        "cik": "0000783280",
        "fillingDate": "2015-11-04",
        "acceptedDate": "2015-11-04 11:03:40",
        "calendarYear": "2015",
        "period": "Q3",
        "revenue": 234537000,
        "costOfRevenue": 87533000,
        "grossProfit": 147004000,
        "grossProfitRatio": 0.6267838337,
        "researchAndDevelopmentExpenses": 0,
        "generalAndAdministrativeExpenses": 11340000,
        "sellingAndMarketingExpenses": 0,
        "sellingGeneralAndAdministrativeExpenses": 11340000,
        "otherExpenses": 81365000,
        "operatingExpenses": 92705000,
        "costAndExpenses": 180238000,
        "interestIncome": 1343000,
        "interestExpense": 41615000,
        "depreciationAndAmortization": 63511000,
        "ebitda": 178255000,
        "ebitdaratio": 0.7600293344,
        "operatingIncome": 119703000,
        "operatingIncomeRatio": 0.5103800253,
        "totalOtherIncomeExpensesNet": -45868000,
        "incomeBeforeTax": 73835000,
        "incomeBeforeTaxRatio": 0.3148117355,
        "incomeTaxExpense": -3305000,
        "netIncome": 76434000,
        "netIncomeRatio": 0.3258931427,
        "eps": 0.22,
        "epsdiluted": 0.22,
        "weightedAverageShsOut": 345256000,
        "weightedAverageShsOutDil": 352150000,
        "link": "https://www.sec.gov/Archives/edgar/data/783280/000078328015000069/0000783280-15-000069-index.htm",
        "finalLink": "https://www.sec.gov/Archives/edgar/data/783280/000078328015000069/a3rdqd0c2015.htm"
    },
    {
        "date": "2015-06-30",
        "symbol": "DRE",
        "reportedCurrency": "USD",
        "cik": "0000783280",
        "fillingDate": "2015-08-05",
        "acceptedDate": "2015-08-05 09:42:24",
        "calendarYear": "2015",
        "period": "Q2",
        "revenue": 225897000,
        "costOfRevenue": 79579000,
        "grossProfit": 146318000,
        "grossProfitRatio": 0.6477199786,
        "researchAndDevelopmentExpenses": 0,
        "generalAndAdministrativeExpenses": 19238000,
        "sellingAndMarketingExpenses": 0,
        "sellingGeneralAndAdministrativeExpenses": 19238000,
        "otherExpenses": 79889000,
        "operatingExpenses": 99127000,
        "costAndExpenses": 178706000,
        "interestIncome": 1375000,
        "interestExpense": 42976000,
        "depreciationAndAmortization": 61789000,
        "ebitda": 551857000,
        "ebitdaratio": 2.4429585165,
        "operatingIncome": 181266000,
        "operatingIncomeRatio": 0.8024276551,
        "totalOtherIncomeExpensesNet": -125559000,
        "incomeBeforeTax": 55707000,
        "incomeBeforeTaxRatio": 0.2466035406,
        "incomeTaxExpense": -2288000,
        "netIncome": 449380000,
        "netIncomeRatio": 1.9893137138,
        "eps": 1.3,
        "epsdiluted": 1.29,
        "weightedAverageShsOut": 345098000,
        "weightedAverageShsOutDil": 349161000,
        "link": "https://www.sec.gov/Archives/edgar/data/783280/000078328015000059/0000783280-15-000059-index.htm",
        "finalLink": "https://www.sec.gov/Archives/edgar/data/783280/000078328015000059/a2ndqd0c2015.htm"
    },
    {
        "date": "2015-03-31",
        "symbol": "DRE",
        "reportedCurrency": "USD",
        "cik": "0000783280",
        "fillingDate": "2015-05-01",
        "acceptedDate": "2015-05-01 10:58:39",
        "calendarYear": "2015",
        "period": "Q1",
        "revenue": 267435000,
        "costOfRevenue": 113926000,
        "grossProfit": 153509000,
        "grossProfitRatio": 0.5740048984,
        "researchAndDevelopmentExpenses": 0,
        "generalAndAdministrativeExpenses": 17004000,
        "sellingAndMarketingExpenses": 0,
        "sellingGeneralAndAdministrativeExpenses": 17004000,
        "otherExpenses": 83460000,
        "operatingExpenses": 100464000,
        "costAndExpenses": 214390000,
        "interestIncome": 338000,
        "interestExpense": 49610000,
        "depreciationAndAmortization": 66835000,
        "ebitda": 183173000,
        "ebitdaratio": 0.684925309,
        "operatingIncome": 88200000,
        "operatingIncomeRatio": 0.3297997644,
        "totalOtherIncomeExpensesNet": -53097000,
        "incomeBeforeTax": 38900000,
        "incomeBeforeTaxRatio": 0.1454559052,
        "incomeTaxExpense": 1484000,
        "netIncome": 65244000,
        "netIncomeRatio": 0.2439620842,
        "eps": 0.19,
        "epsdiluted": 0.19,
        "weightedAverageShsOut": 344597000,
        "weightedAverageShsOutDil": 348653000,
        "link": "https://www.sec.gov/Archives/edgar/data/783280/000078328015000043/0000783280-15-000043-index.htm",
        "finalLink": "https://www.sec.gov/Archives/edgar/data/783280/000078328015000043/a1stqd0c2015.htm"
    },
    {
        "date": "2014-12-31",
        "symbol": "DRE",
        "reportedCurrency": "USD",
        "cik": "0000783280",
        "fillingDate": "2015-02-20",
        "acceptedDate": "2015-02-20 09:17:21",
        "calendarYear": "2014",
        "period": "Q4",
        "revenue": 277442000,
        "costOfRevenue": 107761000,
        "grossProfit": 169681000,
        "grossProfitRatio": 0.6115908911,
        "researchAndDevelopmentExpenses": 0,
        "generalAndAdministrativeExpenses": 13730000,
        "sellingAndMarketingExpenses": 0,
        "sellingGeneralAndAdministrativeExpenses": 13730000,
        "otherExpenses": 93664000,
        "operatingExpenses": 107394000,
        "costAndExpenses": 215155000,
        "interestIncome": 310000,
        "interestExpense": 56134000,
        "depreciationAndAmortization": 73316000,
        "ebitda": 177028000,
        "ebitdaratio": 0.6380721016,
        "operatingIncome": 65188000,
        "operatingIncomeRatio": 0.2349608206,
        "totalOtherIncomeExpensesNet": -56196000,
        "incomeBeforeTax": 8992000,
        "incomeBeforeTaxRatio": 0.0324103777,
        "incomeTaxExpense": -3439000,
        "netIncome": 12816000,
        "netIncomeRatio": 0.0461934386,
        "eps": 0.0372,
        "epsdiluted": 0.0372,
        "weightedAverageShsOut": 344597000,
        "weightedAverageShsOutDil": 344597000,
        "link": "https://www.sec.gov/Archives/edgar/data/783280/000078328015000018/0000783280-15-000018-index.htm",
        "finalLink": "https://www.sec.gov/Archives/edgar/data/783280/000078328015000018/a201410kdoc.htm"
    },
    {
        "date": "2014-09-30",
        "symbol": "DRE",
        "reportedCurrency": "USD",
        "cik": "0000783280",
        "fillingDate": "2014-10-31",
        "acceptedDate": "2014-10-31 11:36:39",
        "calendarYear": "2014",
        "period": "Q3",
        "revenue": 291061000,
        "costOfRevenue": 123706000,
        "grossProfit": 167355000,
        "grossProfitRatio": 0.5749825638,
        "researchAndDevelopmentExpenses": 0,
        "generalAndAdministrativeExpenses": 10573000,
        "sellingAndMarketingExpenses": 0,
        "sellingGeneralAndAdministrativeExpenses": 10573000,
        "otherExpenses": 95056000,
        "operatingExpenses": 105629000,
        "costAndExpenses": 229335000,
        "interestIncome": 356000,
        "interestExpense": 53343000,
        "depreciationAndAmortization": 72345000,
        "ebitda": 196047000,
        "ebitdaratio": 0.673559838,
        "operatingIncome": 123073000,
        "operatingIncomeRatio": 0.4228426344,
        "totalOtherIncomeExpensesNet": 3454000,
        "incomeBeforeTax": 69976000,
        "incomeBeforeTaxRatio": 0.2404169573,
        "incomeTaxExpense": -442000,
        "netIncome": 70801000,
        "netIncomeRatio": 0.2432514147,
        "eps": 0.21,
        "epsdiluted": 0.2,
        "weightedAverageShsOut": 341165000,
        "weightedAverageShsOutDil": 345826000,
        "link": "https://www.sec.gov/Archives/edgar/data/783280/000078328014000051/0000783280-14-000051-index.htm",
        "finalLink": "https://www.sec.gov/Archives/edgar/data/783280/000078328014000051/q3d0c2014.htm"
    },
    {
        "date": "2014-06-30",
        "symbol": "DRE",
        "reportedCurrency": "USD",
        "cik": "0000783280",
        "fillingDate": "2014-08-01",
        "acceptedDate": "2014-08-01 09:11:31",
        "calendarYear": "2014",
        "period": "Q2",
        "revenue": 303030000,
        "costOfRevenue": 135759000,
        "grossProfit": 167271000,
        "grossProfitRatio": 0.551994852,
        "researchAndDevelopmentExpenses": 0,
        "generalAndAdministrativeExpenses": 10365000,
        "sellingAndMarketingExpenses": 0,
        "sellingGeneralAndAdministrativeExpenses": 10365000,
        "otherExpenses": 97770000,
        "operatingExpenses": 108135000,
        "costAndExpenses": 243894000,
        "interestIncome": 229000,
        "interestExpense": 54872000,
        "depreciationAndAmortization": 73225000,
        "ebitda": 263195000,
        "ebitdaratio": 0.8685443685,
        "operatingIncome": 189788000,
        "operatingIncomeRatio": 0.6263010263,
        "totalOtherIncomeExpensesNet": -55529000,
        "incomeBeforeTax": 134259000,
        "incomeBeforeTaxRatio": 0.4430551431,
        "incomeTaxExpense": 364000,
        "netIncome": 134734000,
        "netIncomeRatio": 0.4446226446,
        "eps": 0.41,
        "epsdiluted": 0.4,
        "weightedAverageShsOut": 331753000,
        "weightedAverageShsOutDil": 336414000,
        "link": "https://www.sec.gov/Archives/edgar/data/783280/000078328014000022/0000783280-14-000022-index.htm",
        "finalLink": "https://www.sec.gov/Archives/edgar/data/783280/000078328014000022/q2d0c2014.htm"
    },
    {
        "date": "2014-03-31",
        "symbol": "DRE",
        "reportedCurrency": "USD",
        "cik": "0000783280",
        "fillingDate": "2014-05-02",
        "acceptedDate": "2014-05-02 12:27:52",
        "calendarYear": "2014",
        "period": "Q1",
        "revenue": 293170000,
        "costOfRevenue": 130005000,
        "grossProfit": 163165000,
        "grossProfitRatio": 0.5565542177,
        "researchAndDevelopmentExpenses": 0,
        "generalAndAdministrativeExpenses": 14694000,
        "sellingAndMarketingExpenses": 0,
        "sellingGeneralAndAdministrativeExpenses": 14694000,
        "otherExpenses": 98151000,
        "operatingExpenses": 112845000,
        "costAndExpenses": 242850000,
        "interestIncome": 351000,
        "interestExpense": 55257000,
        "depreciationAndAmortization": 71393000,
        "ebitda": 154561000,
        "ebitdaratio": 0.5272060579,
        "operatingIncome": 66522000,
        "operatingIncomeRatio": 0.2269058908,
        "totalOtherIncomeExpensesNet": -54920000,
        "incomeBeforeTax": 11602000,
        "incomeBeforeTaxRatio": 0.0395743084,
        "incomeTaxExpense": 2674000,
        "netIncome": 25237000,
        "netIncomeRatio": 0.0860831599,
        "eps": 0.0772,
        "epsdiluted": 0.0761,
        "weightedAverageShsOut": 327106000,
        "weightedAverageShsOutDil": 331716000,
        "link": "https://www.sec.gov/Archives/edgar/data/783280/000078328014000007/0000783280-14-000007-index.htm",
        "finalLink": "https://www.sec.gov/Archives/edgar/data/783280/000078328014000007/q1d0c2014.htm"
    },
    {
        "date": "2013-12-31",
        "symbol": "DRE",
        "reportedCurrency": "USD",
        "cik": "0000783280",
        "fillingDate": "2014-02-21",
        "acceptedDate": "2014-02-21 15:17:46",
        "calendarYear": "2013",
        "period": "Q4",
        "revenue": 252556000,
        "costOfRevenue": 104181000,
        "grossProfit": 148375000,
        "grossProfitRatio": 0.5874934668,
        "researchAndDevelopmentExpenses": 0,
        "generalAndAdministrativeExpenses": 9448000,
        "sellingAndMarketingExpenses": 0,
        "sellingGeneralAndAdministrativeExpenses": 9448000,
        "otherExpenses": 96039000,
        "operatingExpenses": 105487000,
        "costAndExpenses": 209668000,
        "interestIncome": 668000,
        "interestExpense": 52890000,
        "depreciationAndAmortization": 74465000,
        "ebitda": 203704000,
        "ebitdaratio": 0.8065696321,
        "operatingIncome": 109038000,
        "operatingIncomeRatio": 0.4317379116,
        "totalOtherIncomeExpensesNet": -46702000,
        "incomeBeforeTax": 46796000,
        "incomeBeforeTaxRatio": 0.1852895991,
        "incomeTaxExpense": -580000,
        "netIncome": 76929000,
        "netIncomeRatio": 0.3046017517,
        "eps": 0.24,
        "epsdiluted": 0.23,
        "weightedAverageShsOut": 326059000,
        "weightedAverageShsOutDil": 330834000,
        "link": "https://www.sec.gov/Archives/edgar/data/783280/000144530514000524/0001445305-14-000524-index.htm",
        "finalLink": "https://www.sec.gov/Archives/edgar/data/783280/000144530514000524/a201310kdoc.htm"
    },
    {
        "date": "2013-09-30",
        "symbol": "DRE",
        "reportedCurrency": "USD",
        "cik": "0000783280",
        "fillingDate": "2013-11-01",
        "acceptedDate": "2013-11-01 10:44:08",
        "calendarYear": "2013",
        "period": "Q3",
        "revenue": 291690000,
        "costOfRevenue": 132730000,
        "grossProfit": 158960000,
        "grossProfitRatio": 0.5449621173,
        "researchAndDevelopmentExpenses": 0,
        "generalAndAdministrativeExpenses": 10373000,
        "sellingAndMarketingExpenses": 0,
        "sellingGeneralAndAdministrativeExpenses": 10373000,
        "otherExpenses": 103641000,
        "operatingExpenses": 114014000,
        "costAndExpenses": 246744000,
        "interestIncome": 145000,
        "interestExpense": 58100000,
        "depreciationAndAmortization": 72765000,
        "ebitda": 127654000,
        "ebitdaratio": 0.4376358463,
        "operatingIncome": 46176000,
        "operatingIncomeRatio": 0.1583050499,
        "totalOtherIncomeExpensesNet": -58681000,
        "incomeBeforeTax": -12505000,
        "incomeBeforeTaxRatio": -0.042870856,
        "incomeTaxExpense": -4500000,
        "netIncome": 1289000,
        "netIncomeRatio": 0.004419075,
        "eps": 0.004,
        "epsdiluted": 0.004,
        "weightedAverageShsOut": 324895000,
        "weightedAverageShsOutDil": 324895000,
        "link": "https://www.sec.gov/Archives/edgar/data/783280/000078328013000021/0000783280-13-000021-index.htm",
        "finalLink": "https://www.sec.gov/Archives/edgar/data/783280/000078328013000021/q3doc2013.htm"
    },
    {
        "date": "2013-06-30",
        "symbol": "DRE",
        "reportedCurrency": "USD",
        "cik": "0000783280",
        "fillingDate": "2013-08-02",
        "acceptedDate": "2013-08-02 12:33:12",
        "calendarYear": "2013",
        "period": "Q2",
        "revenue": 275458000,
        "costOfRevenue": 115951000,
        "grossProfit": 159507000,
        "grossProfitRatio": 0.5790610547,
        "researchAndDevelopmentExpenses": 0,
        "generalAndAdministrativeExpenses": 9707000,
        "sellingAndMarketingExpenses": 0,
        "sellingGeneralAndAdministrativeExpenses": 9707000,
        "otherExpenses": 98580000,
        "operatingExpenses": 108287000,
        "costAndExpenses": 224238000,
        "interestIncome": 921000,
        "interestExpense": 59296000,
        "depreciationAndAmortization": 70805000,
        "ebitda": 198950000,
        "ebitdaratio": 0.7222516681,
        "operatingIncome": 46943000,
        "operatingIncomeRatio": 0.1704179948,
        "totalOtherIncomeExpensesNet": -60798000,
        "incomeBeforeTax": -13855000,
        "incomeBeforeTaxRatio": -0.0502980491,
        "incomeTaxExpense": -1502000,
        "netIncome": 68849000,
        "netIncomeRatio": 0.2499437301,
        "eps": 0.21,
        "epsdiluted": 0.21,
        "weightedAverageShsOut": 322489000,
        "weightedAverageShsOutDil": 327098000,
        "link": "https://www.sec.gov/Archives/edgar/data/783280/000078328013000018/0000783280-13-000018-index.htm",
        "finalLink": "https://www.sec.gov/Archives/edgar/data/783280/000078328013000018/q2doc2013.htm"
    },
    {
        "date": "2013-03-31",
        "symbol": "DRE",
        "reportedCurrency": "USD",
        "cik": "0000783280",
        "fillingDate": "2013-05-03",
        "acceptedDate": "2013-05-03 11:15:47",
        "calendarYear": "2013",
        "period": "Q1",
        "revenue": 268668000,
        "costOfRevenue": 110541000,
        "grossProfit": 158127000,
        "grossProfitRatio": 0.5885591139,
        "researchAndDevelopmentExpenses": 0,
        "generalAndAdministrativeExpenses": 13145000,
        "sellingAndMarketingExpenses": 0,
        "sellingGeneralAndAdministrativeExpenses": 13145000,
        "otherExpenses": 97183000,
        "operatingExpenses": 110328000,
        "costAndExpenses": 220869000,
        "interestIncome": 153000,
        "interestExpense": 60075000,
        "depreciationAndAmortization": 70548000,
        "ebitda": 174148000,
        "ebitdaratio": 0.6481903316,
        "operatingIncome": 95147000,
        "operatingIncomeRatio": 0.3541434038,
        "totalOtherIncomeExpensesNet": -59279000,
        "incomeBeforeTax": 35868000,
        "incomeBeforeTaxRatio": 0.1335030595,
        "incomeTaxExpense": 796000,
        "netIncome": 43525000,
        "netIncomeRatio": 0.1620029181,
        "eps": 0.14,
        "epsdiluted": 0.14,
        "weightedAverageShsOut": 314936000,
        "weightedAverageShsOutDil": 319571000,
        "link": "https://www.sec.gov/Archives/edgar/data/783280/000078328013000009/0000783280-13-000009-index.htm",
        "finalLink": "https://www.sec.gov/Archives/edgar/data/783280/000078328013000009/q1doc2013.htm"
    },
    {
        "date": "2012-12-31",
        "symbol": "DRE",
        "reportedCurrency": "USD",
        "cik": "0000783280",
        "fillingDate": "2013-02-22",
        "acceptedDate": "2013-02-22 14:22:08",
        "calendarYear": "2012",
        "period": "Q4",
        "revenue": 266482000,
        "costOfRevenue": 115397000,
        "grossProfit": 151085000,
        "grossProfitRatio": 0.5669613707,
        "researchAndDevelopmentExpenses": 0,
        "generalAndAdministrativeExpenses": 14057000,
        "sellingAndMarketingExpenses": 0,
        "sellingGeneralAndAdministrativeExpenses": 14057000,
        "otherExpenses": 96871000,
        "operatingExpenses": 110928000,
        "costAndExpenses": 226325000,
        "interestIncome": 120000,
        "interestExpense": 61547000,
        "depreciationAndAmortization": 69346000,
        "ebitda": 108932000,
        "ebitdaratio": 0.4087780788,
        "operatingIncome": 38651000,
        "operatingIncomeRatio": 0.1450416914,
        "totalOtherIncomeExpensesNet": -65982000,
        "incomeBeforeTax": -24405000,
        "incomeBeforeTaxRatio": -0.0915821707,
        "incomeTaxExpense": -1509000,
        "netIncome": -21961000,
        "netIncomeRatio": -0.0824108195,
        "eps": -0.0795,
        "epsdiluted": -0.0795,
        "weightedAverageShsOut": 276081000,
        "weightedAverageShsOutDil": 276081000,
        "link": "https://www.sec.gov/Archives/edgar/data/783280/000078328013000004/0000783280-13-000004-index.htm",
        "finalLink": "https://www.sec.gov/Archives/edgar/data/783280/000078328013000004/a201210kdoc.htm"
    },
    {
        "date": "2012-09-30",
        "symbol": "DRE",
        "reportedCurrency": "USD",
        "cik": "0000783280",
        "fillingDate": "2012-11-02",
        "acceptedDate": "2012-11-02 14:44:05",
        "calendarYear": "2012",
        "period": "Q3",
        "revenue": 302889000,
        "costOfRevenue": 156054000,
        "grossProfit": 146835000,
        "grossProfitRatio": 0.4847815536,
        "researchAndDevelopmentExpenses": 0,
        "generalAndAdministrativeExpenses": 9493000,
        "sellingAndMarketingExpenses": -559000,
        "sellingGeneralAndAdministrativeExpenses": 8934000,
        "otherExpenses": 95247000,
        "operatingExpenses": 104181000,
        "costAndExpenses": 260235000,
        "interestIncome": 150000,
        "interestExpense": 61539000,
        "depreciationAndAmortization": 65997000,
        "ebitda": 110284000,
        "ebitdaratio": 0.3641069831,
        "operatingIncome": 43197000,
        "operatingIncomeRatio": 0.1426166021,
        "totalOtherIncomeExpensesNet": -62343000,
        "incomeBeforeTax": -19146000,
        "incomeBeforeTaxRatio": -0.0632112754,
        "incomeTaxExpense": -103000,
        "netIncome": -17149000,
        "netIncomeRatio": -0.056618101,
        "eps": -0.0634,
        "epsdiluted": -0.0634,
        "weightedAverageShsOut": 270289000,
        "weightedAverageShsOutDil": 270289000,
        "link": "https://www.sec.gov/Archives/edgar/data/783280/000078328012000028/0000783280-12-000028-index.htm",
        "finalLink": "https://www.sec.gov/Archives/edgar/data/783280/000078328012000028/a3q10q2012.htm"
    },
    {
        "date": "2012-06-30",
        "symbol": "DRE",
        "reportedCurrency": "USD",
        "cik": "0000783280",
        "fillingDate": "2012-08-03",
        "acceptedDate": "2012-08-03 13:29:10",
        "calendarYear": "2012",
        "period": "Q2",
        "revenue": 268615000,
        "costOfRevenue": 120745000,
        "grossProfit": 147870000,
        "grossProfitRatio": 0.5504904789,
        "researchAndDevelopmentExpenses": 0,
        "generalAndAdministrativeExpenses": 11594000,
        "sellingAndMarketingExpenses": 0,
        "sellingGeneralAndAdministrativeExpenses": 11594000,
        "otherExpenses": 92917000,
        "operatingExpenses": 104511000,
        "costAndExpenses": 225256000,
        "interestIncome": 98000,
        "interestExpense": 61220000,
        "depreciationAndAmortization": 63622000,
        "ebitda": 107442000,
        "ebitdaratio": 0.3999851088,
        "operatingIncome": 41577000,
        "operatingIncomeRatio": 0.1547828677,
        "totalOtherIncomeExpensesNet": -62151000,
        "incomeBeforeTax": -20574000,
        "incomeBeforeTaxRatio": -0.0765928932,
        "incomeTaxExpense": -931000,
        "netIncome": -17400000,
        "netIncomeRatio": -0.0647767251,
        "eps": -0.0652,
        "epsdiluted": -0.0652,
        "weightedAverageShsOut": 266748000,
        "weightedAverageShsOutDil": 266748000,
        "link": "https://www.sec.gov/Archives/edgar/data/783280/000078328012000024/0000783280-12-000024-index.htm",
        "finalLink": "https://www.sec.gov/Archives/edgar/data/783280/000078328012000024/dredrlp2q10q2012.htm"
    },
    {
        "date": "2012-03-31",
        "symbol": "DRE",
        "reportedCurrency": "USD",
        "cik": "0000783280",
        "fillingDate": "2012-05-04",
        "acceptedDate": "2012-05-04 10:55:07",
        "calendarYear": "2012",
        "period": "Q1",
        "revenue": 272400000,
        "costOfRevenue": 129934000,
        "grossProfit": 142466000,
        "grossProfitRatio": 0.5230029369,
        "researchAndDevelopmentExpenses": 0,
        "generalAndAdministrativeExpenses": 11839000,
        "sellingAndMarketingExpenses": 0,
        "sellingGeneralAndAdministrativeExpenses": 11839000,
        "otherExpenses": 91878000,
        "operatingExpenses": 103717000,
        "costAndExpenses": 233651000,
        "interestIncome": 146000,
        "interestExpense": 61086000,
        "depreciationAndAmortization": 63860000,
        "ebitda": 107479000,
        "ebitdaratio": 0.3945631424,
        "operatingIncome": 37683000,
        "operatingIncomeRatio": 0.1383370044,
        "totalOtherIncomeExpensesNet": -61520000,
        "incomeBeforeTax": -23837000,
        "incomeBeforeTaxRatio": -0.0875073421,
        "incomeTaxExpense": -434000,
        "netIncome": -17467000,
        "netIncomeRatio": -0.0641226138,
        "eps": -0.0672,
        "epsdiluted": -0.0672,
        "weightedAverageShsOut": 259928571,
        "weightedAverageShsOutDil": 259928571,
        "link": "https://www.sec.gov/Archives/edgar/data/783280/000078328012000007/0000783280-12-000007-index.htm",
        "finalLink": "https://www.sec.gov/Archives/edgar/data/783280/000078328012000007/dre1q10q2012.htm"
    },
    {
        "date": "2011-12-31",
        "symbol": "DRE",
        "reportedCurrency": "USD",
        "cik": "0000783280",
        "fillingDate": "2012-02-24",
        "acceptedDate": "2012-02-24 16:24:03",
        "calendarYear": "2011",
        "period": "Q4",
        "revenue": 166038000,
        "costOfRevenue": 97259000,
        "grossProfit": 68779000,
        "grossProfitRatio": 0.4142365001,
        "researchAndDevelopmentExpenses": 0,
        "generalAndAdministrativeExpenses": 0,
        "sellingAndMarketingExpenses": 0,
        "sellingGeneralAndAdministrativeExpenses": 13876000,
        "otherExpenses": 40765000,
        "operatingExpenses": 54641000,
        "costAndExpenses": 151900000,
        "interestIncome": 115000,
        "interestExpense": 23784000,
        "depreciationAndAmortization": 63088000,
        "ebitda": 145843000,
        "ebitdaratio": 0.8783712162,
        "operatingIncome": -392000,
        "operatingIncomeRatio": -0.0023609053,
        "totalOtherIncomeExpensesNet": -49639000,
        "incomeBeforeTax": -23724000,
        "incomeBeforeTaxRatio": -0.1428829545,
        "incomeTaxExpense": 452000,
        "netIncome": 58971000,
        "netIncomeRatio": 0.355165685,
        "eps": 0.22,
        "epsdiluted": 0.22,
        "weightedAverageShsOut": 264500000,
        "weightedAverageShsOutDil": 264500000,
        "link": "https://www.sec.gov/Archives/edgar/data/783280/000078328012000004/0000783280-12-000004-index.htm",
        "finalLink": "https://www.sec.gov/Archives/edgar/data/783280/000078328012000004/dre10k2011.htm"
    },
    {
        "date": "2011-09-30",
        "symbol": "DRE",
        "reportedCurrency": "USD",
        "cik": "0000783280",
        "fillingDate": "2011-11-04",
        "acceptedDate": "2011-11-04 16:16:41",
        "calendarYear": "2011",
        "period": "Q3",
        "revenue": 361263000,
        "costOfRevenue": 204279000,
        "grossProfit": 156984000,
        "grossProfitRatio": 0.434542148,
        "researchAndDevelopmentExpenses": 0,
        "generalAndAdministrativeExpenses": 9493000,
        "sellingAndMarketingExpenses": 0,
        "sellingGeneralAndAdministrativeExpenses": 9493000,
        "otherExpenses": 96969000,
        "operatingExpenses": 106462000,
        "costAndExpenses": 310741000,
        "interestIncome": 172000,
        "interestExpense": 66875000,
        "depreciationAndAmortization": 68325000,
        "ebitda": 120962000,
        "ebitdaratio": 0.3348308573,
        "operatingIncome": 49930000,
        "operatingIncomeRatio": 0.1382095592,
        "totalOtherIncomeExpensesNet": -67045000,
        "incomeBeforeTax": -17115000,
        "incomeBeforeTaxRatio": -0.0473754578,
        "incomeTaxExpense": -194000,
        "netIncome": -14044000,
        "netIncomeRatio": -0.0388747256,
        "eps": -0.0569,
        "epsdiluted": -0.0569,
        "weightedAverageShsOut": 246738462,
        "weightedAverageShsOutDil": 246738462,
        "link": "https://www.sec.gov/Archives/edgar/data/783280/000144530511003257/0001445305-11-003257-index.htm",
        "finalLink": "https://www.sec.gov/Archives/edgar/data/783280/000144530511003257/dre3q10q2011.htm"
    },
    {
        "date": "2011-06-30",
        "symbol": "DRE",
        "reportedCurrency": "USD",
        "cik": "0000783280",
        "fillingDate": "2011-08-05",
        "acceptedDate": "2011-08-05 16:48:34",
        "calendarYear": "2011",
        "period": "Q2",
        "revenue": 363070000,
        "costOfRevenue": 203769000,
        "grossProfit": 159301000,
        "grossProfitRatio": 0.4387611204,
        "researchAndDevelopmentExpenses": 0,
        "generalAndAdministrativeExpenses": 8541000,
        "sellingAndMarketingExpenses": 0,
        "sellingGeneralAndAdministrativeExpenses": 8541000,
        "otherExpenses": 100084000,
        "operatingExpenses": 108625000,
        "costAndExpenses": 312394000,
        "interestIncome": 284000,
        "interestExpense": 66846000,
        "depreciationAndAmortization": 68746000,
        "ebitda": 122524000,
        "ebitdaratio": 0.3374666042,
        "operatingIncome": 50429000,
        "operatingIncomeRatio": 0.1388960806,
        "totalOtherIncomeExpensesNet": -67156000,
        "incomeBeforeTax": -16727000,
        "incomeBeforeTaxRatio": -0.0460710056,
        "incomeTaxExpense": -310000,
        "netIncome": -13068000,
        "netIncomeRatio": -0.0359930592,
        "eps": -0.0517,
        "epsdiluted": -0.0517,
        "weightedAverageShsOut": 252640000,
        "weightedAverageShsOutDil": 252640000,
        "link": "https://www.sec.gov/Archives/edgar/data/783280/000119312511212454/0001193125-11-212454-index.htm",
        "finalLink": "https://www.sec.gov/Archives/edgar/data/783280/000119312511212454/d10q.htm"
    },
    {
        "date": "2011-03-31",
        "symbol": "DRE",
        "reportedCurrency": "USD",
        "cik": "0000783280",
        "fillingDate": "2011-05-06",
        "acceptedDate": "2011-05-06 16:28:01",
        "calendarYear": "2011",
        "period": "Q1",
        "revenue": 386886000,
        "costOfRevenue": 227557000,
        "grossProfit": 159329000,
        "grossProfitRatio": 0.4118241549,
        "researchAndDevelopmentExpenses": 0,
        "generalAndAdministrativeExpenses": 11197000,
        "sellingAndMarketingExpenses": 0,
        "sellingGeneralAndAdministrativeExpenses": 11197000,
        "otherExpenses": 94825000,
        "operatingExpenses": 106022000,
        "costAndExpenses": 333579000,
        "interestIncome": 87000,
        "interestExpense": 66082000,
        "depreciationAndAmortization": 67063000,
        "ebitda": 196851000,
        "ebitdaratio": 0.5088087964,
        "operatingIncome": 119927000,
        "operatingIncomeRatio": 0.3099802009,
        "totalOtherIncomeExpensesNet": -66584000,
        "incomeBeforeTax": 53343000,
        "incomeBeforeTaxRatio": 0.1378778245,
        "incomeTaxExpense": -502000,
        "netIncome": 63706000,
        "netIncomeRatio": 0.1646634926,
        "eps": 0.25,
        "epsdiluted": 0.25,
        "weightedAverageShsOut": 250363158,
        "weightedAverageShsOutDil": 250363158,
        "link": "https://www.sec.gov/Archives/edgar/data/783280/000119312511130788/0001193125-11-130788-index.htm",
        "finalLink": "https://www.sec.gov/Archives/edgar/data/783280/000119312511130788/d10q.htm"
    },
    {
        "date": "2010-12-31",
        "symbol": "DRE",
        "reportedCurrency": "USD",
        "cik": "0000783280",
        "fillingDate": "2011-02-25",
        "acceptedDate": "2011-02-25 15:10:28",
        "calendarYear": "2010",
        "period": "Q4",
        "revenue": 304799000,
        "costOfRevenue": 165821000,
        "grossProfit": 138978000,
        "grossProfitRatio": 0.4559660629,
        "researchAndDevelopmentExpenses": 0,
        "generalAndAdministrativeExpenses": 0,
        "sellingAndMarketingExpenses": 0,
        "sellingGeneralAndAdministrativeExpenses": 19361000,
        "otherExpenses": 101987000,
        "operatingExpenses": 121348000,
        "costAndExpenses": 287169000,
        "interestIncome": 30000,
        "interestExpense": 56612000,
        "depreciationAndAmortization": 69706000,
        "ebitda": 152111000,
        "ebitdaratio": 0.4990534746,
        "operatingIncome": 72424000,
        "operatingIncomeRatio": 0.2376123281,
        "totalOtherIncomeExpensesNet": -58330000,
        "incomeBeforeTax": 14094000,
        "incomeBeforeTaxRatio": 0.0462403092,
        "incomeTaxExpense": -1718000,
        "netIncome": 25793000,
        "netIncomeRatio": 0.084622981,
        "eps": 0.1,
        "epsdiluted": 0.1,
        "weightedAverageShsOut": 250363158,
        "weightedAverageShsOutDil": 250363158,
        "link": "https://www.sec.gov/Archives/edgar/data/783280/000119312511047257/0001193125-11-047257-index.htm",
        "finalLink": "https://www.sec.gov/Archives/edgar/data/783280/000119312511047257/d10k.htm"
    },
    {
        "date": "2010-09-30",
        "symbol": "DRE",
        "reportedCurrency": "USD",
        "cik": "0000783280",
        "fillingDate": "2010-11-05",
        "acceptedDate": "2010-11-05 15:17:26",
        "calendarYear": "2010",
        "period": "Q3",
        "revenue": 371271000,
        "costOfRevenue": 209319000,
        "grossProfit": 161952000,
        "grossProfitRatio": 0.4362096689,
        "researchAndDevelopmentExpenses": 0,
        "generalAndAdministrativeExpenses": 8476000,
        "sellingAndMarketingExpenses": 0,
        "sellingGeneralAndAdministrativeExpenses": 8476000,
        "otherExpenses": 97448000,
        "operatingExpenses": 105924000,
        "costAndExpenses": 315243000,
        "interestIncome": 149000,
        "interestExpense": 64049000,
        "depreciationAndAmortization": 71116000,
        "ebitda": 190481000,
        "ebitdaratio": 0.5130511136,
        "operatingIncome": 51809000,
        "operatingIncomeRatio": 0.1395449685,
        "totalOtherIncomeExpensesNet": -6554000,
        "incomeBeforeTax": 45255000,
        "incomeBeforeTaxRatio": 0.121892095,
        "incomeTaxExpense": -1126000,
        "netIncome": 56442000,
        "netIncomeRatio": 0.1520237239,
        "eps": 0.22,
        "epsdiluted": 0.22,
        "weightedAverageShsOut": 262030769,
        "weightedAverageShsOutDil": 262030769,
        "link": "https://www.sec.gov/Archives/edgar/data/783280/000119312510249942/0001193125-10-249942-index.htm",
        "finalLink": "https://www.sec.gov/Archives/edgar/data/783280/000119312510249942/d10q.htm"
    },
    {
        "date": "2010-06-30",
        "symbol": "DRE",
        "reportedCurrency": "USD",
        "cik": "0000783280",
        "fillingDate": "2010-08-06",
        "acceptedDate": "2010-08-06 15:31:16",
        "calendarYear": "2010",
        "period": "Q2",
        "revenue": 383934000,
        "costOfRevenue": 237502000,
        "grossProfit": 146432000,
        "grossProfitRatio": 0.3813988863,
        "researchAndDevelopmentExpenses": 0,
        "generalAndAdministrativeExpenses": 9151000,
        "sellingAndMarketingExpenses": 0,
        "sellingGeneralAndAdministrativeExpenses": 9151000,
        "otherExpenses": 74837000,
        "operatingExpenses": 83988000,
        "costAndExpenses": 321490000,
        "interestIncome": 204000,
        "interestExpense": 60637000,
        "depreciationAndAmortization": 64263000,
        "ebitda": 105364000,
        "ebitdaratio": 0.2744325848,
        "operatingIncome": 51928000,
        "operatingIncomeRatio": 0.1352524132,
        "totalOtherIncomeExpensesNet": -76206000,
        "incomeBeforeTax": -24278000,
        "incomeBeforeTaxRatio": -0.0632348268,
        "incomeTaxExpense": -15569000,
        "netIncome": -19536000,
        "netIncomeRatio": -0.0508837456,
        "eps": -0.086,
        "epsdiluted": -0.086,
        "weightedAverageShsOut": 227082000,
        "weightedAverageShsOutDil": 227082000,
        "link": "https://www.sec.gov/Archives/edgar/data/783280/000119312510181262/0001193125-10-181262-index.htm",
        "finalLink": "https://www.sec.gov/Archives/edgar/data/783280/000119312510181262/d10q.htm"
    },
    {
        "date": "2010-03-31",
        "symbol": "DRE",
        "reportedCurrency": "USD",
        "cik": "0000783280",
        "fillingDate": "2010-05-06",
        "acceptedDate": "2010-05-06 15:18:40",
        "calendarYear": "2010",
        "period": "Q1",
        "revenue": 335661000,
        "costOfRevenue": 191144000,
        "grossProfit": 144517000,
        "grossProfitRatio": 0.4305445077,
        "researchAndDevelopmentExpenses": 0,
        "generalAndAdministrativeExpenses": 13544000,
        "sellingAndMarketingExpenses": 0,
        "sellingGeneralAndAdministrativeExpenses": 13544000,
        "otherExpenses": 76740000,
        "operatingExpenses": 90284000,
        "costAndExpenses": 281428000,
        "interestIncome": 151000,
        "interestExpense": 59021000,
        "depreciationAndAmortization": 65973000,
        "ebitda": -217761000,
        "ebitdaratio": -0.6487527595,
        "operatingIncome": 51982000,
        "operatingIncomeRatio": 0.1548645806,
        "totalOtherIncomeExpensesNet": 228408000,
        "incomeBeforeTax": -7242000,
        "incomeBeforeTaxRatio": -0.0215753394,
        "incomeTaxExpense": -203000,
        "netIncome": 3099000,
        "netIncomeRatio": 0.0092325292,
        "eps": 0.0138,
        "epsdiluted": 0.0138,
        "weightedAverageShsOut": 224153000,
        "weightedAverageShsOutDil": 224153000,
        "link": "https://www.sec.gov/Archives/edgar/data/783280/000119312510110710/0001193125-10-110710-index.htm",
        "finalLink": "https://www.sec.gov/Archives/edgar/data/783280/000119312510110710/d10q.htm"
    },
    {
        "date": "2009-12-31",
        "symbol": "DRE",
        "reportedCurrency": "USD",
        "cik": "0000783280",
        "fillingDate": "2010-03-01",
        "acceptedDate": "2010-03-01 10:29:45",
        "calendarYear": "2009",
        "period": "Q4",
        "revenue": 338964000,
        "costOfRevenue": 188702000,
        "grossProfit": 150262000,
        "grossProfitRatio": 0.4432978133,
        "researchAndDevelopmentExpenses": 0,
        "generalAndAdministrativeExpenses": 0,
        "sellingAndMarketingExpenses": 0,
        "sellingGeneralAndAdministrativeExpenses": 13224000,
        "otherExpenses": 611413000,
        "operatingExpenses": 624637000,
        "costAndExpenses": 813339000,
        "interestIncome": 0,
        "interestExpense": 58493000,
        "depreciationAndAmortization": 80112000,
        "ebitda": 145411000,
        "ebitdaratio": 0.428986559,
        "operatingIncome": 64337000,
        "operatingIncomeRatio": 0.189804817,
        "totalOtherIncomeExpensesNet": 5857000,
        "incomeBeforeTax": 5906000,
        "incomeBeforeTaxRatio": 0.0174236792,
        "incomeTaxExpense": -8123000,
        "netIncome": 14929000,
        "netIncomeRatio": 0.0440430252,
        "eps": 0.0666,
        "epsdiluted": 0.0666,
        "weightedAverageShsOut": 224153000,
        "weightedAverageShsOutDil": 224153000,
        "link": "https://www.sec.gov/Archives/edgar/data/783280/000119312510044034/0001193125-10-044034-index.htm",
        "finalLink": "https://www.sec.gov/Archives/edgar/data/783280/000119312510044034/d10k.htm"
    },
    {
        "date": "2009-09-30",
        "symbol": "DRE",
        "reportedCurrency": "USD",
        "cik": "0000783280",
        "fillingDate": "2009-11-09",
        "acceptedDate": "2009-11-09 15:23:48",
        "calendarYear": "2009",
        "period": "Q3",
        "revenue": 324893000,
        "costOfRevenue": 176258000,
        "grossProfit": 148635000,
        "grossProfitRatio": 0.457489081,
        "researchAndDevelopmentExpenses": 0,
        "generalAndAdministrativeExpenses": 11233000,
        "sellingAndMarketingExpenses": 0,
        "sellingGeneralAndAdministrativeExpenses": 11233000,
        "otherExpenses": -90011000,
        "operatingExpenses": -78778000,
        "costAndExpenses": 97480000,
        "interestIncome": 0,
        "interestExpense": 57719000,
        "depreciationAndAmortization": 68692000,
        "ebitda": -170161000,
        "ebitdaratio": -0.5237447406,
        "operatingIncome": -235650000,
        "operatingIncomeRatio": -0.7253157193,
        "totalOtherIncomeExpensesNet": -70554000,
        "incomeBeforeTax": -306204000,
        "incomeBeforeTaxRatio": -0.9424764461,
        "incomeTaxExpense": 7947000,
        "netIncome": -304519000,
        "netIncomeRatio": -0.9372901232,
        "eps": -1.36,
        "epsdiluted": -1.36,
        "weightedAverageShsOut": 223952000,
        "weightedAverageShsOutDil": 223952000,
        "link": "https://www.sec.gov/Archives/edgar/data/783280/000119312509229250/0001193125-09-229250-index.htm",
        "finalLink": "https://www.sec.gov/Archives/edgar/data/783280/000119312509229250/d10q.htm"
    },
    {
        "date": "2009-06-30",
        "symbol": "DRE",
        "reportedCurrency": "USD",
        "cik": "0000783280",
        "fillingDate": "2009-08-06",
        "acceptedDate": "2009-08-06 06:14:38",
        "calendarYear": "2009",
        "period": "Q2",
        "revenue": 352229000,
        "costOfRevenue": 197237000,
        "grossProfit": 154992000,
        "grossProfitRatio": 0.4400319111,
        "researchAndDevelopmentExpenses": 0,
        "generalAndAdministrativeExpenses": 13600000,
        "sellingAndMarketingExpenses": 0,
        "sellingGeneralAndAdministrativeExpenses": -13600000,
        "otherExpenses": 89207000,
        "operatingExpenses": 75607000,
        "costAndExpenses": 272844000,
        "interestIncome": 0,
        "interestExpense": 52025000,
        "depreciationAndAmortization": 67954000,
        "ebitda": 105936000,
        "ebitdaratio": 0.3007588813,
        "operatingIncome": 37298000,
        "operatingIncomeRatio": 0.1058913377,
        "totalOtherIncomeExpensesNet": -36243000,
        "incomeBeforeTax": 1055000,
        "incomeBeforeTaxRatio": 0.0029952105,
        "incomeTaxExpense": 72291000,
        "netIncome": -14043000,
        "netIncomeRatio": -0.0398689489,
        "eps": -0.0677,
        "epsdiluted": -0.0677,
        "weightedAverageShsOut": 207290000,
        "weightedAverageShsOutDil": 207290000,
        "link": "https://www.sec.gov/Archives/edgar/data/783280/000119312509166222/0001193125-09-166222-index.htm",
        "finalLink": "https://www.sec.gov/Archives/edgar/data/783280/000119312509166222/d10q.htm"
    },
    {
        "date": "2009-03-31",
        "symbol": "DRE",
        "reportedCurrency": "USD",
        "cik": "0000783280",
        "fillingDate": "2009-05-08",
        "acceptedDate": "2009-05-08 14:32:05",
        "calendarYear": "2009",
        "period": "Q1",
        "revenue": 326045000,
        "costOfRevenue": 171594000,
        "grossProfit": 154451000,
        "grossProfitRatio": 0.4737106841,
        "researchAndDevelopmentExpenses": 0,
        "generalAndAdministrativeExpenses": 9880000,
        "sellingAndMarketingExpenses": 0,
        "sellingGeneralAndAdministrativeExpenses": 9880000,
        "otherExpenses": -80373000,
        "operatingExpenses": -70493000,
        "costAndExpenses": 101101000,
        "interestIncome": 123000,
        "interestExpense": 52068000,
        "depreciationAndAmortization": 63724000,
        "ebitda": 157402000,
        "ebitdaratio": 0.482761582,
        "operatingIncome": 56138000,
        "operatingIncomeRatio": 0.172178687,
        "totalOtherIncomeExpensesNet": -2276000,
        "incomeBeforeTax": -977000,
        "incomeBeforeTaxRatio": -0.0029965189,
        "incomeTaxExpense": 84954000,
        "netIncome": 41610000,
        "netIncomeRatio": 0.1276204205,
        "eps": 0.28,
        "epsdiluted": 0.27,
        "weightedAverageShsOut": 148488000,
        "weightedAverageShsOutDil": 155747000,
        "link": "https://www.sec.gov/Archives/edgar/data/783280/000119312509105131/0001193125-09-105131-index.htm",
        "finalLink": "https://www.sec.gov/Archives/edgar/data/783280/000119312509105131/d10q.htm"
    },
    {
        "date": "2008-12-31",
        "symbol": "DRE",
        "reportedCurrency": "USD",
        "cik": "0000783280",
        "fillingDate": "2009-02-25",
        "acceptedDate": "2009-02-25 14:54:03",
        "calendarYear": "2008",
        "period": "Q4",
        "revenue": 270130000,
        "costOfRevenue": 0,
        "grossProfit": 270130000,
        "grossProfitRatio": 1,
        "researchAndDevelopmentExpenses": 0,
        "generalAndAdministrativeExpenses": 0,
        "sellingAndMarketingExpenses": 0,
        "sellingGeneralAndAdministrativeExpenses": 10008000,
        "otherExpenses": -147794000,
        "operatingExpenses": -137786000,
        "costAndExpenses": 210366000,
        "interestIncome": -5082000,
        "interestExpense": 51491000,
        "depreciationAndAmortization": 73862000,
        "ebitda": 151412000,
        "ebitdaratio": 0.5605153074,
        "operatingIncome": 35966000,
        "operatingIncomeRatio": 0.1331433014,
        "totalOtherIncomeExpensesNet": 9839000,
        "incomeBeforeTax": 19370000,
        "incomeBeforeTaxRatio": 0.0717062155,
        "incomeTaxExpense": 34895000,
        "netIncome": 26059000,
        "netIncomeRatio": 0.0964683671,
        "eps": 0.18,
        "epsdiluted": 0.18,
        "weightedAverageShsOut": 148488000,
        "weightedAverageShsOutDil": 148488000,
        "link": "https://www.sec.gov/Archives/edgar/data/783280/000119312509037302/0001193125-09-037302-index.htm",
        "finalLink": "https://www.sec.gov/Archives/edgar/data/783280/000119312509037302/d10k.htm"
    },
    {
        "date": "2008-09-30",
        "symbol": "DRE",
        "reportedCurrency": "USD",
        "cik": "0000783280",
        "fillingDate": "2008-11-07",
        "acceptedDate": "2008-11-07 14:38:52",
        "calendarYear": "2008",
        "period": "Q3",
        "revenue": 245935000,
        "costOfRevenue": 5174000,
        "grossProfit": 240761000,
        "grossProfitRatio": 0.9789619208,
        "researchAndDevelopmentExpenses": 0,
        "generalAndAdministrativeExpenses": 10448000,
        "sellingAndMarketingExpenses": 0,
        "sellingGeneralAndAdministrativeExpenses": 10448000,
        "otherExpenses": 148905000,
        "operatingExpenses": 159353000,
        "costAndExpenses": 159353000,
        "interestIncome": 2804000,
        "interestExpense": 49260000,
        "depreciationAndAmortization": 78738000,
        "ebitda": 159918000,
        "ebitdaratio": 0.6502449834,
        "operatingIncome": 24400000,
        "operatingIncomeRatio": 0.0992132067,
        "totalOtherIncomeExpensesNet": 3646000,
        "incomeBeforeTax": 28046000,
        "incomeBeforeTaxRatio": 0.1140382621,
        "incomeTaxExpense": 52906000,
        "netIncome": 31920000,
        "netIncomeRatio": 0.1297903918,
        "eps": 0.22,
        "epsdiluted": 0.21,
        "weightedAverageShsOut": 146966000,
        "weightedAverageShsOutDil": 155344000,
        "link": "https://www.sec.gov/Archives/edgar/data/783280/000095014408008292/0000950144-08-008292-index.htm",
        "finalLink": "https://www.sec.gov/Archives/edgar/data/783280/000095014408008292/g16408e10vq.htm"
    },
    {
        "date": "2008-06-30",
        "symbol": "DRE",
        "reportedCurrency": "USD",
        "cik": "0000783280",
        "fillingDate": "2008-08-06",
        "acceptedDate": "2008-08-06 13:28:34",
        "calendarYear": "2008",
        "period": "Q2",
        "revenue": 242232000,
        "costOfRevenue": 5171000,
        "grossProfit": 237061000,
        "grossProfitRatio": 0.9786526966,
        "researchAndDevelopmentExpenses": 0,
        "generalAndAdministrativeExpenses": 6888000,
        "sellingAndMarketingExpenses": 0,
        "sellingGeneralAndAdministrativeExpenses": 6888000,
        "otherExpenses": 155975000,
        "operatingExpenses": 162863000,
        "costAndExpenses": 162863000,
        "interestIncome": 1786000,
        "interestExpense": 47034000,
        "depreciationAndAmortization": 101502000,
        "ebitda": 185199000,
        "ebitdaratio": 0.7645521649,
        "operatingIncome": 23456000,
        "operatingIncomeRatio": 0.0968327884,
        "totalOtherIncomeExpensesNet": 2665000,
        "incomeBeforeTax": 26121000,
        "incomeBeforeTaxRatio": 0.1078346379,
        "incomeTaxExpense": 49699000,
        "netIncome": 36663000,
        "netIncomeRatio": 0.1513548994,
        "eps": 0.25,
        "epsdiluted": 0.24,
        "weightedAverageShsOut": 146741000,
        "weightedAverageShsOutDil": 155064000,
        "link": "https://www.sec.gov/Archives/edgar/data/783280/000119312508167967/0001193125-08-167967-index.htm",
        "finalLink": "https://www.sec.gov/Archives/edgar/data/783280/000119312508167967/d10q.htm"
    },
    {
        "date": "2008-03-31",
        "symbol": "DRE",
        "reportedCurrency": "USD",
        "cik": "0000783280",
        "fillingDate": "2008-05-12",
        "acceptedDate": "2008-05-12 15:29:55",
        "calendarYear": "2008",
        "period": "Q1",
        "revenue": 242677000,
        "costOfRevenue": 3683000,
        "grossProfit": 238994000,
        "grossProfitRatio": 0.9848234485,
        "researchAndDevelopmentExpenses": 0,
        "generalAndAdministrativeExpenses": 12162000,
        "sellingAndMarketingExpenses": 0,
        "sellingGeneralAndAdministrativeExpenses": 12162000,
        "otherExpenses": 172372000,
        "operatingExpenses": 184534000,
        "costAndExpenses": 184534000,
        "interestIncome": 0,
        "interestExpense": -47534000,
        "depreciationAndAmortization": 60850000,
        "ebitda": 80204000,
        "ebitdaratio": 0.3304969157,
        "operatingIncome": 14334000,
        "operatingIncomeRatio": 0.0590661661,
        "totalOtherIncomeExpensesNet": 415000,
        "incomeBeforeTax": 14749000,
        "incomeBeforeTaxRatio": 0.0607762582,
        "incomeTaxExpense": 415000,
        "netIncome": 19354000,
        "netIncomeRatio": 0.0797520985,
        "eps": 0.13,
        "epsdiluted": 0.13,
        "weightedAverageShsOut": 146331000,
        "weightedAverageShsOutDil": 154596000,
        "link": "https://www.sec.gov/Archives/edgar/data/783280/000110465908032349/0001104659-08-032349-index.htm",
        "finalLink": "https://www.sec.gov/Archives/edgar/data/783280/000110465908032349/a08-11318_110q.htm"
    },
    {
        "date": "2007-12-31",
        "symbol": "DRE",
        "reportedCurrency": "USD",
        "cik": "0000783280",
        "fillingDate": "2008-02-29",
        "acceptedDate": "2008-02-29 11:33:25",
        "calendarYear": "2007",
        "period": "Q4",
        "revenue": 260143000,
        "costOfRevenue": 0,
        "grossProfit": 260143000,
        "grossProfitRatio": 1,
        "researchAndDevelopmentExpenses": 0,
        "generalAndAdministrativeExpenses": 9768000,
        "sellingAndMarketingExpenses": 0,
        "sellingGeneralAndAdministrativeExpenses": 9768000,
        "otherExpenses": 182244000,
        "operatingExpenses": 192012000,
        "costAndExpenses": 192012000,
        "interestIncome": 0,
        "interestExpense": 0,
        "depreciationAndAmortization": 53490000,
        "ebitda": 128252000,
        "ebitdaratio": 0.4930057699,
        "operatingIncome": 53468000,
        "operatingIncomeRatio": 0.2055331106,
        "totalOtherIncomeExpensesNet": 9144000,
        "incomeBeforeTax": 62612000,
        "incomeBeforeTaxRatio": 0.240683009,
        "incomeTaxExpense": 9144000,
        "netIncome": 74762000,
        "netIncomeRatio": 0.2873880904,
        "eps": 0.51,
        "epsdiluted": 0.51,
        "weightedAverageShsOut": 146331000,
        "weightedAverageShsOutDil": 146331000,
        "link": "https://www.sec.gov/Archives/edgar/data/783280/000110465908014097/0001104659-08-014097-index.htm",
        "finalLink": "https://www.sec.gov/Archives/edgar/data/783280/000110465908014097/a08-2526_110k.htm"
    },
    {
        "date": "2007-09-30",
        "symbol": "DRE",
        "reportedCurrency": "USD",
        "cik": "0000783280",
        "fillingDate": "2007-11-05",
        "acceptedDate": "2007-11-05 16:23:56",
        "calendarYear": "2007",
        "period": "Q3",
        "revenue": 223487000,
        "costOfRevenue": 69583000,
        "grossProfit": 153904000,
        "grossProfitRatio": 0.6886485567,
        "researchAndDevelopmentExpenses": 0,
        "generalAndAdministrativeExpenses": 3847000,
        "sellingAndMarketingExpenses": 0,
        "sellingGeneralAndAdministrativeExpenses": 3847000,
        "otherExpenses": 156981000,
        "operatingExpenses": 160828000,
        "costAndExpenses": 160828000,
        "interestIncome": 0,
        "interestExpense": 42390000,
        "depreciationAndAmortization": 55873000,
        "ebitda": 124487000,
        "ebitdaratio": 0.5570212138,
        "operatingIncome": 22714000,
        "operatingIncomeRatio": 0.101634547,
        "totalOtherIncomeExpensesNet": 45900000,
        "incomeBeforeTax": 68614000,
        "incomeBeforeTaxRatio": 0.3070156206,
        "incomeTaxExpense": 0,
        "netIncome": 68614000,
        "netIncomeRatio": 0.3070156206,
        "eps": 0.5,
        "epsdiluted": 0.46,
        "weightedAverageShsOut": 137576000,
        "weightedAverageShsOutDil": 147651000,
        "link": "https://www.sec.gov/Archives/edgar/data/783280/000110465907079772/0001104659-07-079772-index.htm",
        "finalLink": "https://www.sec.gov/Archives/edgar/data/783280/000110465907079772/a07-25564_110q.htm"
    },
    {
        "date": "2007-06-30",
        "symbol": "DRE",
        "reportedCurrency": "USD",
        "cik": "0000783280",
        "fillingDate": "2007-08-07",
        "acceptedDate": "2007-08-07 14:33:04",
        "calendarYear": "2007",
        "period": "Q2",
        "revenue": 219693000,
        "costOfRevenue": 65184000,
        "grossProfit": 154509000,
        "grossProfitRatio": 0.7032950526,
        "researchAndDevelopmentExpenses": 0,
        "generalAndAdministrativeExpenses": 10606000,
        "sellingAndMarketingExpenses": 0,
        "sellingGeneralAndAdministrativeExpenses": 10606000,
        "otherExpenses": 180355000,
        "operatingExpenses": 190961000,
        "costAndExpenses": 190961000,
        "interestIncome": 0,
        "interestExpense": 39207000,
        "depreciationAndAmortization": 52971000,
        "ebitda": 105273000,
        "ebitdaratio": 0.4791823135,
        "operatingIncome": 28732000,
        "operatingIncomeRatio": 0.130782501,
        "totalOtherIncomeExpensesNet": 23570000,
        "incomeBeforeTax": 52302000,
        "incomeBeforeTaxRatio": 0.2380685775,
        "incomeTaxExpense": 0,
        "netIncome": 52302000,
        "netIncomeRatio": 0.2380685775,
        "eps": 0.38,
        "epsdiluted": 0.35,
        "weightedAverageShsOut": 136921000,
        "weightedAverageShsOutDil": 148129000,
        "link": "https://www.sec.gov/Archives/edgar/data/783280/000110465907059613/0001104659-07-059613-index.htm",
        "finalLink": "https://www.sec.gov/Archives/edgar/data/783280/000110465907059613/a07-18872_110q.htm"
    },
    {
        "date": "2007-03-31",
        "symbol": "DRE",
        "reportedCurrency": "USD",
        "cik": "0000783280",
        "fillingDate": "2007-05-08",
        "acceptedDate": "2007-05-08 14:11:16",
        "calendarYear": "2007",
        "period": "Q1",
        "revenue": 229868000,
        "costOfRevenue": 0,
        "grossProfit": 229868000,
        "grossProfitRatio": 1,
        "researchAndDevelopmentExpenses": 0,
        "generalAndAdministrativeExpenses": 13467000,
        "sellingAndMarketingExpenses": 0,
        "sellingGeneralAndAdministrativeExpenses": 13467000,
        "otherExpenses": 197109000,
        "operatingExpenses": 210576000,
        "costAndExpenses": 210576000,
        "interestIncome": 0,
        "interestExpense": -37013000,
        "depreciationAndAmortization": 52143000,
        "ebitda": 135932000,
        "ebitdaratio": 0.591348078,
        "operatingIncome": 19292000,
        "operatingIncomeRatio": 0.0839264273,
        "totalOtherIncomeExpensesNet": 12591000,
        "incomeBeforeTax": 31883000,
        "incomeBeforeTaxRatio": 0.1387013416,
        "incomeTaxExpense": 12591000,
        "netIncome": 83789000,
        "netIncomeRatio": 0.3645091966,
        "eps": 0.61,
        "epsdiluted": 0.56,
        "weightedAverageShsOut": 136823000,
        "weightedAverageShsOutDil": 149465000,
        "link": "https://www.sec.gov/Archives/edgar/data/783280/000110465907036904/0001104659-07-036904-index.htm",
        "finalLink": "https://www.sec.gov/Archives/edgar/data/783280/000110465907036904/a07-10833_110q.htm"
    },
    {
        "date": "2006-12-31",
        "symbol": "DRE",
        "reportedCurrency": "USD",
        "cik": "0000783280",
        "fillingDate": "2007-03-01",
        "acceptedDate": "2007-03-01 17:06:24",
        "calendarYear": "2006",
        "period": "Q4",
        "revenue": 245980000,
        "costOfRevenue": 0,
        "grossProfit": 245980000,
        "grossProfitRatio": 1,
        "researchAndDevelopmentExpenses": 0,
        "generalAndAdministrativeExpenses": 8119000,
        "sellingAndMarketingExpenses": 0,
        "sellingGeneralAndAdministrativeExpenses": 8119000,
        "otherExpenses": -225778000,
        "operatingExpenses": -217659000,
        "costAndExpenses": 6369000,
        "interestIncome": 0,
        "interestExpense": 0,
        "depreciationAndAmortization": 51843000,
        "ebitda": 117265000,
        "ebitdaratio": 0.4767257501,
        "operatingIncome": 239611000,
        "operatingIncomeRatio": 0.974107651,
        "totalOtherIncomeExpensesNet": 0,
        "incomeBeforeTax": 0,
        "incomeBeforeTaxRatio": 0,
        "incomeTaxExpense": 0,
        "netIncome": 65422000,
        "netIncomeRatio": 0.2659647126,
        "eps": 0.48,
        "epsdiluted": 0.48,
        "weightedAverageShsOut": 136823000,
        "weightedAverageShsOutDil": 136823000,
        "link": "https://www.sec.gov/Archives/edgar/data/783280/000110465907015612/0001104659-07-015612-index.htm",
        "finalLink": "https://www.sec.gov/Archives/edgar/data/783280/000110465907015612/a07-5490_110k.htm"
    },
    {
        "date": "2006-09-30",
        "symbol": "DRE",
        "reportedCurrency": "USD",
        "cik": "0000783280",
        "fillingDate": "2006-11-08",
        "acceptedDate": "2006-11-08 14:55:38",
        "calendarYear": "2006",
        "period": "Q3",
        "revenue": 234219000,
        "costOfRevenue": 69159000,
        "grossProfit": 165060000,
        "grossProfitRatio": 0.704725065,
        "researchAndDevelopmentExpenses": 0,
        "generalAndAdministrativeExpenses": 6804000,
        "sellingAndMarketingExpenses": 0,
        "sellingGeneralAndAdministrativeExpenses": 6804000,
        "otherExpenses": 259039000,
        "operatingExpenses": 265843000,
        "costAndExpenses": 265843000,
        "interestIncome": 0,
        "interestExpense": 50173000,
        "depreciationAndAmortization": 51498000,
        "ebitda": 128458000,
        "ebitdaratio": 0.5484525167,
        "operatingIncome": 32268000,
        "operatingIncomeRatio": 0.1377684987,
        "totalOtherIncomeExpensesNet": 550000,
        "incomeBeforeTax": 76960000,
        "incomeBeforeTaxRatio": 0.3285813704,
        "incomeTaxExpense": 550000,
        "netIncome": 76960000,
        "netIncomeRatio": 0.3285813704,
        "eps": 0.57,
        "epsdiluted": 0.51,
        "weightedAverageShsOut": 135117000,
        "weightedAverageShsOutDil": 150947000,
        "link": "https://www.sec.gov/Archives/edgar/data/783280/000110465906072700/0001104659-06-072700-index.htm",
        "finalLink": "https://www.sec.gov/Archives/edgar/data/783280/000110465906072700/a06-21692_110q.htm"
    },
    {
        "date": "2006-06-30",
        "symbol": "DRE",
        "reportedCurrency": "USD",
        "cik": "0000783280",
        "fillingDate": "2006-08-08",
        "acceptedDate": "2006-08-08 16:06:27",
        "calendarYear": "2006",
        "period": "Q2",
        "revenue": 220677000,
        "costOfRevenue": 69309000,
        "grossProfit": 151368000,
        "grossProfitRatio": 0.6859255835,
        "researchAndDevelopmentExpenses": 0,
        "generalAndAdministrativeExpenses": 6965000,
        "sellingAndMarketingExpenses": 0,
        "sellingGeneralAndAdministrativeExpenses": 6965000,
        "otherExpenses": 185351000,
        "operatingExpenses": 192316000,
        "costAndExpenses": 192316000,
        "interestIncome": 0,
        "interestExpense": 45467000,
        "depreciationAndAmortization": 52387000,
        "ebitda": 87359000,
        "ebitdaratio": 0.3958681693,
        "operatingIncome": 28361000,
        "operatingIncomeRatio": 0.128518151,
        "totalOtherIncomeExpensesNet": 165228000,
        "incomeBeforeTax": 34972000,
        "incomeBeforeTaxRatio": 0.1584759626,
        "incomeTaxExpense": -1566000,
        "netIncome": 34972000,
        "netIncomeRatio": 0.1584759626,
        "eps": 0.26,
        "epsdiluted": 0.23,
        "weightedAverageShsOut": 134969000,
        "weightedAverageShsOutDil": 149364000,
        "link": "https://www.sec.gov/Archives/edgar/data/783280/000110465906052496/0001104659-06-052496-index.htm",
        "finalLink": "https://www.sec.gov/Archives/edgar/data/783280/000110465906052496/a06-15355_110q.htm"
    },
    {
        "date": "2006-03-31",
        "symbol": "DRE",
        "reportedCurrency": "USD",
        "cik": "0000783280",
        "fillingDate": "2006-05-10",
        "acceptedDate": "2006-05-10 16:17:54",
        "calendarYear": "2006",
        "period": "Q1",
        "revenue": 212010000,
        "costOfRevenue": 46338000,
        "grossProfit": 165672000,
        "grossProfitRatio": 0.781434838,
        "researchAndDevelopmentExpenses": 0,
        "generalAndAdministrativeExpenses": 13947000,
        "sellingAndMarketingExpenses": 0,
        "sellingGeneralAndAdministrativeExpenses": 13947000,
        "otherExpenses": 74894000,
        "operatingExpenses": 88841000,
        "costAndExpenses": 135179000,
        "interestIncome": 2200000,
        "interestExpense": 31522000,
        "depreciationAndAmortization": 51271000,
        "ebitda": 234404000,
        "ebitdaratio": 1.1056270931,
        "operatingIncome": 24229000,
        "operatingIncomeRatio": 0.1142823452,
        "totalOtherIncomeExpensesNet": -148615000,
        "incomeBeforeTax": 24544000,
        "incomeBeforeTaxRatio": 0.1157681241,
        "incomeTaxExpense": 315000,
        "netIncome": 26793000,
        "netIncomeRatio": 0.1263761143,
        "eps": 0.2,
        "epsdiluted": 0.18,
        "weightedAverageShsOut": 134781000,
        "weightedAverageShsOutDil": 149265000,
        "link": "https://www.sec.gov/Archives/edgar/data/783280/000110465906033307/0001104659-06-033307-index.htm",
        "finalLink": "https://www.sec.gov/Archives/edgar/data/783280/000110465906033307/a06-9447_110q.htm"
    },
    {
        "date": "2005-12-31",
        "symbol": "DRE",
        "reportedCurrency": "USD",
        "cik": "0000783280",
        "fillingDate": "2006-03-07",
        "acceptedDate": "2006-03-06 17:34:16",
        "calendarYear": "2005",
        "period": "Q4",
        "revenue": 198740000,
        "costOfRevenue": 0,
        "grossProfit": 198740000,
        "grossProfitRatio": 1,
        "researchAndDevelopmentExpenses": 0,
        "generalAndAdministrativeExpenses": 8774000,
        "sellingAndMarketingExpenses": 0,
        "sellingGeneralAndAdministrativeExpenses": 8774000,
        "otherExpenses": 100840000,
        "operatingExpenses": 109614000,
        "costAndExpenses": 150536000,
        "interestIncome": 0,
        "interestExpense": 0,
        "depreciationAndAmortization": 47117000,
        "ebitda": 253271000,
        "ebitdaratio": 1.2743836168,
        "operatingIncome": 152125000,
        "operatingIncomeRatio": 0.7654473181,
        "totalOtherIncomeExpensesNet": -100206000,
        "incomeBeforeTax": 153764000,
        "incomeBeforeTaxRatio": 0.7736942739,
        "incomeTaxExpense": 1639000,
        "netIncome": 41675000,
        "netIncomeRatio": 0.2096960853,
        "eps": 0.31,
        "epsdiluted": 0.31,
        "weightedAverageShsOut": 134781000,
        "weightedAverageShsOutDil": 134781000,
        "link": "https://www.sec.gov/Archives/edgar/data/783280/000110465906014364/0001104659-06-014364-index.htm",
        "finalLink": "https://www.sec.gov/Archives/edgar/data/783280/000110465906014364/a06-1916_110k.htm"
    },
    {
        "date": "2005-09-30",
        "symbol": "DRE",
        "reportedCurrency": "USD",
        "cik": "0000783280",
        "fillingDate": "2005-10-09",
        "acceptedDate": "2005-11-09 17:44:16",
        "calendarYear": "2005",
        "period": "Q3",
        "revenue": 199886000,
        "costOfRevenue": 63450000,
        "grossProfit": 136436000,
        "grossProfitRatio": 0.6825690644,
        "researchAndDevelopmentExpenses": 0,
        "generalAndAdministrativeExpenses": 5250000,
        "sellingAndMarketingExpenses": 0,
        "sellingGeneralAndAdministrativeExpenses": 5250000,
        "otherExpenses": 131716000,
        "operatingExpenses": 136966000,
        "costAndExpenses": 136966000,
        "interestIncome": 1683000,
        "interestExpense": 31522000,
        "depreciationAndAmortization": 53247000,
        "ebitda": 278214000,
        "ebitdaratio": 1.3918633621,
        "operatingIncome": 27831000,
        "operatingIncomeRatio": 0.1392343636,
        "totalOtherIncomeExpensesNet": -1012000,
        "incomeBeforeTax": 224967000,
        "incomeBeforeTaxRatio": 1.1254765216,
        "incomeTaxExpense": -1012000,
        "netIncome": 224967000,
        "netIncomeRatio": 1.1254765216,
        "eps": 1.58,
        "epsdiluted": 1.42,
        "weightedAverageShsOut": 142663000,
        "weightedAverageShsOutDil": 158468000,
        "link": "https://www.sec.gov/Archives/edgar/data/783280/000110465905054192/0001104659-05-054192-index.htm",
        "finalLink": "https://www.sec.gov/Archives/edgar/data/783280/000110465905054192/a05-18159_110q.htm"
    },
    {
        "date": "2005-06-30",
        "symbol": "DRE",
        "reportedCurrency": "USD",
        "cik": "0000783280",
        "fillingDate": "2005-08-09",
        "acceptedDate": "2005-08-09 12:16:49",
        "calendarYear": "2005",
        "period": "Q2",
        "revenue": 228914000,
        "costOfRevenue": 65398000,
        "grossProfit": 163516000,
        "grossProfitRatio": 0.714311925,
        "researchAndDevelopmentExpenses": 0,
        "generalAndAdministrativeExpenses": 6280000,
        "sellingAndMarketingExpenses": 0,
        "sellingGeneralAndAdministrativeExpenses": 6280000,
        "otherExpenses": 128112000,
        "operatingExpenses": 134392000,
        "costAndExpenses": 134392000,
        "interestIncome": 1083000,
        "interestExpense": 35921000,
        "depreciationAndAmortization": 52450000,
        "ebitda": 104369000,
        "ebitdaratio": 0.4559310483,
        "operatingIncome": 94522000,
        "operatingIncomeRatio": 0.4129148938,
        "totalOtherIncomeExpensesNet": -42603000,
        "incomeBeforeTax": 51919000,
        "incomeBeforeTaxRatio": 0.2268057,
        "incomeTaxExpense": -166000,
        "netIncome": 51919000,
        "netIncomeRatio": 0.2268057,
        "eps": 0.36,
        "epsdiluted": 0.33,
        "weightedAverageShsOut": 143480000,
        "weightedAverageShsOutDil": 157696000,
        "link": "https://www.sec.gov/Archives/edgar/data/783280/000110465905037676/0001104659-05-037676-index.htm",
        "finalLink": "https://www.sec.gov/Archives/edgar/data/783280/000110465905037676/a05-12811_110q.htm"
    },
    {
        "date": "2005-03-31",
        "symbol": "DRE",
        "reportedCurrency": "USD",
        "cik": "0000783280",
        "fillingDate": "2005-05-10",
        "acceptedDate": "2005-05-10 14:42:26",
        "calendarYear": "2005",
        "period": "Q1",
        "revenue": 217931000,
        "costOfRevenue": 0,
        "grossProfit": 217931000,
        "grossProfitRatio": 1,
        "researchAndDevelopmentExpenses": 0,
        "generalAndAdministrativeExpenses": 7581000,
        "sellingAndMarketingExpenses": 0,
        "sellingGeneralAndAdministrativeExpenses": 7581000,
        "otherExpenses": 176020000,
        "operatingExpenses": 183601000,
        "costAndExpenses": 183601000,
        "interestIncome": 1320000,
        "interestExpense": -35226000,
        "depreciationAndAmortization": 51563000,
        "ebitda": 88664000,
        "ebitdaratio": 0.4068443682,
        "operatingIncome": 34330000,
        "operatingIncomeRatio": 0.1575269237,
        "totalOtherIncomeExpensesNet": -2289000,
        "incomeBeforeTax": 32041000,
        "incomeBeforeTaxRatio": 0.1470235992,
        "incomeTaxExpense": -2289000,
        "netIncome": 37101000,
        "netIncomeRatio": 0.1702419573,
        "eps": 0.26,
        "epsdiluted": 0.24,
        "weightedAverageShsOut": 143089000,
        "weightedAverageShsOutDil": 157720000,
        "link": "https://www.sec.gov/Archives/edgar/data/783280/000110465905022072/0001104659-05-022072-index.htm",
        "finalLink": "https://www.sec.gov/Archives/edgar/data/783280/000110465905022072/a05-8190_110q.htm"
    },
    {
        "date": "2004-12-31",
        "symbol": "DRE",
        "reportedCurrency": "USD",
        "cik": "0000783280",
        "fillingDate": "2005-03-04",
        "acceptedDate": "2005-03-04 13:02:57",
        "calendarYear": "2004",
        "period": "Q4",
        "revenue": 221802000,
        "costOfRevenue": 0,
        "grossProfit": 221802000,
        "grossProfitRatio": 1,
        "researchAndDevelopmentExpenses": 0,
        "generalAndAdministrativeExpenses": 5460000,
        "sellingAndMarketingExpenses": 0,
        "sellingGeneralAndAdministrativeExpenses": 5460000,
        "otherExpenses": 170089000,
        "operatingExpenses": 175549000,
        "costAndExpenses": 175549000,
        "interestIncome": 0,
        "interestExpense": 0,
        "depreciationAndAmortization": 50246000,
        "ebitda": 233226000,
        "ebitdaratio": 1.0515053967,
        "operatingIncome": 46253000,
        "operatingIncomeRatio": 0.2085328356,
        "totalOtherIncomeExpensesNet": -2672000,
        "incomeBeforeTax": 43581000,
        "incomeBeforeTaxRatio": 0.1964860551,
        "incomeTaxExpense": -2672000,
        "netIncome": 50606000,
        "netIncomeRatio": 0.2281584476,
        "eps": 0.35,
        "epsdiluted": 0.35,
        "weightedAverageShsOut": 143089000,
        "weightedAverageShsOutDil": 143089000,
        "link": "https://www.sec.gov/Archives/edgar/data/783280/000110465905009494/0001104659-05-009494-index.htm",
        "finalLink": "https://www.sec.gov/Archives/edgar/data/783280/000110465905009494/a05-1765_110k.htm"
    },
    {
        "date": "2004-09-30",
        "symbol": "DRE",
        "reportedCurrency": "USD",
        "cik": "0000783280",
        "fillingDate": "2004-11-09",
        "acceptedDate": "2004-11-09 16:10:28",
        "calendarYear": "2004",
        "period": "Q3",
        "revenue": 212405000,
        "costOfRevenue": 63374000,
        "grossProfit": 149031000,
        "grossProfitRatio": 0.7016360255,
        "researchAndDevelopmentExpenses": 0,
        "generalAndAdministrativeExpenses": 6892000,
        "sellingAndMarketingExpenses": 0,
        "sellingGeneralAndAdministrativeExpenses": 6892000,
        "otherExpenses": 170337000,
        "operatingExpenses": 177229000,
        "costAndExpenses": 177229000,
        "interestIncome": 1223000,
        "interestExpense": 34423000,
        "depreciationAndAmortization": 51239000,
        "ebitda": 43986000,
        "ebitdaratio": 0.2070855206,
        "operatingIncome": 35176000,
        "operatingIncomeRatio": 0.1656081542,
        "totalOtherIncomeExpensesNet": 15671000,
        "incomeBeforeTax": 50847000,
        "incomeBeforeTaxRatio": 0.2393870201,
        "incomeTaxExpense": -76000,
        "netIncome": 50847000,
        "netIncomeRatio": 0.2393870201,
        "eps": 0.36,
        "epsdiluted": 0.32,
        "weightedAverageShsOut": 142273000,
        "weightedAverageShsOutDil": 157105000,
        "link": "https://www.sec.gov/Archives/edgar/data/783280/000110465904034736/0001104659-04-034736-index.htm",
        "finalLink": "https://www.sec.gov/Archives/edgar/data/783280/000110465904034736/a04-13084_110q.htm"
    },
    {
        "date": "2004-06-30",
        "symbol": "DRE",
        "reportedCurrency": "USD",
        "cik": "0000783280",
        "fillingDate": "2004-08-09",
        "acceptedDate": "2004-08-09 14:27:07",
        "calendarYear": "2004",
        "period": "Q2",
        "revenue": 202471000,
        "costOfRevenue": 58217000,
        "grossProfit": 144254000,
        "grossProfitRatio": 0.7124674645,
        "researchAndDevelopmentExpenses": 0,
        "generalAndAdministrativeExpenses": 5718000,
        "sellingAndMarketingExpenses": 0,
        "sellingGeneralAndAdministrativeExpenses": 5718000,
        "otherExpenses": 108061000,
        "operatingExpenses": 113779000,
        "costAndExpenses": 113779000,
        "interestIncome": 1564000,
        "interestExpense": 32682000,
        "depreciationAndAmortization": 44622000,
        "ebitda": 87770000,
        "ebitdaratio": 0.4334941794,
        "operatingIncome": 88692000,
        "operatingIncomeRatio": 0.438047918,
        "totalOtherIncomeExpensesNet": -45544000,
        "incomeBeforeTax": 43148000,
        "incomeBeforeTaxRatio": 0.2131070622,
        "incomeTaxExpense": -71000,
        "netIncome": 43148000,
        "netIncomeRatio": 0.2131070622,
        "eps": 0.3,
        "epsdiluted": 0.28,
        "weightedAverageShsOut": 142104000,
        "weightedAverageShsOutDil": 156828000,
        "link": "https://www.sec.gov/Archives/edgar/data/783280/000110465904023309/0001104659-04-023309-index.htm",
        "finalLink": "https://www.sec.gov/Archives/edgar/data/783280/000110465904023309/a04-9168_110q.htm"
    },
    {
        "date": "2004-03-31",
        "symbol": "DRE",
        "reportedCurrency": "USD",
        "cik": "0000783280",
        "fillingDate": "2004-05-10",
        "acceptedDate": "2004-05-10 12:43:13",
        "calendarYear": "2004",
        "period": "Q1",
        "revenue": 202785000,
        "costOfRevenue": 61824000,
        "grossProfit": 140961000,
        "grossProfitRatio": 0.6951253791,
        "researchAndDevelopmentExpenses": 0,
        "generalAndAdministrativeExpenses": 8323000,
        "sellingAndMarketingExpenses": 0,
        "sellingGeneralAndAdministrativeExpenses": 8323000,
        "otherExpenses": 156757000,
        "operatingExpenses": 165080000,
        "costAndExpenses": 165080000,
        "interestIncome": 1508000,
        "interestExpense": 33222000,
        "depreciationAndAmortization": 43012000,
        "ebitda": 87112000,
        "ebitdaratio": 0.4295781246,
        "operatingIncome": 37705000,
        "operatingIncomeRatio": 0.1859358434,
        "totalOtherIncomeExpensesNet": 6395000,
        "incomeBeforeTax": 44100000,
        "incomeBeforeTaxRatio": 0.2174717065,
        "incomeTaxExpense": 0,
        "netIncome": 44100000,
        "netIncomeRatio": 0.2174717065,
        "eps": 0.32,
        "epsdiluted": 0.28,
        "weightedAverageShsOut": 138398000,
        "weightedAverageShsOutDil": 156913000,
        "link": "https://www.sec.gov/Archives/edgar/data/783280/000110465904013444/0001104659-04-013444-index.htm",
        "finalLink": "https://www.sec.gov/Archives/edgar/data/783280/000110465904013444/a04-5597_110q.htm"
    },
    {
        "date": "2003-12-31",
        "symbol": "DRE",
        "reportedCurrency": "USD",
        "cik": "0000783280",
        "fillingDate": "2004-03-05",
        "acceptedDate": "2004-03-05 10:35:09",
        "calendarYear": "2003",
        "period": "Q4",
        "revenue": 205928000,
        "costOfRevenue": 0,
        "grossProfit": 205928000,
        "grossProfitRatio": 1,
        "researchAndDevelopmentExpenses": 0,
        "generalAndAdministrativeExpenses": 5898000,
        "sellingAndMarketingExpenses": 0,
        "sellingGeneralAndAdministrativeExpenses": 5898000,
        "otherExpenses": 149546000,
        "operatingExpenses": 155444000,
        "costAndExpenses": 155444000,
        "interestIncome": 0,
        "interestExpense": 0,
        "depreciationAndAmortization": 43768000,
        "ebitda": 92669000,
        "ebitdaratio": 0.4500067985,
        "operatingIncome": 50484000,
        "operatingIncomeRatio": 0.2451536459,
        "totalOtherIncomeExpensesNet": 2639000,
        "incomeBeforeTax": 53123000,
        "incomeBeforeTaxRatio": 0.2579688046,
        "incomeTaxExpense": 2639000,
        "netIncome": 60113000,
        "netIncomeRatio": 0.2919127074,
        "eps": 0.43,
        "epsdiluted": 0.43,
        "weightedAverageShsOut": 138398000,
        "weightedAverageShsOutDil": 138398000,
        "link": "https://www.sec.gov/Archives/edgar/data/783280/000110465904006524/0001104659-04-006524-index.htm",
        "finalLink": "https://www.sec.gov/Archives/edgar/data/783280/000110465904006524/a04-2962_110k.htm"
    },
    {
        "date": "2003-09-30",
        "symbol": "DRE",
        "reportedCurrency": "USD",
        "cik": "0000783280",
        "fillingDate": "2003-11-12",
        "acceptedDate": "2003-11-12 14:01:55",
        "calendarYear": "2003",
        "period": "Q3",
        "revenue": 196815000,
        "costOfRevenue": 54551000,
        "grossProfit": 142264000,
        "grossProfitRatio": 0.722831085,
        "researchAndDevelopmentExpenses": 0,
        "generalAndAdministrativeExpenses": 4892000,
        "sellingAndMarketingExpenses": 0,
        "sellingGeneralAndAdministrativeExpenses": 4892000,
        "otherExpenses": 142401000,
        "operatingExpenses": 147293000,
        "costAndExpenses": 147293000,
        "interestIncome": 809000,
        "interestExpense": 31469000,
        "depreciationAndAmortization": 42276000,
        "ebitda": 91876000,
        "ebitdaratio": 0.4668140132,
        "operatingIncome": 49522000,
        "operatingIncomeRatio": 0.2516170007,
        "totalOtherIncomeExpensesNet": 78000,
        "incomeBeforeTax": 49600000,
        "incomeBeforeTaxRatio": 0.252013312,
        "incomeTaxExpense": 0,
        "netIncome": 49600000,
        "netIncomeRatio": 0.252013312,
        "eps": 0.37,
        "epsdiluted": 0.33,
        "weightedAverageShsOut": 135706000,
        "weightedAverageShsOutDil": 151244000,
        "link": "https://www.sec.gov/Archives/edgar/data/783280/000110465903025734/0001104659-03-025734-index.htm",
        "finalLink": "https://www.sec.gov/Archives/edgar/data/783280/000110465903025734/a03-5108_110q.htm"
    },
    {
        "date": "2003-06-30",
        "symbol": "DRE",
        "reportedCurrency": "USD",
        "cik": "0000783280",
        "fillingDate": "2003-08-12",
        "acceptedDate": "2003-08-12 12:22:19",
        "calendarYear": "2003",
        "period": "Q2",
        "revenue": 194063000,
        "costOfRevenue": 54966000,
        "grossProfit": 139097000,
        "grossProfitRatio": 0.7167620824,
        "researchAndDevelopmentExpenses": 0,
        "generalAndAdministrativeExpenses": 5081000,
        "sellingAndMarketingExpenses": 0,
        "sellingGeneralAndAdministrativeExpenses": 5081000,
        "otherExpenses": 143056000,
        "operatingExpenses": 148137000,
        "costAndExpenses": 148137000,
        "interestIncome": 882000,
        "interestExpense": 34767000,
        "depreciationAndAmortization": 41144000,
        "ebitda": 84434000,
        "ebitdaratio": 0.4350855135,
        "operatingIncome": 45926000,
        "operatingIncomeRatio": 0.2366551068,
        "totalOtherIncomeExpensesNet": -2636000,
        "incomeBeforeTax": 43290000,
        "incomeBeforeTaxRatio": 0.223071889,
        "incomeTaxExpense": 0,
        "netIncome": 43290000,
        "netIncomeRatio": 0.223071889,
        "eps": 0.32,
        "epsdiluted": 0.29,
        "weightedAverageShsOut": 135386000,
        "weightedAverageShsOutDil": 151019000,
        "link": "https://www.sec.gov/Archives/edgar/data/783280/000110465903017663/0001104659-03-017663-index.htm",
        "finalLink": "https://www.sec.gov/Archives/edgar/data/783280/000110465903017663/a03-2374_110q.htm"
    },
    {
        "date": "2003-03-31",
        "symbol": "DRE",
        "reportedCurrency": "USD",
        "cik": "0000783280",
        "fillingDate": "2003-05-13",
        "acceptedDate": "2003-05-13 17:23:27",
        "calendarYear": "2003",
        "period": "Q1",
        "revenue": 194433000,
        "costOfRevenue": 0,
        "grossProfit": 194433000,
        "grossProfitRatio": 1,
        "researchAndDevelopmentExpenses": 0,
        "generalAndAdministrativeExpenses": 6272000,
        "sellingAndMarketingExpenses": 0,
        "sellingGeneralAndAdministrativeExpenses": 6272000,
        "otherExpenses": 148781000,
        "operatingExpenses": 155053000,
        "costAndExpenses": 155053000,
        "interestIncome": 0,
        "interestExpense": 0,
        "depreciationAndAmortization": 41771000,
        "ebitda": 100192000,
        "ebitdaratio": 0.5153034721,
        "operatingIncome": 39380000,
        "operatingIncomeRatio": 0.2025376351,
        "totalOtherIncomeExpensesNet": 11545000,
        "incomeBeforeTax": 48232000,
        "incomeBeforeTaxRatio": 0.2480648861,
        "incomeTaxExpense": 8852000,
        "netIncome": 46229000,
        "netIncomeRatio": 0.2377631369,
        "eps": 0.34,
        "epsdiluted": 0.31,
        "weightedAverageShsOut": 135170000,
        "weightedAverageShsOutDil": 150627000,
        "link": "https://www.sec.gov/Archives/edgar/data/783280/000110465903009506/0001104659-03-009506-index.htm",
        "finalLink": "https://www.sec.gov/Archives/edgar/data/783280/000110465903009506/j0751_10q.htm"
    },
    {
        "date": "2002-12-31",
        "symbol": "DRE",
        "reportedCurrency": "USD",
        "cik": "0000783280",
        "fillingDate": "2003-03-25",
        "acceptedDate": "2003-03-25 16:06:42",
        "calendarYear": "2002",
        "period": "Q4",
        "revenue": 184946000,
        "costOfRevenue": 0,
        "grossProfit": 184946000,
        "grossProfitRatio": 1,
        "researchAndDevelopmentExpenses": 0,
        "generalAndAdministrativeExpenses": 4087000,
        "sellingAndMarketingExpenses": 0,
        "sellingGeneralAndAdministrativeExpenses": 4087000,
        "otherExpenses": 133004000,
        "operatingExpenses": 137091000,
        "costAndExpenses": 137091000,
        "interestIncome": 0,
        "interestExpense": 0,
        "depreciationAndAmortization": 39996000,
        "ebitda": 103050000,
        "ebitdaratio": 0.5571896662,
        "operatingIncome": 47855000,
        "operatingIncomeRatio": 0.2587512031,
        "totalOtherIncomeExpensesNet": -8844000,
        "incomeBeforeTax": 39011000,
        "incomeBeforeTaxRatio": 0.2109318396,
        "incomeTaxExpense": -8844000,
        "netIncome": 37379000,
        "netIncomeRatio": 0.2021076422,
        "eps": 0.28,
        "epsdiluted": 0.28,
        "weightedAverageShsOut": 135170000,
        "weightedAverageShsOutDil": 135170000,
        "link": "https://www.sec.gov/Archives/edgar/data/783280/000110465903004907/0001104659-03-004907-index.htm",
        "finalLink": "https://www.sec.gov/Archives/edgar/data/783280/000110465903004907/j8375_10k.htm"
    },
    {
        "date": "2002-09-30",
        "symbol": "DRE",
        "reportedCurrency": "USD",
        "cik": "0000783280",
        "fillingDate": "2002-11-13",
        "acceptedDate": "2002-11-13 13:59:38",
        "calendarYear": "2002",
        "period": "Q3",
        "revenue": 193977000,
        "costOfRevenue": 52164000,
        "grossProfit": 141813000,
        "grossProfitRatio": 0.73108152,
        "researchAndDevelopmentExpenses": 0,
        "generalAndAdministrativeExpenses": 6804000,
        "sellingAndMarketingExpenses": 0,
        "sellingGeneralAndAdministrativeExpenses": 6804000,
        "otherExpenses": 135376000,
        "operatingExpenses": 142180000,
        "costAndExpenses": 142180000,
        "interestIncome": 931000,
        "interestExpense": 29797000,
        "depreciationAndAmortization": 38985000,
        "ebitda": 89910000,
        "ebitdaratio": 0.4635085603,
        "operatingIncome": 51797000,
        "operatingIncomeRatio": 0.2670265031,
        "totalOtherIncomeExpensesNet": -872000,
        "incomeBeforeTax": 50925000,
        "incomeBeforeTaxRatio": 0.2625311248,
        "incomeTaxExpense": 0,
        "netIncome": 50925000,
        "netIncomeRatio": 0.2625311248,
        "eps": 0.38,
        "epsdiluted": 0.34,
        "weightedAverageShsOut": 134818000,
        "weightedAverageShsOutDil": 151256000,
        "link": "https://www.sec.gov/Archives/edgar/data/783280/000110465902005866/0001104659-02-005866-index.htm",
        "finalLink": "https://www.sec.gov/Archives/edgar/data/783280/000110465902005866/j5205_10q.htm"
    },
    {
        "date": "2002-06-30",
        "symbol": "DRE",
        "reportedCurrency": "USD",
        "cik": "0000783280",
        "fillingDate": "2002-08-13",
        "acceptedDate": "2002-08-13 16:14:49",
        "calendarYear": "2002",
        "period": "Q2",
        "revenue": 195758000,
        "costOfRevenue": 49186000,
        "grossProfit": 146572000,
        "grossProfitRatio": 0.7487407922,
        "researchAndDevelopmentExpenses": 0,
        "generalAndAdministrativeExpenses": 7224000,
        "sellingAndMarketingExpenses": 0,
        "sellingGeneralAndAdministrativeExpenses": 7224000,
        "otherExpenses": 128088000,
        "operatingExpenses": 135312000,
        "costAndExpenses": 135312000,
        "interestIncome": 1333000,
        "interestExpense": 27918000,
        "depreciationAndAmortization": 38398000,
        "ebitda": 99033000,
        "ebitdaratio": 0.5058950337,
        "operatingIncome": 60446000,
        "operatingIncomeRatio": 0.308779207,
        "totalOtherIncomeExpensesNet": -57129000,
        "incomeBeforeTax": 3317000,
        "incomeBeforeTaxRatio": 0.0169443905,
        "incomeTaxExpense": 3001000,
        "netIncome": 60635000,
        "netIncomeRatio": 0.3097446848,
        "eps": 0.45,
        "epsdiluted": 0.4,
        "weightedAverageShsOut": 134196000,
        "weightedAverageShsOutDil": 151092000,
        "link": "https://www.sec.gov/Archives/edgar/data/783280/000110465902003750/0001104659-02-003750-index.htm",
        "finalLink": "https://www.sec.gov/Archives/edgar/data/783280/000110465902003750/j4431_10q.htm"
    },
    {
        "date": "2002-03-31",
        "symbol": "DRE",
        "reportedCurrency": "USD",
        "cik": "0000783280",
        "fillingDate": "2002-05-14",
        "acceptedDate": "2002-05-14 17:02:23",
        "calendarYear": "2002",
        "period": "Q1",
        "revenue": 204197000,
        "costOfRevenue": 0,
        "grossProfit": 204197000,
        "grossProfitRatio": 1,
        "researchAndDevelopmentExpenses": 0,
        "generalAndAdministrativeExpenses": 7237000,
        "sellingAndMarketingExpenses": 0,
        "sellingGeneralAndAdministrativeExpenses": 7237000,
        "otherExpenses": 134439000,
        "operatingExpenses": 141676000,
        "costAndExpenses": 141676000,
        "interestIncome": 0,
        "interestExpense": -27720000,
        "depreciationAndAmortization": 37186000,
        "ebitda": 62507000,
        "ebitdaratio": 0.3061112553,
        "operatingIncome": 62521000,
        "operatingIncomeRatio": 0.3061798165,
        "totalOtherIncomeExpensesNet": 1323000,
        "incomeBeforeTax": 45278000,
        "incomeBeforeTaxRatio": 0.2217368522,
        "incomeTaxExpense": 1323000,
        "netIncome": 57386000,
        "netIncomeRatio": 0.2810325323,
        "eps": 0.43,
        "epsdiluted": 0.38,
        "weightedAverageShsOut": 131932000,
        "weightedAverageShsOutDil": 150270000,
        "link": "https://www.sec.gov/Archives/edgar/data/783280/000110465902002341/0001104659-02-002341-index.htm",
        "finalLink": "https://www.sec.gov/Archives/edgar/data/783280/000110465902002341/j3562_10q.htm"
    },
    {
        "date": "2001-12-31",
        "symbol": "DRE",
        "reportedCurrency": "USD",
        "cik": "0000783280",
        "fillingDate": "2002-03-15",
        "acceptedDate": "2002-03-15 00:00:00",
        "calendarYear": "2001",
        "period": "Q4",
        "revenue": 192248000,
        "costOfRevenue": 0,
        "grossProfit": 192248000,
        "grossProfitRatio": 1,
        "researchAndDevelopmentExpenses": 0,
        "generalAndAdministrativeExpenses": 5407000,
        "sellingAndMarketingExpenses": 0,
        "sellingGeneralAndAdministrativeExpenses": 5407000,
        "otherExpenses": 125010000,
        "operatingExpenses": 130417000,
        "costAndExpenses": 130417000,
        "interestIncome": 0,
        "interestExpense": 0,
        "depreciationAndAmortization": 35779000,
        "ebitda": 67300000,
        "ebitdaratio": 0.3500686613,
        "operatingIncome": 61831000,
        "operatingIncomeRatio": 0.3216210312,
        "totalOtherIncomeExpensesNet": 2233000,
        "incomeBeforeTax": 64064000,
        "incomeBeforeTaxRatio": 0.3332362365,
        "incomeTaxExpense": 2233000,
        "netIncome": 56528000,
        "netIncomeRatio": 0.294036869,
        "eps": 0.43,
        "epsdiluted": 0.43,
        "weightedAverageShsOut": 131932000,
        "weightedAverageShsOutDil": 131932000,
        "link": "https://www.sec.gov/Archives/edgar/data/783280/000110465902000746/0001104659-02-000746-index.htm",
        "finalLink": "https://www.sec.gov/Archives/edgar/data/783280/000110465902000746/j3192_10k405.htm"
    },
    {
        "date": "2001-09-30",
        "symbol": "DRE",
        "reportedCurrency": "USD",
        "cik": "0000783280",
        "fillingDate": "2001-11-14",
        "acceptedDate": "2001-11-14 00:00:00",
        "calendarYear": "2001",
        "period": "Q3",
        "revenue": 199875000,
        "costOfRevenue": 49368000,
        "grossProfit": 150507000,
        "grossProfitRatio": 0.7530056285,
        "researchAndDevelopmentExpenses": 0,
        "generalAndAdministrativeExpenses": 1437000,
        "sellingAndMarketingExpenses": 0,
        "sellingGeneralAndAdministrativeExpenses": 1437000,
        "otherExpenses": 125528000,
        "operatingExpenses": 126965000,
        "costAndExpenses": 126965000,
        "interestIncome": 1587000,
        "interestExpense": 28042000,
        "depreciationAndAmortization": 33721000,
        "ebitda": -40314000,
        "ebitdaratio": -0.20169606,
        "operatingIncome": 72910000,
        "operatingIncomeRatio": 0.3647779862,
        "totalOtherIncomeExpensesNet": 17439000,
        "incomeBeforeTax": 90349000,
        "incomeBeforeTaxRatio": 0.4520275172,
        "incomeTaxExpense": 0,
        "netIncome": 90349000,
        "netIncomeRatio": 0.4520275172,
        "eps": 0.69,
        "epsdiluted": 0.57,
        "weightedAverageShsOut": 130104000,
        "weightedAverageShsOutDil": 158594000,
        "link": "https://www.sec.gov/Archives/edgar/data/783280/000110465901503304/0001104659-01-503304-index.htm",
        "finalLink": "https://www.sec.gov/Archives/edgar/data/783280/000110465901503304/j1929_10q.htm"
    },
    {
        "date": "2001-06-30",
        "symbol": "DRE",
        "reportedCurrency": "USD",
        "cik": "0000783280",
        "fillingDate": "2001-08-14",
        "acceptedDate": "2001-08-14 00:00:00",
        "calendarYear": "2001",
        "period": "Q2",
        "revenue": 205395000,
        "costOfRevenue": 47802000,
        "grossProfit": 157593000,
        "grossProfitRatio": 0.7672679471,
        "researchAndDevelopmentExpenses": 0,
        "generalAndAdministrativeExpenses": 4688000,
        "sellingAndMarketingExpenses": 0,
        "sellingGeneralAndAdministrativeExpenses": 4688000,
        "otherExpenses": 128868000,
        "operatingExpenses": 133556000,
        "costAndExpenses": 133556000,
        "interestIncome": 1567000,
        "interestExpense": 28671000,
        "depreciationAndAmortization": 33363000,
        "ebitda": 96853000,
        "ebitdaratio": 0.4715450717,
        "operatingIncome": 71839000,
        "operatingIncomeRatio": 0.3497602181,
        "totalOtherIncomeExpensesNet": -8349000,
        "incomeBeforeTax": 63490000,
        "incomeBeforeTaxRatio": 0.3091117116,
        "incomeTaxExpense": -282000,
        "netIncome": 63490000,
        "netIncomeRatio": 0.3091117116,
        "eps": 0.49,
        "epsdiluted": 0.42,
        "weightedAverageShsOut": 129131000,
        "weightedAverageShsOutDil": 149572000,
        "link": "https://www.sec.gov/Archives/edgar/data/783280/000110465901501880/0001104659-01-501880-index.htm",
        "finalLink": "https://www.sec.gov/Archives/edgar/data/783280/000110465901501880/j1160_10q.htm"
    },
    {
        "date": "2001-03-31",
        "symbol": "DRE",
        "reportedCurrency": "USD",
        "cik": "0000783280",
        "fillingDate": "2001-05-15",
        "acceptedDate": "2001-05-15 00:00:00",
        "calendarYear": "2001",
        "period": "Q1",
        "revenue": 206290000,
        "costOfRevenue": 0,
        "grossProfit": 206290000,
        "grossProfitRatio": 1,
        "researchAndDevelopmentExpenses": 0,
        "generalAndAdministrativeExpenses": 4027000,
        "sellingAndMarketingExpenses": 0,
        "sellingGeneralAndAdministrativeExpenses": 4027000,
        "otherExpenses": 131586000,
        "operatingExpenses": 135613000,
        "costAndExpenses": 135613000,
        "interestIncome": 1435000,
        "interestExpense": -29613000,
        "depreciationAndAmortization": 35860000,
        "ebitda": 107902000,
        "ebitdaratio": 0.5230597702,
        "operatingIncome": 70677000,
        "operatingIncomeRatio": 0.3426099181,
        "totalOtherIncomeExpensesNet": 11578000,
        "incomeBeforeTax": 82255000,
        "incomeBeforeTaxRatio": 0.3987347908,
        "incomeTaxExpense": 11578000,
        "netIncome": 72042000,
        "netIncomeRatio": 0.3492268166,
        "eps": 0.56,
        "epsdiluted": 0.48,
        "weightedAverageShsOut": 128399000,
        "weightedAverageShsOutDil": 151031000,
        "link": "https://www.sec.gov/Archives/edgar/data/783280/000110465901500715/0001104659-01-500715-index.htm",
        "finalLink": "https://www.sec.gov/Archives/edgar/data/783280/000110465901500715/j0592_10q.htm"
    },
    {
        "date": "2000-12-31",
        "symbol": "DRE",
        "reportedCurrency": "USD",
        "cik": "0000783280",
        "fillingDate": "2001-03-28",
        "acceptedDate": "2001-03-28 00:00:00",
        "calendarYear": "2000",
        "period": "Q4",
        "revenue": 194714000,
        "costOfRevenue": 0,
        "grossProfit": 194714000,
        "grossProfitRatio": 1,
        "researchAndDevelopmentExpenses": 0,
        "generalAndAdministrativeExpenses": 5645000,
        "sellingAndMarketingExpenses": 0,
        "sellingGeneralAndAdministrativeExpenses": 5645000,
        "otherExpenses": 126107000,
        "operatingExpenses": 131752000,
        "costAndExpenses": 131752000,
        "interestIncome": 0,
        "interestExpense": 0,
        "depreciationAndAmortization": 34083000,
        "ebitda": 119745000,
        "ebitdaratio": 0.6149788921,
        "operatingIncome": 62962000,
        "operatingIncomeRatio": 0.3233563072,
        "totalOtherIncomeExpensesNet": 34905000,
        "incomeBeforeTax": 97867000,
        "incomeBeforeTaxRatio": 0.5026192261,
        "incomeTaxExpense": 34905000,
        "netIncome": 85662000,
        "netIncomeRatio": 0.4399375494,
        "eps": 0.67,
        "epsdiluted": 0.67,
        "weightedAverageShsOut": 128399000,
        "weightedAverageShsOutDil": 128399000,
        "link": "https://www.sec.gov/Archives/edgar/data/783280/000110465901500110/0001104659-01-500110-index.htm",
        "finalLink": "https://www.sec.gov/Archives/edgar/data/783280/000110465901500110/j0194-10k.htm"
    },
    {
        "date": "2000-09-30",
        "symbol": "DRE",
        "reportedCurrency": "USD",
        "cik": "0000783280",
        "fillingDate": "2000-11-13",
        "acceptedDate": "2000-11-13 00:00:00",
        "calendarYear": "2000",
        "period": "Q3",
        "revenue": 207663000,
        "costOfRevenue": 0,
        "grossProfit": 207663000,
        "grossProfitRatio": 1,
        "researchAndDevelopmentExpenses": 0,
        "generalAndAdministrativeExpenses": 5825000,
        "sellingAndMarketingExpenses": 0,
        "sellingGeneralAndAdministrativeExpenses": 5825000,
        "otherExpenses": 140825000,
        "operatingExpenses": 146650000,
        "costAndExpenses": 146650000,
        "interestIncome": 0,
        "interestExpense": 0,
        "depreciationAndAmortization": 36528000,
        "ebitda": 93920000,
        "ebitdaratio": 0.4522712279,
        "operatingIncome": 61013000,
        "operatingIncomeRatio": 0.2938077558,
        "totalOtherIncomeExpensesNet": 4348000,
        "incomeBeforeTax": 65361000,
        "incomeBeforeTaxRatio": 0.3147455252,
        "incomeTaxExpense": 4348000,
        "netIncome": 57392000,
        "netIncomeRatio": 0.2763708508,
        "eps": 0.45,
        "epsdiluted": 0.39,
        "weightedAverageShsOut": 127010000,
        "weightedAverageShsOutDil": 147916000,
        "link": "https://www.sec.gov/Archives/edgar/data/783280/000078328000000030/0000783280-00-000030-index.htm",
        "finalLink": "https://www.sec.gov/Archives/edgar/data/783280/000078328000000030/0000783280-00-000030-0001.txt"
    },
    {
        "date": "2000-06-30",
        "symbol": "DRE",
        "reportedCurrency": "USD",
        "cik": "0000783280",
        "fillingDate": "2000-08-11",
        "acceptedDate": "2000-08-11 00:00:00",
        "calendarYear": "2000",
        "period": "Q2",
        "revenue": 203449000,
        "costOfRevenue": 0,
        "grossProfit": 203449000,
        "grossProfitRatio": 1,
        "researchAndDevelopmentExpenses": 0,
        "generalAndAdministrativeExpenses": 4510000,
        "sellingAndMarketingExpenses": 0,
        "sellingGeneralAndAdministrativeExpenses": 4510000,
        "otherExpenses": 137435000,
        "operatingExpenses": 141945000,
        "costAndExpenses": 141945000,
        "interestIncome": 0,
        "interestExpense": 0,
        "depreciationAndAmortization": 35664000,
        "ebitda": 93438000,
        "ebitdaratio": 0.4592698907,
        "operatingIncome": 61504000,
        "operatingIncomeRatio": 0.3023067206,
        "totalOtherIncomeExpensesNet": 3277000,
        "incomeBeforeTax": 64781000,
        "incomeBeforeTaxRatio": 0.3184139514,
        "incomeTaxExpense": 3277000,
        "netIncome": 57774000,
        "netIncomeRatio": 0.2839728876,
        "eps": 0.46,
        "epsdiluted": 0.39,
        "weightedAverageShsOut": 126597000,
        "weightedAverageShsOutDil": 147181000,
        "link": "https://www.sec.gov/Archives/edgar/data/783280/000078328000000024/0000783280-00-000024-index.htm",
        "finalLink": "https://www.sec.gov/Archives/edgar/data/783280/000078328000000024/0000783280-00-000024-0001.txt"
    },
    {
        "date": "2000-03-31",
        "symbol": "DRE",
        "reportedCurrency": "USD",
        "cik": "0000783280",
        "fillingDate": "2000-05-15",
        "acceptedDate": "2000-05-15 00:00:00",
        "calendarYear": "2000",
        "period": "Q1",
        "revenue": 188799000,
        "costOfRevenue": 0,
        "grossProfit": 188799000,
        "grossProfitRatio": 1,
        "researchAndDevelopmentExpenses": 0,
        "generalAndAdministrativeExpenses": 5164000,
        "sellingAndMarketingExpenses": 0,
        "sellingGeneralAndAdministrativeExpenses": 5164000,
        "otherExpenses": 128511000,
        "operatingExpenses": 133675000,
        "costAndExpenses": 133675000,
        "interestIncome": 0,
        "interestExpense": 0,
        "depreciationAndAmortization": 35714000,
        "ebitda": 96825000,
        "ebitdaratio": 0.512846996,
        "operatingIncome": 55124000,
        "operatingIncomeRatio": 0.2919718854,
        "totalOtherIncomeExpensesNet": 14564000,
        "incomeBeforeTax": 69688000,
        "incomeBeforeTaxRatio": 0.3691121245,
        "incomeTaxExpense": 14564000,
        "netIncome": 61111000,
        "netIncomeRatio": 0.3236828585,
        "eps": 0.48,
        "epsdiluted": 0.42,
        "weightedAverageShsOut": 126070000,
        "weightedAverageShsOutDil": 146326000,
        "link": "https://www.sec.gov/Archives/edgar/data/783280/000078328000000015/0000783280-00-000015-index.html",
        "finalLink": "https://www.sec.gov/Archives/edgar/data/783280/000078328000000015/"
    },
    {
        "date": "1999-12-31",
        "symbol": "DRE",
        "reportedCurrency": "USD",
        "cik": "0000783280",
        "fillingDate": "2000-03-30",
        "acceptedDate": "2000-03-30 00:00:00",
        "calendarYear": "1999",
        "period": "Q4",
        "revenue": 174394000,
        "costOfRevenue": 0,
        "grossProfit": 174394000,
        "grossProfitRatio": 1,
        "researchAndDevelopmentExpenses": 0,
        "generalAndAdministrativeExpenses": 0,
        "sellingAndMarketingExpenses": 0,
        "sellingGeneralAndAdministrativeExpenses": -8144000,
        "otherExpenses": 586829000,
        "operatingExpenses": 578685000,
        "costAndExpenses": 578685000,
        "interestIncome": 0,
        "interestExpense": 0,
        "depreciationAndAmortization": 24663000,
        "ebitda": 78103000,
        "ebitdaratio": 0.4478537106,
        "operatingIncome": -404291000,
        "operatingIncomeRatio": -2.3182620962,
        "totalOtherIncomeExpensesNet": 0,
        "incomeBeforeTax": 0,
        "incomeBeforeTaxRatio": 0,
        "incomeTaxExpense": 0,
        "netIncome": 53440000,
        "netIncomeRatio": 0.3064325608,
        "eps": 0.42,
        "epsdiluted": 0.42,
        "weightedAverageShsOut": 126070000,
        "weightedAverageShsOutDil": 126070000,
        "link": "https://www.sec.gov/Archives/edgar/data/783280/000078328000000004/0000783280-00-000004-index.html",
        "finalLink": "https://www.sec.gov/Archives/edgar/data/783280/000078328000000004/"
    },
    {
        "date": "1999-09-30",
        "symbol": "DRE",
        "reportedCurrency": "USD",
        "cik": "0000783280",
        "fillingDate": "1999-11-15",
        "acceptedDate": "1999-11-15 00:00:00",
        "calendarYear": "1999",
        "period": "Q3",
        "revenue": 179500000,
        "costOfRevenue": 0,
        "grossProfit": 179500000,
        "grossProfitRatio": 1,
        "researchAndDevelopmentExpenses": 0,
        "generalAndAdministrativeExpenses": 10500000,
        "sellingAndMarketingExpenses": 0,
        "sellingGeneralAndAdministrativeExpenses": 10500000,
        "otherExpenses": -90400000,
        "operatingExpenses": -79900000,
        "costAndExpenses": -79900000,
        "interestIncome": 0,
        "interestExpense": 0,
        "depreciationAndAmortization": 33400000,
        "ebitda": 87100000,
        "ebitdaratio": 0.4852367688,
        "operatingIncome": 259400000,
        "operatingIncomeRatio": 1.4451253482,
        "totalOtherIncomeExpensesNet": 0,
        "incomeBeforeTax": 0,
        "incomeBeforeTaxRatio": 0,
        "incomeTaxExpense": 0,
        "netIncome": 53700000,
        "netIncomeRatio": 0.2991643454,
        "eps": 0.45,
        "epsdiluted": 0.45,
        "weightedAverageShsOut": 118285714,
        "weightedAverageShsOutDil": 118285714,
        "link": "https://www.sec.gov/Archives/edgar/data/783280/000078328099000044/0000783280-99-000044-index.html",
        "finalLink": "https://www.sec.gov/Archives/edgar/data/783280/000078328099000044/"
    },
    {
        "date": "1999-06-30",
        "symbol": "DRE",
        "reportedCurrency": "USD",
        "cik": "0000783280",
        "fillingDate": "1999-08-16",
        "acceptedDate": "1999-08-16 00:00:00",
        "calendarYear": "1999",
        "period": "Q2",
        "revenue": 118500000,
        "costOfRevenue": 0,
        "grossProfit": 118500000,
        "grossProfitRatio": 1,
        "researchAndDevelopmentExpenses": 0,
        "generalAndAdministrativeExpenses": 6800000,
        "sellingAndMarketingExpenses": 0,
        "sellingGeneralAndAdministrativeExpenses": 6800000,
        "otherExpenses": -59000000,
        "operatingExpenses": -52200000,
        "costAndExpenses": -52200000,
        "interestIncome": 0,
        "interestExpense": 0,
        "depreciationAndAmortization": 21200000,
        "ebitda": 60100000,
        "ebitdaratio": 0.5071729958,
        "operatingIncome": 170700000,
        "operatingIncomeRatio": 1.4405063291,
        "totalOtherIncomeExpensesNet": 0,
        "incomeBeforeTax": 0,
        "incomeBeforeTaxRatio": 0,
        "incomeTaxExpense": 0,
        "netIncome": 38900000,
        "netIncomeRatio": 0.3282700422,
        "eps": 0.43,
        "epsdiluted": 0.43,
        "weightedAverageShsOut": 89696970,
        "weightedAverageShsOutDil": 89696970,
        "link": "https://www.sec.gov/Archives/edgar/data/783280/000078328099000025/0000783280-99-000025-index.html",
        "finalLink": "https://www.sec.gov/Archives/edgar/data/783280/000078328099000025/"
    },
    {
        "date": "1999-03-31",
        "symbol": "DRE",
        "reportedCurrency": "USD",
        "cik": "0000783280",
        "fillingDate": "1999-05-14",
        "acceptedDate": "1999-05-14 00:00:00",
        "calendarYear": "1999",
        "period": "Q1",
        "revenue": 117200000,
        "costOfRevenue": 0,
        "grossProfit": 117200000,
        "grossProfitRatio": 1,
        "researchAndDevelopmentExpenses": 0,
        "generalAndAdministrativeExpenses": 7300000,
        "sellingAndMarketingExpenses": 0,
        "sellingGeneralAndAdministrativeExpenses": 7300000,
        "otherExpenses": -60900000,
        "operatingExpenses": -53600000,
        "costAndExpenses": -53600000,
        "interestIncome": 0,
        "interestExpense": 0,
        "depreciationAndAmortization": 20800000,
        "ebitda": 57000000,
        "ebitdaratio": 0.4863481229,
        "operatingIncome": 170800000,
        "operatingIncomeRatio": 1.457337884,
        "totalOtherIncomeExpensesNet": 0,
        "incomeBeforeTax": 0,
        "incomeBeforeTaxRatio": 0,
        "incomeTaxExpense": 0,
        "netIncome": 36200000,
        "netIncomeRatio": 0.3088737201,
        "eps": 0.42,
        "epsdiluted": 0.42,
        "weightedAverageShsOut": 85625000,
        "weightedAverageShsOutDil": 85625000,
        "link": "https://www.sec.gov/Archives/edgar/data/783280/000078328099000008/0000783280-99-000008-index.html",
        "finalLink": "https://www.sec.gov/Archives/edgar/data/783280/"
    },
    {
        "date": "1998-12-31",
        "symbol": "DRE",
        "reportedCurrency": "USD",
        "cik": "0000783280",
        "fillingDate": "1999-03-29",
        "acceptedDate": "1999-03-29 00:00:00",
        "calendarYear": "1998",
        "period": "Q4",
        "revenue": 98241000,
        "costOfRevenue": 0,
        "grossProfit": 98241000,
        "grossProfitRatio": 1,
        "researchAndDevelopmentExpenses": 0,
        "generalAndAdministrativeExpenses": -6527000,
        "sellingAndMarketingExpenses": 0,
        "sellingGeneralAndAdministrativeExpenses": -6527000,
        "otherExpenses": 379379000,
        "operatingExpenses": 372852000,
        "costAndExpenses": 372852000,
        "interestIncome": 0,
        "interestExpense": 0,
        "depreciationAndAmortization": 11914000,
        "ebitda": 40918000,
        "ebitdaratio": 0.4165063466,
        "operatingIncome": -274611000,
        "operatingIncomeRatio": -2.7952789569,
        "totalOtherIncomeExpensesNet": 0,
        "incomeBeforeTax": 0,
        "incomeBeforeTaxRatio": 0,
        "incomeTaxExpense": 0,
        "netIncome": 29004000,
        "netIncomeRatio": 0.2952331511,
        "eps": 0.34,
        "epsdiluted": 0.34,
        "weightedAverageShsOut": 85625000,
        "weightedAverageShsOutDil": 85625000,
        "link": "https://www.sec.gov/Archives/edgar/data/783280/000078328099000002/0000783280-99-000002-index.html",
        "finalLink": "https://www.sec.gov/Archives/edgar/data/783280/"
    },
    {
        "date": "1998-09-30",
        "symbol": "DRE",
        "reportedCurrency": "USD",
        "cik": "0000783280",
        "fillingDate": "1998-11-12",
        "acceptedDate": "1998-11-12 00:00:00",
        "calendarYear": "1998",
        "period": "Q3",
        "revenue": 98800000,
        "costOfRevenue": 0,
        "grossProfit": 98800000,
        "grossProfitRatio": 1,
        "researchAndDevelopmentExpenses": 0,
        "generalAndAdministrativeExpenses": 6000000,
        "sellingAndMarketingExpenses": 0,
        "sellingGeneralAndAdministrativeExpenses": 6000000,
        "otherExpenses": -50200000,
        "operatingExpenses": -44200000,
        "costAndExpenses": -44200000,
        "interestIncome": 0,
        "interestExpense": 0,
        "depreciationAndAmortization": 18100000,
        "ebitda": 46300000,
        "ebitdaratio": 0.4686234818,
        "operatingIncome": 143000000,
        "operatingIncomeRatio": 1.4473684211,
        "totalOtherIncomeExpensesNet": 0,
        "incomeBeforeTax": 0,
        "incomeBeforeTaxRatio": 0,
        "incomeTaxExpense": 0,
        "netIncome": 28200000,
        "netIncomeRatio": 0.2854251012,
        "eps": 0.35,
        "epsdiluted": 0.35,
        "weightedAverageShsOut": 81034483,
        "weightedAverageShsOutDil": 81034483,
        "link": "https://www.sec.gov/Archives/edgar/data/783280/000078328098000056/0000783280-98-000056-index.html",
        "finalLink": "https://www.sec.gov/Archives/edgar/data/783280/"
    },
    {
        "date": "1998-06-30",
        "symbol": "DRE",
        "reportedCurrency": "USD",
        "cik": "0000783280",
        "fillingDate": "1998-08-13",
        "acceptedDate": "1998-08-13 00:00:00",
        "calendarYear": "1998",
        "period": "Q2",
        "revenue": 90800000,
        "costOfRevenue": 0,
        "grossProfit": 90800000,
        "grossProfitRatio": 1,
        "researchAndDevelopmentExpenses": 0,
        "generalAndAdministrativeExpenses": 3800000,
        "sellingAndMarketingExpenses": 0,
        "sellingGeneralAndAdministrativeExpenses": 3800000,
        "otherExpenses": -46700000,
        "operatingExpenses": -42900000,
        "costAndExpenses": -42900000,
        "interestIncome": 0,
        "interestExpense": 0,
        "depreciationAndAmortization": 16800000,
        "ebitda": 43400000,
        "ebitdaratio": 0.4779735683,
        "operatingIncome": 133700000,
        "operatingIncomeRatio": 1.4724669604,
        "totalOtherIncomeExpensesNet": 0,
        "incomeBeforeTax": 0,
        "incomeBeforeTaxRatio": 0,
        "incomeTaxExpense": 0,
        "netIncome": 26600000,
        "netIncomeRatio": 0.2929515419,
        "eps": 0.33,
        "epsdiluted": 0.33,
        "weightedAverageShsOut": 81111111,
        "weightedAverageShsOutDil": 81111111,
        "link": "https://www.sec.gov/Archives/edgar/data/783280/000078328098000044/0000783280-98-000044-index.html",
        "finalLink": "https://www.sec.gov/Archives/edgar/data/783280/"
    },
    {
        "date": "1998-03-31",
        "symbol": "DRE",
        "reportedCurrency": "USD",
        "cik": "0000783280",
        "fillingDate": "1998-05-15",
        "acceptedDate": "1998-05-15 00:00:00",
        "calendarYear": "1998",
        "period": "Q1",
        "revenue": 85400000,
        "costOfRevenue": 0,
        "grossProfit": 85400000,
        "grossProfitRatio": 1,
        "researchAndDevelopmentExpenses": 0,
        "generalAndAdministrativeExpenses": 2900000,
        "sellingAndMarketingExpenses": 0,
        "sellingGeneralAndAdministrativeExpenses": 2900000,
        "otherExpenses": -42200000,
        "operatingExpenses": -39300000,
        "costAndExpenses": -39300000,
        "interestIncome": 0,
        "interestExpense": 0,
        "depreciationAndAmortization": 14600000,
        "ebitda": 41600000,
        "ebitdaratio": 0.4871194379,
        "operatingIncome": 124700000,
        "operatingIncomeRatio": 1.4601873536,
        "totalOtherIncomeExpensesNet": 0,
        "incomeBeforeTax": 0,
        "incomeBeforeTaxRatio": 0,
        "incomeTaxExpense": 0,
        "netIncome": 27000000,
        "netIncomeRatio": 0.3161592506,
        "eps": 0.35,
        "epsdiluted": 0.35,
        "weightedAverageShsOut": 76896552,
        "weightedAverageShsOutDil": 76896552,
        "link": "https://www.sec.gov/Archives/edgar/data/783280/000078328098000028/0000783280-98-000028-index.html",
        "finalLink": "https://www.sec.gov/Archives/edgar/data/783280/"
    },
    {
        "date": "1997-12-31",
        "symbol": "DRE",
        "reportedCurrency": "USD",
        "cik": "0000783280",
        "fillingDate": "1998-03-20",
        "acceptedDate": "1998-03-20 00:00:00",
        "calendarYear": "1997",
        "period": "Q4",
        "revenue": 75380000,
        "costOfRevenue": 0,
        "grossProfit": 75380000,
        "grossProfitRatio": 1,
        "researchAndDevelopmentExpenses": 0,
        "generalAndAdministrativeExpenses": -5170000,
        "sellingAndMarketingExpenses": 0,
        "sellingGeneralAndAdministrativeExpenses": -5170000,
        "otherExpenses": 250387000,
        "operatingExpenses": 245217000,
        "costAndExpenses": 245217000,
        "interestIncome": 0,
        "interestExpense": 0,
        "depreciationAndAmortization": 8571000,
        "ebitda": 32655000,
        "ebitdaratio": 0.4332050942,
        "operatingIncome": -169837000,
        "operatingIncomeRatio": -2.2530777395,
        "totalOtherIncomeExpensesNet": 0,
        "incomeBeforeTax": 0,
        "incomeBeforeTaxRatio": 0,
        "incomeTaxExpense": 0,
        "netIncome": 24084000,
        "netIncomeRatio": 0.319501194,
        "eps": 0.31,
        "epsdiluted": 0.31,
        "weightedAverageShsOut": 76896552,
        "weightedAverageShsOutDil": 76896552,
        "link": "https://www.sec.gov/Archives/edgar/data/783280/000078328098000009/0000783280-98-000009-index.html",
        "finalLink": "https://www.sec.gov/Archives/edgar/data/783280/"
    },
    {
        "date": "1997-09-30",
        "symbol": "DRE",
        "reportedCurrency": "USD",
        "cik": "0000783280",
        "fillingDate": "1997-11-14",
        "acceptedDate": "1997-11-14 00:00:00",
        "calendarYear": "1997",
        "period": "Q3",
        "revenue": 64300000,
        "costOfRevenue": 0,
        "grossProfit": 64300000,
        "grossProfitRatio": 1,
        "researchAndDevelopmentExpenses": 0,
        "generalAndAdministrativeExpenses": 4000000,
        "sellingAndMarketingExpenses": 0,
        "sellingGeneralAndAdministrativeExpenses": 4000000,
        "otherExpenses": -31800000,
        "operatingExpenses": -27800000,
        "costAndExpenses": -27800000,
        "interestIncome": 0,
        "interestExpense": 0,
        "depreciationAndAmortization": 11000000,
        "ebitda": 32300000,
        "ebitdaratio": 0.5023328149,
        "operatingIncome": 92100000,
        "operatingIncomeRatio": 1.432348367,
        "totalOtherIncomeExpensesNet": 0,
        "incomeBeforeTax": 0,
        "incomeBeforeTaxRatio": 0,
        "incomeTaxExpense": 0,
        "netIncome": 21300000,
        "netIncomeRatio": 0.3312597201,
        "eps": 0.33,
        "epsdiluted": 0.32,
        "weightedAverageShsOut": 65000000,
        "weightedAverageShsOutDil": 67600000,
        "link": "https://www.sec.gov/Archives/edgar/data/783280/000078328097000089/0000783280-97-000089-index.html",
        "finalLink": "https://www.sec.gov/Archives/edgar/data/783280/"
    },
    {
        "date": "1997-06-30",
        "symbol": "DRE",
        "reportedCurrency": "USD",
        "cik": "0000783280",
        "fillingDate": "1997-08-12",
        "acceptedDate": "1997-08-12 00:00:00",
        "calendarYear": "1997",
        "period": "Q2",
        "revenue": 57000000,
        "costOfRevenue": 0,
        "grossProfit": 57000000,
        "grossProfitRatio": 1,
        "researchAndDevelopmentExpenses": 0,
        "generalAndAdministrativeExpenses": 2500000,
        "sellingAndMarketingExpenses": 0,
        "sellingGeneralAndAdministrativeExpenses": 2500000,
        "otherExpenses": -29300000,
        "operatingExpenses": -26800000,
        "costAndExpenses": -26800000,
        "interestIncome": 0,
        "interestExpense": 0,
        "depreciationAndAmortization": 10400000,
        "ebitda": 26800000,
        "ebitdaratio": 0.4701754386,
        "operatingIncome": 83800000,
        "operatingIncomeRatio": 1.4701754386,
        "totalOtherIncomeExpensesNet": 0,
        "incomeBeforeTax": 0,
        "incomeBeforeTaxRatio": 0,
        "incomeTaxExpense": 0,
        "netIncome": 16400000,
        "netIncomeRatio": 0.2877192982,
        "eps": 0.26,
        "epsdiluted": 0.26,
        "weightedAverageShsOut": 63320000,
        "weightedAverageShsOutDil": 63320000,
        "link": "https://www.sec.gov/Archives/edgar/data/783280/000078328097000066/0000783280-97-000066-index.html",
        "finalLink": "https://www.sec.gov/Archives/edgar/data/783280/"
    },
    {
        "date": "1997-03-31",
        "symbol": "DRE",
        "reportedCurrency": "USD",
        "cik": "0000783280",
        "fillingDate": "1997-05-13",
        "acceptedDate": "1997-05-13 00:00:00",
        "calendarYear": "1997",
        "period": "Q1",
        "revenue": 55400000,
        "costOfRevenue": 0,
        "grossProfit": 55400000,
        "grossProfitRatio": 1,
        "researchAndDevelopmentExpenses": 0,
        "generalAndAdministrativeExpenses": 2300000,
        "sellingAndMarketingExpenses": 0,
        "sellingGeneralAndAdministrativeExpenses": 2300000,
        "otherExpenses": -28300000,
        "operatingExpenses": -26000000,
        "costAndExpenses": -26000000,
        "interestIncome": 0,
        "interestExpense": 0,
        "depreciationAndAmortization": 9800000,
        "ebitda": 26500000,
        "ebitdaratio": 0.4783393502,
        "operatingIncome": 81400000,
        "operatingIncomeRatio": 1.4693140794,
        "totalOtherIncomeExpensesNet": 0,
        "incomeBeforeTax": 0,
        "incomeBeforeTaxRatio": 0,
        "incomeTaxExpense": 0,
        "netIncome": 16700000,
        "netIncomeRatio": 0.3014440433,
        "eps": 0.27,
        "epsdiluted": 0.27,
        "weightedAverageShsOut": 62875692,
        "weightedAverageShsOutDil": 62875692,
        "link": "https://www.sec.gov/Archives/edgar/data/783280/000078328097000050/0000783280-97-000050-index.html",
        "finalLink": "https://www.sec.gov/Archives/edgar/data/783280/"
    },
    {
        "date": "1996-12-31",
        "symbol": "DRE",
        "reportedCurrency": "USD",
        "cik": "0000783280",
        "fillingDate": "1997-03-17",
        "acceptedDate": "1997-03-17 00:00:00",
        "calendarYear": "1996",
        "period": "Q4",
        "revenue": 49589000,
        "costOfRevenue": 0,
        "grossProfit": 49589000,
        "grossProfitRatio": 1,
        "researchAndDevelopmentExpenses": 0,
        "generalAndAdministrativeExpenses": -6481000,
        "sellingAndMarketingExpenses": 0,
        "sellingGeneralAndAdministrativeExpenses": -6481000,
        "otherExpenses": 189095000,
        "operatingExpenses": 182614000,
        "costAndExpenses": 182614000,
        "interestIncome": 0,
        "interestExpense": 0,
        "depreciationAndAmortization": 4368000,
        "ebitda": 20599000,
        "ebitdaratio": 0.4153945431,
        "operatingIncome": -133025000,
        "operatingIncomeRatio": -2.6825505656,
        "totalOtherIncomeExpensesNet": 0,
        "incomeBeforeTax": 0,
        "incomeBeforeTaxRatio": 0,
        "incomeTaxExpense": 0,
        "netIncome": 16231000,
        "netIncomeRatio": 0.3273104922,
        "eps": 0.26,
        "epsdiluted": 0.26,
        "weightedAverageShsOut": 62875692,
        "weightedAverageShsOutDil": 62875692,
        "link": "https://www.sec.gov/Archives/edgar/data/783280/000078328097000039/0000783280-97-000039-index.html",
        "finalLink": "https://www.sec.gov/Archives/edgar/data/783280/"
    },
    {
        "date": "1996-09-30",
        "symbol": "DRE",
        "reportedCurrency": "USD",
        "cik": "0000783280",
        "fillingDate": "1996-11-12",
        "acceptedDate": "1996-11-12 00:00:00",
        "calendarYear": "1996",
        "period": "Q3",
        "revenue": 46700000,
        "costOfRevenue": 0,
        "grossProfit": 46700000,
        "grossProfitRatio": 1,
        "researchAndDevelopmentExpenses": 0,
        "generalAndAdministrativeExpenses": 3300000,
        "sellingAndMarketingExpenses": 0,
        "sellingGeneralAndAdministrativeExpenses": 3300000,
        "otherExpenses": -22400000,
        "operatingExpenses": -19100000,
        "costAndExpenses": -19100000,
        "interestIncome": 0,
        "interestExpense": 0,
        "depreciationAndAmortization": 7100000,
        "ebitda": 22400000,
        "ebitdaratio": 0.4796573876,
        "operatingIncome": 65800000,
        "operatingIncomeRatio": 1.408993576,
        "totalOtherIncomeExpensesNet": 0,
        "incomeBeforeTax": 0,
        "incomeBeforeTaxRatio": 0,
        "incomeTaxExpense": 0,
        "netIncome": 15300000,
        "netIncomeRatio": 0.3276231263,
        "eps": 0.26,
        "epsdiluted": 0.26,
        "weightedAverageShsOut": 58640000,
        "weightedAverageShsOutDil": 58640000,
        "link": "https://www.sec.gov/Archives/edgar/data/783280/000078328096000030/0000783280-96-000030-index.html",
        "finalLink": "https://www.sec.gov/Archives/edgar/data/783280/"
    },
    {
        "date": "1996-06-30",
        "symbol": "DRE",
        "reportedCurrency": "USD",
        "cik": "0000783280",
        "fillingDate": "1996-08-12",
        "acceptedDate": "1996-08-12 00:00:00",
        "calendarYear": "1996",
        "period": "Q2",
        "revenue": 44700000,
        "costOfRevenue": 0,
        "grossProfit": 44700000,
        "grossProfitRatio": 1,
        "researchAndDevelopmentExpenses": 0,
        "generalAndAdministrativeExpenses": 3600000,
        "sellingAndMarketingExpenses": 0,
        "sellingGeneralAndAdministrativeExpenses": 3600000,
        "otherExpenses": -24000000,
        "operatingExpenses": -20400000,
        "costAndExpenses": -20400000,
        "interestIncome": 0,
        "interestExpense": 0,
        "depreciationAndAmortization": 9100000,
        "ebitda": 21400000,
        "ebitdaratio": 0.4787472036,
        "operatingIncome": 65100000,
        "operatingIncomeRatio": 1.4563758389,
        "totalOtherIncomeExpensesNet": 0,
        "incomeBeforeTax": 0,
        "incomeBeforeTaxRatio": 0,
        "incomeTaxExpense": 0,
        "netIncome": 12300000,
        "netIncomeRatio": 0.2751677852,
        "eps": 0.21,
        "epsdiluted": 0.21,
        "weightedAverageShsOut": 58640000,
        "weightedAverageShsOutDil": 58640000,
        "link": "https://www.sec.gov/Archives/edgar/data/783280/000078328096000007/0000783280-96-000007-index.html",
        "finalLink": "https://www.sec.gov/Archives/edgar/data/783280/"
    },
    {
        "date": "1996-03-31",
        "symbol": "DRE",
        "reportedCurrency": "USD",
        "cik": "0000783280",
        "fillingDate": "1996-05-14",
        "acceptedDate": "1996-05-14 00:00:00",
        "calendarYear": "1996",
        "period": "Q1",
        "revenue": 41200000,
        "costOfRevenue": 0,
        "grossProfit": 41200000,
        "grossProfitRatio": 1,
        "researchAndDevelopmentExpenses": 0,
        "generalAndAdministrativeExpenses": 900000,
        "sellingAndMarketingExpenses": 0,
        "sellingGeneralAndAdministrativeExpenses": 900000,
        "otherExpenses": -21500000,
        "operatingExpenses": -20600000,
        "costAndExpenses": -20600000,
        "interestIncome": 0,
        "interestExpense": 0,
        "depreciationAndAmortization": 7000000,
        "ebitda": 18600000,
        "ebitdaratio": 0.4514563107,
        "operatingIncome": 61800000,
        "operatingIncomeRatio": 1.5,
        "totalOtherIncomeExpensesNet": 0,
        "incomeBeforeTax": 0,
        "incomeBeforeTaxRatio": 0,
        "incomeTaxExpense": 0,
        "netIncome": 11600000,
        "netIncomeRatio": 0.2815533981,
        "eps": 0.2,
        "epsdiluted": 0.2,
        "weightedAverageShsOut": 57372000,
        "weightedAverageShsOutDil": 57372000,
        "link": "https://www.sec.gov/Archives/edgar/data/783280/000091205796009492/0000912057-96-009492-index.html",
        "finalLink": "https://www.sec.gov/Archives/edgar/data/783280/"
    },
    {
        "date": "1995-12-31",
        "symbol": "DRE",
        "reportedCurrency": "USD",
        "cik": "0000783280",
        "fillingDate": "1996-02-21",
        "acceptedDate": "1996-02-21 00:00:00",
        "calendarYear": "1995",
        "period": "Q4",
        "revenue": 35518000,
        "costOfRevenue": 0,
        "grossProfit": 35518000,
        "grossProfitRatio": 1,
        "researchAndDevelopmentExpenses": 0,
        "generalAndAdministrativeExpenses": -5531000,
        "sellingAndMarketingExpenses": 0,
        "sellingGeneralAndAdministrativeExpenses": -5531000,
        "otherExpenses": 138872000,
        "operatingExpenses": 133341000,
        "costAndExpenses": 133341000,
        "interestIncome": 0,
        "interestExpense": 0,
        "depreciationAndAmortization": 3016000,
        "ebitda": 13035000,
        "ebitdaratio": 0.3669970156,
        "operatingIncome": -97823000,
        "operatingIncomeRatio": -2.7541809787,
        "totalOtherIncomeExpensesNet": 0,
        "incomeBeforeTax": 0,
        "incomeBeforeTaxRatio": 0,
        "incomeTaxExpense": 0,
        "netIncome": 10019000,
        "netIncomeRatio": 0.2820823245,
        "eps": 0.17,
        "epsdiluted": 0.17,
        "weightedAverageShsOut": 57372000,
        "weightedAverageShsOutDil": 57372000,
        "link": "https://www.sec.gov/Archives/edgar/data/783280/000091205796002826/0000912057-96-002826-index.html",
        "finalLink": "https://www.sec.gov/Archives/edgar/data/783280/"
    },
    {
        "date": "1995-09-30",
        "symbol": "DRE",
        "reportedCurrency": "USD",
        "cik": "0000783280",
        "fillingDate": "1995-11-14",
        "acceptedDate": "1995-11-14 00:00:00",
        "calendarYear": "1995",
        "period": "Q3",
        "revenue": 34500000,
        "costOfRevenue": 0,
        "grossProfit": 34500000,
        "grossProfitRatio": 1,
        "researchAndDevelopmentExpenses": 0,
        "generalAndAdministrativeExpenses": 2800000,
        "sellingAndMarketingExpenses": 0,
        "sellingGeneralAndAdministrativeExpenses": 2800000,
        "otherExpenses": -18200000,
        "operatingExpenses": -15400000,
        "costAndExpenses": -15400000,
        "interestIncome": 0,
        "interestExpense": 0,
        "depreciationAndAmortization": 6300000,
        "ebitda": 15600000,
        "ebitdaratio": 0.452173913,
        "operatingIncome": 49900000,
        "operatingIncomeRatio": 1.4463768116,
        "totalOtherIncomeExpensesNet": 0,
        "incomeBeforeTax": 0,
        "incomeBeforeTaxRatio": 0,
        "incomeTaxExpense": 0,
        "netIncome": 9300000,
        "netIncomeRatio": 0.2695652174,
        "eps": 0.19,
        "epsdiluted": 0.19,
        "weightedAverageShsOut": 48274000,
        "weightedAverageShsOutDil": 48274000,
        "link": "https://www.sec.gov/Archives/edgar/data/783280/000091205795010021/0000912057-95-010021-index.html",
        "finalLink": "https://www.sec.gov/Archives/edgar/data/783280/"
    },
    {
        "date": "1995-06-30",
        "symbol": "DRE",
        "reportedCurrency": "USD",
        "cik": "0000783280",
        "fillingDate": "1995-08-09",
        "acceptedDate": "1995-08-09 00:00:00",
        "calendarYear": "1995",
        "period": "Q2",
        "revenue": 31400000,
        "costOfRevenue": 0,
        "grossProfit": 31400000,
        "grossProfitRatio": 1,
        "researchAndDevelopmentExpenses": 0,
        "generalAndAdministrativeExpenses": 2500000,
        "sellingAndMarketingExpenses": 0,
        "sellingGeneralAndAdministrativeExpenses": 2500000,
        "otherExpenses": -15900000,
        "operatingExpenses": -13400000,
        "costAndExpenses": -13400000,
        "interestIncome": 0,
        "interestExpense": 0,
        "depreciationAndAmortization": 5500000,
        "ebitda": 13800000,
        "ebitdaratio": 0.4394904459,
        "operatingIncome": 44800000,
        "operatingIncomeRatio": 1.4267515924,
        "totalOtherIncomeExpensesNet": 0,
        "incomeBeforeTax": 0,
        "incomeBeforeTaxRatio": 0,
        "incomeTaxExpense": 0,
        "netIncome": 8300000,
        "netIncomeRatio": 0.2643312102,
        "eps": 0.17,
        "epsdiluted": 0.17,
        "weightedAverageShsOut": 48270000,
        "weightedAverageShsOutDil": 48270000,
        "link": "https://www.sec.gov/Archives/edgar/data/783280/000091205795006112/0000912057-95-006112-index.html",
        "finalLink": "https://www.sec.gov/Archives/edgar/data/783280/"
    },
    {
        "date": "1995-03-31",
        "symbol": "DRE",
        "reportedCurrency": "USD",
        "cik": "0000783280",
        "fillingDate": "1995-04-28",
        "acceptedDate": "1995-04-28 00:00:00",
        "calendarYear": "1995",
        "period": "Q1",
        "revenue": 29800000,
        "costOfRevenue": 0,
        "grossProfit": 29800000,
        "grossProfitRatio": 1,
        "researchAndDevelopmentExpenses": 0,
        "generalAndAdministrativeExpenses": 2400000,
        "sellingAndMarketingExpenses": 0,
        "sellingGeneralAndAdministrativeExpenses": 2400000,
        "otherExpenses": -15600000,
        "operatingExpenses": -13200000,
        "costAndExpenses": -13200000,
        "interestIncome": 0,
        "interestExpense": 0,
        "depreciationAndAmortization": 5600000,
        "ebitda": 13000000,
        "ebitdaratio": 0.4362416107,
        "operatingIncome": 43000000,
        "operatingIncomeRatio": 1.4429530201,
        "totalOtherIncomeExpensesNet": 0,
        "incomeBeforeTax": 0,
        "incomeBeforeTaxRatio": 0,
        "incomeTaxExpense": 0,
        "netIncome": 7400000,
        "netIncomeRatio": 0.2483221477,
        "eps": 0.18,
        "epsdiluted": 0.18,
        "weightedAverageShsOut": 40784000,
        "weightedAverageShsOutDil": 40784000,
        "link": "https://www.sec.gov/Archives/edgar/data/783280/000091205795002904/0000912057-95-002904-index.html",
        "finalLink": "https://www.sec.gov/Archives/edgar/data/783280/"
    },
    {
        "date": "1994-12-31",
        "symbol": "DRE",
        "reportedCurrency": "USD",
        "cik": "0000783280",
        "fillingDate": "1995-03-30",
        "acceptedDate": "1995-03-30 00:00:00",
        "calendarYear": "1994",
        "period": "Q4",
        "revenue": 25531000,
        "costOfRevenue": 0,
        "grossProfit": 25531000,
        "grossProfitRatio": 1,
        "researchAndDevelopmentExpenses": 0,
        "generalAndAdministrativeExpenses": -6555000,
        "sellingAndMarketingExpenses": 0,
        "sellingGeneralAndAdministrativeExpenses": -6555000,
        "otherExpenses": 118084000,
        "operatingExpenses": 111529000,
        "costAndExpenses": 111529000,
        "interestIncome": 0,
        "interestExpense": 0,
        "depreciationAndAmortization": 2368000,
        "ebitda": 9484000,
        "ebitdaratio": 0.3714699777,
        "operatingIncome": -85998000,
        "operatingIncomeRatio": -3.3683757001,
        "totalOtherIncomeExpensesNet": 0,
        "incomeBeforeTax": 0,
        "incomeBeforeTaxRatio": 0,
        "incomeTaxExpense": 0,
        "netIncome": 7116000,
        "netIncomeRatio": 0.2787199875,
        "eps": 0.17,
        "epsdiluted": 0.17,
        "weightedAverageShsOut": 40784000,
        "weightedAverageShsOutDil": 40784000,
        "link": "https://www.sec.gov/Archives/edgar/data/783280/000091205795001949/0000912057-95-001949-index.html",
        "finalLink": "https://www.sec.gov/Archives/edgar/data/783280/"
    },
    {
        "date": "1994-09-30",
        "symbol": "DRE",
        "reportedCurrency": "USD",
        "cik": "0000783280",
        "fillingDate": "1994-11-15",
        "acceptedDate": "1994-11-15 00:00:00",
        "calendarYear": "1994",
        "period": "Q3",
        "revenue": 30300000,
        "costOfRevenue": 0,
        "grossProfit": 30300000,
        "grossProfitRatio": 1,
        "researchAndDevelopmentExpenses": 0,
        "generalAndAdministrativeExpenses": 3500000,
        "sellingAndMarketingExpenses": 0,
        "sellingGeneralAndAdministrativeExpenses": 3500000,
        "otherExpenses": -15500000,
        "operatingExpenses": -12000000,
        "costAndExpenses": -12000000,
        "interestIncome": 0,
        "interestExpense": 0,
        "depreciationAndAmortization": 4600000,
        "ebitda": 12300000,
        "ebitdaratio": 0.4059405941,
        "operatingIncome": 42300000,
        "operatingIncomeRatio": 1.396039604,
        "totalOtherIncomeExpensesNet": 0,
        "incomeBeforeTax": 0,
        "incomeBeforeTaxRatio": 0,
        "incomeTaxExpense": 0,
        "netIncome": 7700000,
        "netIncomeRatio": 0.2541254125,
        "eps": 0.2,
        "epsdiluted": 0.2,
        "weightedAverageShsOut": 39092000,
        "weightedAverageShsOutDil": 39092000,
        "link": "https://www.sec.gov/Archives/edgar/data/783280/000091205794003909/0000912057-94-003909-index.html",
        "finalLink": "https://www.sec.gov/Archives/edgar/data/783280/"
    },
    {
        "date": "1994-06-30",
        "symbol": "DRE",
        "reportedCurrency": "USD",
        "cik": "0000783280",
        "fillingDate": "1994-08-09",
        "acceptedDate": "1994-08-09 00:00:00",
        "calendarYear": "1994",
        "period": "Q2",
        "revenue": 26300000,
        "costOfRevenue": 0,
        "grossProfit": 26300000,
        "grossProfitRatio": 1,
        "researchAndDevelopmentExpenses": 0,
        "generalAndAdministrativeExpenses": 2600000,
        "sellingAndMarketingExpenses": 0,
        "sellingGeneralAndAdministrativeExpenses": 2600000,
        "otherExpenses": -14100000,
        "operatingExpenses": -11500000,
        "costAndExpenses": -11500000,
        "interestIncome": 0,
        "interestExpense": 0,
        "depreciationAndAmortization": 4100000,
        "ebitda": 9900000,
        "ebitdaratio": 0.3764258555,
        "operatingIncome": 37800000,
        "operatingIncomeRatio": 1.4372623574,
        "totalOtherIncomeExpensesNet": 0,
        "incomeBeforeTax": 0,
        "incomeBeforeTaxRatio": 0,
        "incomeTaxExpense": 0,
        "netIncome": 5800000,
        "netIncomeRatio": 0.2205323194,
        "eps": 0.18,
        "epsdiluted": 0.18,
        "weightedAverageShsOut": 32092000,
        "weightedAverageShsOutDil": 32092000,
        "link": "https://www.sec.gov/Archives/edgar/data/783280/000095012494001330/0000950124-94-001330-index.html",
        "finalLink": "https://www.sec.gov/Archives/edgar/data/783280/"
    },
    {
        "date": "1994-03-31",
        "symbol": "DRE",
        "reportedCurrency": "USD",
        "cik": "0000783280",
        "fillingDate": "1994-05-12",
        "acceptedDate": "1994-05-12 00:00:00",
        "calendarYear": "1994",
        "period": "Q1",
        "revenue": 25700000,
        "costOfRevenue": 0,
        "grossProfit": 25700000,
        "grossProfitRatio": 1,
        "researchAndDevelopmentExpenses": 0,
        "generalAndAdministrativeExpenses": 3400000,
        "sellingAndMarketingExpenses": 0,
        "sellingGeneralAndAdministrativeExpenses": 3400000,
        "otherExpenses": -13900000,
        "operatingExpenses": -10500000,
        "costAndExpenses": -10500000,
        "interestIncome": 0,
        "interestExpense": 0,
        "depreciationAndAmortization": 4000000,
        "ebitda": 9600000,
        "ebitdaratio": 0.373540856,
        "operatingIncome": 36200000,
        "operatingIncomeRatio": 1.4085603113,
        "totalOtherIncomeExpensesNet": 0,
        "incomeBeforeTax": 0,
        "incomeBeforeTaxRatio": 0,
        "incomeTaxExpense": 0,
        "netIncome": 5600000,
        "netIncomeRatio": 0.2178988327,
        "eps": 0.17,
        "epsdiluted": 0.17,
        "weightedAverageShsOut": 32092000,
        "weightedAverageShsOutDil": 32092000,
        "link": "https://www.sec.gov/Archives/edgar/data/783280/000095012494000980/0000950124-94-000980-index.html",
        "finalLink": "https://www.sec.gov/Archives/edgar/data/783280/"
    },
    {
        "date": "1993-12-31",
        "symbol": "DRE",
        "reportedCurrency": "USD",
        "cik": "0000783280",
        "fillingDate": "1993-12-31",
        "acceptedDate": "1993-12-30 19:00:00",
        "calendarYear": "1993",
        "period": "Q4",
        "revenue": 27000000,
        "costOfRevenue": 0,
        "grossProfit": 27000000,
        "grossProfitRatio": 1,
        "researchAndDevelopmentExpenses": 0,
        "generalAndAdministrativeExpenses": 3000000,
        "sellingAndMarketingExpenses": 0,
        "sellingGeneralAndAdministrativeExpenses": 3000000,
        "otherExpenses": -14200000,
        "operatingExpenses": -11200000,
        "costAndExpenses": -11200000,
        "interestIncome": 0,
        "interestExpense": 0,
        "depreciationAndAmortization": 4000000,
        "ebitda": 10000000,
        "ebitdaratio": 0.3703703704,
        "operatingIncome": 38200000,
        "operatingIncomeRatio": 1.4148148148,
        "totalOtherIncomeExpensesNet": 0,
        "incomeBeforeTax": 0,
        "incomeBeforeTaxRatio": 0,
        "incomeTaxExpense": 0,
        "netIncome": 6000000,
        "netIncomeRatio": 0.2222222222,
        "eps": 0.19,
        "epsdiluted": 0.19,
        "weightedAverageShsOut": 32092000,
        "weightedAverageShsOutDil": 32092000,
        "link": "",
        "finalLink": ""
    },
    {
        "date": "1993-09-30",
        "symbol": "DRE",
        "reportedCurrency": "USD",
        "cik": "0000783280",
        "fillingDate": "1993-09-30",
        "acceptedDate": "1993-09-29 20:00:00",
        "calendarYear": "1993",
        "period": "Q3",
        "revenue": 4300000,
        "costOfRevenue": 0,
        "grossProfit": 4300000,
        "grossProfitRatio": 1,
        "researchAndDevelopmentExpenses": 0,
        "generalAndAdministrativeExpenses": 100000,
        "sellingAndMarketingExpenses": 0,
        "sellingGeneralAndAdministrativeExpenses": 100000,
        "otherExpenses": -2700000,
        "operatingExpenses": -2600000,
        "costAndExpenses": -2600000,
        "interestIncome": 0,
        "interestExpense": 0,
        "depreciationAndAmortization": -7300000,
        "ebitda": -400000,
        "ebitdaratio": -0.0930232558,
        "operatingIncome": 6900000,
        "operatingIncomeRatio": 1.6046511628,
        "totalOtherIncomeExpensesNet": 0,
        "incomeBeforeTax": 0,
        "incomeBeforeTaxRatio": 0,
        "incomeTaxExpense": 7300000,
        "netIncome": -400000,
        "netIncomeRatio": -0.0930232558,
        "eps": -0.01,
        "epsdiluted": -0.01,
        "weightedAverageShsOut": 40000000,
        "weightedAverageShsOutDil": 40000000,
        "link": "",
        "finalLink": ""
    },
    {
        "date": "1993-06-30",
        "symbol": "DRE",
        "reportedCurrency": "USD",
        "cik": "0000783280",
        "fillingDate": "1993-06-30",
        "acceptedDate": "1993-06-29 20:00:00",
        "calendarYear": "1993",
        "period": "Q2",
        "revenue": 19900000,
        "costOfRevenue": 0,
        "grossProfit": 19900000,
        "grossProfitRatio": 1,
        "researchAndDevelopmentExpenses": 0,
        "generalAndAdministrativeExpenses": 0,
        "sellingAndMarketingExpenses": 0,
        "sellingGeneralAndAdministrativeExpenses": 0,
        "otherExpenses": 0,
        "operatingExpenses": 0,
        "costAndExpenses": 0,
        "interestIncome": 0,
        "interestExpense": 0,
        "depreciationAndAmortization": -14300000,
        "ebitda": 5600000,
        "ebitdaratio": 0.2814070352,
        "operatingIncome": 19900000,
        "operatingIncomeRatio": 1,
        "totalOtherIncomeExpensesNet": 0,
        "incomeBeforeTax": 0,
        "incomeBeforeTaxRatio": 0,
        "incomeTaxExpense": 14300000,
        "netIncome": 5600000,
        "netIncomeRatio": 0.2814070352,
        "eps": 0.07,
        "epsdiluted": 0.07,
        "weightedAverageShsOut": 80000000,
        "weightedAverageShsOutDil": 80000000,
        "link": "",
        "finalLink": ""
    },
    {
        "date": "1993-03-31",
        "symbol": "DRE",
        "reportedCurrency": "USD",
        "cik": "0000783280",
        "fillingDate": "1993-03-31",
        "acceptedDate": "1993-03-30 19:00:00",
        "calendarYear": "1993",
        "period": "Q1",
        "revenue": 19900000,
        "costOfRevenue": 0,
        "grossProfit": 19900000,
        "grossProfitRatio": 1,
        "researchAndDevelopmentExpenses": 0,
        "generalAndAdministrativeExpenses": 0,
        "sellingAndMarketingExpenses": 0,
        "sellingGeneralAndAdministrativeExpenses": 0,
        "otherExpenses": 0,
        "operatingExpenses": 0,
        "costAndExpenses": 0,
        "interestIncome": 0,
        "interestExpense": 0,
        "depreciationAndAmortization": -14300000,
        "ebitda": 5600000,
        "ebitdaratio": 0.2814070352,
        "operatingIncome": 19900000,
        "operatingIncomeRatio": 1,
        "totalOtherIncomeExpensesNet": 0,
        "incomeBeforeTax": 0,
        "incomeBeforeTaxRatio": 0,
        "incomeTaxExpense": 14300000,
        "netIncome": 5600000,
        "netIncomeRatio": 0.2814070352,
        "eps": 0.07,
        "epsdiluted": 0.07,
        "weightedAverageShsOut": 80000000,
        "weightedAverageShsOutDil": 80000000,
        "link": "",
        "finalLink": ""
    },
    {
        "date": "1992-12-31",
        "symbol": "DRE",
        "reportedCurrency": "USD",
        "cik": "0000783280",
        "fillingDate": "1992-12-31",
        "acceptedDate": "1992-12-30 19:00:00",
        "calendarYear": "1992",
        "period": "Q4",
        "revenue": 4200000,
        "costOfRevenue": 1500000,
        "grossProfit": 2700000,
        "grossProfitRatio": 0.6428571429,
        "researchAndDevelopmentExpenses": 0,
        "generalAndAdministrativeExpenses": 0,
        "sellingAndMarketingExpenses": 0,
        "sellingGeneralAndAdministrativeExpenses": 3000000,
        "otherExpenses": 0,
        "operatingExpenses": 3000000,
        "costAndExpenses": 4500000,
        "interestIncome": 0,
        "interestExpense": 0,
        "depreciationAndAmortization": 1000000,
        "ebitda": 600000,
        "ebitdaratio": 0.1428571429,
        "operatingIncome": -300000,
        "operatingIncomeRatio": -0.0714285714,
        "totalOtherIncomeExpensesNet": -100000,
        "incomeBeforeTax": -400000,
        "incomeBeforeTaxRatio": -0.0952380952,
        "incomeTaxExpense": 0,
        "netIncome": -400000,
        "netIncomeRatio": -0.0952380952,
        "eps": -0.0976,
        "epsdiluted": -0.0976,
        "weightedAverageShsOut": 4100000,
        "weightedAverageShsOutDil": 4100000,
        "link": "",
        "finalLink": ""
    },
    {
        "date": "1992-09-30",
        "symbol": "DRE",
        "reportedCurrency": "USD",
        "cik": "0000783280",
        "fillingDate": "1992-09-30",
        "acceptedDate": "1992-09-29 20:00:00",
        "calendarYear": "1992",
        "period": "Q3",
        "revenue": 4400000,
        "costOfRevenue": 1300000,
        "grossProfit": 3100000,
        "grossProfitRatio": 0.7045454545,
        "researchAndDevelopmentExpenses": 0,
        "generalAndAdministrativeExpenses": 0,
        "sellingAndMarketingExpenses": 0,
        "sellingGeneralAndAdministrativeExpenses": 3000000,
        "otherExpenses": 0,
        "operatingExpenses": 3000000,
        "costAndExpenses": 4300000,
        "interestIncome": 0,
        "interestExpense": 0,
        "depreciationAndAmortization": 1000000,
        "ebitda": 800000,
        "ebitdaratio": 0.1818181818,
        "operatingIncome": 100000,
        "operatingIncomeRatio": 0.0227272727,
        "totalOtherIncomeExpensesNet": -300000,
        "incomeBeforeTax": -200000,
        "incomeBeforeTaxRatio": -0.0454545455,
        "incomeTaxExpense": 0,
        "netIncome": -200000,
        "netIncomeRatio": -0.0454545455,
        "eps": -0.0488,
        "epsdiluted": -0.0488,
        "weightedAverageShsOut": 4100000,
        "weightedAverageShsOutDil": 4100000,
        "link": "",
        "finalLink": ""
    },
    {
        "date": "1992-06-30",
        "symbol": "DRE",
        "reportedCurrency": "USD",
        "cik": "0000783280",
        "fillingDate": "1992-06-30",
        "acceptedDate": "1992-06-29 20:00:00",
        "calendarYear": "1992",
        "period": "Q2",
        "revenue": 4200000,
        "costOfRevenue": 1500000,
        "grossProfit": 2700000,
        "grossProfitRatio": 0.6428571429,
        "researchAndDevelopmentExpenses": 0,
        "generalAndAdministrativeExpenses": 0,
        "sellingAndMarketingExpenses": 0,
        "sellingGeneralAndAdministrativeExpenses": 3000000,
        "otherExpenses": 0,
        "operatingExpenses": 3000000,
        "costAndExpenses": 4500000,
        "interestIncome": 0,
        "interestExpense": 0,
        "depreciationAndAmortization": 1000000,
        "ebitda": 600000,
        "ebitdaratio": 0.1428571429,
        "operatingIncome": -300000,
        "operatingIncomeRatio": -0.0714285714,
        "totalOtherIncomeExpensesNet": -100000,
        "incomeBeforeTax": -400000,
        "incomeBeforeTaxRatio": -0.0952380952,
        "incomeTaxExpense": 0,
        "netIncome": -400000,
        "netIncomeRatio": -0.0952380952,
        "eps": -0.0976,
        "epsdiluted": -0.0976,
        "weightedAverageShsOut": 4100000,
        "weightedAverageShsOutDil": 4100000,
        "link": "",
        "finalLink": ""
    },
    {
        "date": "1992-03-31",
        "symbol": "DRE",
        "reportedCurrency": "USD",
        "cik": "0000783280",
        "fillingDate": "1992-03-31",
        "acceptedDate": "1992-03-30 19:00:00",
        "calendarYear": "1992",
        "period": "Q1",
        "revenue": 4900000,
        "costOfRevenue": 1400000,
        "grossProfit": 3500000,
        "grossProfitRatio": 0.7142857143,
        "researchAndDevelopmentExpenses": 0,
        "generalAndAdministrativeExpenses": 0,
        "sellingAndMarketingExpenses": 0,
        "sellingGeneralAndAdministrativeExpenses": 3000000,
        "otherExpenses": 0,
        "operatingExpenses": 3000000,
        "costAndExpenses": 4400000,
        "interestIncome": 0,
        "interestExpense": 0,
        "depreciationAndAmortization": 1000000,
        "ebitda": 1300000,
        "ebitdaratio": 0.2653061224,
        "operatingIncome": 500000,
        "operatingIncomeRatio": 0.1020408163,
        "totalOtherIncomeExpensesNet": -200000,
        "incomeBeforeTax": 300000,
        "incomeBeforeTaxRatio": 0.0612244898,
        "incomeTaxExpense": 0,
        "netIncome": 300000,
        "netIncomeRatio": 0.0612244898,
        "eps": 0.0732,
        "epsdiluted": 0.0732,
        "weightedAverageShsOut": 4100000,
        "weightedAverageShsOutDil": 4100000,
        "link": "",
        "finalLink": ""
    },
    {
        "date": "1991-12-31",
        "symbol": "DRE",
        "reportedCurrency": "USD",
        "cik": "0000783280",
        "fillingDate": "1991-12-31",
        "acceptedDate": "1991-12-30 19:00:00",
        "calendarYear": "1991",
        "period": "Q4",
        "revenue": 4400000,
        "costOfRevenue": 1600000,
        "grossProfit": 2800000,
        "grossProfitRatio": 0.6363636364,
        "researchAndDevelopmentExpenses": 0,
        "generalAndAdministrativeExpenses": 0,
        "sellingAndMarketingExpenses": 0,
        "sellingGeneralAndAdministrativeExpenses": 3100000,
        "otherExpenses": 0,
        "operatingExpenses": 3100000,
        "costAndExpenses": 4700000,
        "interestIncome": 0,
        "interestExpense": 0,
        "depreciationAndAmortization": 1000000,
        "ebitda": 700000,
        "ebitdaratio": 0.1590909091,
        "operatingIncome": -300000,
        "operatingIncomeRatio": -0.0681818182,
        "totalOtherIncomeExpensesNet": 0,
        "incomeBeforeTax": -300000,
        "incomeBeforeTaxRatio": -0.0681818182,
        "incomeTaxExpense": 0,
        "netIncome": -300000,
        "netIncomeRatio": -0.0681818182,
        "eps": -0.0732,
        "epsdiluted": -0.0732,
        "weightedAverageShsOut": 4100000,
        "weightedAverageShsOutDil": 4100000,
        "link": "",
        "finalLink": ""
    },
    {
        "date": "1991-09-30",
        "symbol": "DRE",
        "reportedCurrency": "USD",
        "cik": "0000783280",
        "fillingDate": "1991-09-30",
        "acceptedDate": "1991-09-29 20:00:00",
        "calendarYear": "1991",
        "period": "Q3",
        "revenue": 4100000,
        "costOfRevenue": 1400000,
        "grossProfit": 2700000,
        "grossProfitRatio": 0.6585365854,
        "researchAndDevelopmentExpenses": 0,
        "generalAndAdministrativeExpenses": 0,
        "sellingAndMarketingExpenses": 0,
        "sellingGeneralAndAdministrativeExpenses": 3000000,
        "otherExpenses": 0,
        "operatingExpenses": 3000000,
        "costAndExpenses": 4400000,
        "interestIncome": 0,
        "interestExpense": 0,
        "depreciationAndAmortization": 1000000,
        "ebitda": 600000,
        "ebitdaratio": 0.1463414634,
        "operatingIncome": -200000,
        "operatingIncomeRatio": -0.0487804878,
        "totalOtherIncomeExpensesNet": -200000,
        "incomeBeforeTax": -400000,
        "incomeBeforeTaxRatio": -0.0975609756,
        "incomeTaxExpense": 0,
        "netIncome": -400000,
        "netIncomeRatio": -0.0975609756,
        "eps": -0.0976,
        "epsdiluted": -0.0976,
        "weightedAverageShsOut": 4100000,
        "weightedAverageShsOutDil": 4100000,
        "link": "",
        "finalLink": ""
    },
    {
        "date": "1991-06-30",
        "symbol": "DRE",
        "reportedCurrency": "USD",
        "cik": "0000783280",
        "fillingDate": "1991-06-30",
        "acceptedDate": "1991-06-29 20:00:00",
        "calendarYear": "1991",
        "period": "Q2",
        "revenue": 4100000,
        "costOfRevenue": 1400000,
        "grossProfit": 2700000,
        "grossProfitRatio": 0.6585365854,
        "researchAndDevelopmentExpenses": 0,
        "generalAndAdministrativeExpenses": 0,
        "sellingAndMarketingExpenses": 0,
        "sellingGeneralAndAdministrativeExpenses": 2900000,
        "otherExpenses": 0,
        "operatingExpenses": 2900000,
        "costAndExpenses": 4300000,
        "interestIncome": 0,
        "interestExpense": 0,
        "depreciationAndAmortization": 900000,
        "ebitda": 500000,
        "ebitdaratio": 0.1219512195,
        "operatingIncome": -300000,
        "operatingIncomeRatio": -0.0731707317,
        "totalOtherIncomeExpensesNet": -100000,
        "incomeBeforeTax": -400000,
        "incomeBeforeTaxRatio": -0.0975609756,
        "incomeTaxExpense": 0,
        "netIncome": -400000,
        "netIncomeRatio": -0.0975609756,
        "eps": -0.0976,
        "epsdiluted": -0.0976,
        "weightedAverageShsOut": 4100000,
        "weightedAverageShsOutDil": 4100000,
        "link": "",
        "finalLink": ""
    },
    {
        "date": "1991-03-31",
        "symbol": "DRE",
        "reportedCurrency": "USD",
        "cik": "0000783280",
        "fillingDate": "1991-03-31",
        "acceptedDate": "1991-03-30 19:00:00",
        "calendarYear": "1991",
        "period": "Q1",
        "revenue": 3900000,
        "costOfRevenue": 1400000,
        "grossProfit": 2500000,
        "grossProfitRatio": 0.641025641,
        "researchAndDevelopmentExpenses": 0,
        "generalAndAdministrativeExpenses": 0,
        "sellingAndMarketingExpenses": 0,
        "sellingGeneralAndAdministrativeExpenses": 2900000,
        "otherExpenses": 0,
        "operatingExpenses": 2900000,
        "costAndExpenses": 4300000,
        "interestIncome": 0,
        "interestExpense": 0,
        "depreciationAndAmortization": 900000,
        "ebitda": 400000,
        "ebitdaratio": 0.1025641026,
        "operatingIncome": -400000,
        "operatingIncomeRatio": -0.1025641026,
        "totalOtherIncomeExpensesNet": -100000,
        "incomeBeforeTax": -500000,
        "incomeBeforeTaxRatio": -0.1282051282,
        "incomeTaxExpense": 0,
        "netIncome": -500000,
        "netIncomeRatio": -0.1282051282,
        "eps": -0.12,
        "epsdiluted": -0.12,
        "weightedAverageShsOut": 4100000,
        "weightedAverageShsOutDil": 4100000,
        "link": "",
        "finalLink": ""
    },
    {
        "date": "1990-12-31",
        "symbol": "DRE",
        "reportedCurrency": "USD",
        "cik": "0000783280",
        "fillingDate": "1990-12-31",
        "acceptedDate": "1990-12-30 19:00:00",
        "calendarYear": "1990",
        "period": "Q4",
        "revenue": 3400000,
        "costOfRevenue": 1600000,
        "grossProfit": 1800000,
        "grossProfitRatio": 0.5294117647,
        "researchAndDevelopmentExpenses": 0,
        "generalAndAdministrativeExpenses": 0,
        "sellingAndMarketingExpenses": 0,
        "sellingGeneralAndAdministrativeExpenses": 2800000,
        "otherExpenses": 0,
        "operatingExpenses": 2800000,
        "costAndExpenses": 4400000,
        "interestIncome": 0,
        "interestExpense": 0,
        "depreciationAndAmortization": 900000,
        "ebitda": -100000.00000000012,
        "ebitdaratio": -0.0294117647,
        "operatingIncome": -1000000,
        "operatingIncomeRatio": -0.2941176471,
        "totalOtherIncomeExpensesNet": 0,
        "incomeBeforeTax": -1000000,
        "incomeBeforeTaxRatio": -0.2941176471,
        "incomeTaxExpense": 0,
        "netIncome": -1000000,
        "netIncomeRatio": -0.2941176471,
        "eps": -0.24,
        "epsdiluted": -0.24,
        "weightedAverageShsOut": 4100000,
        "weightedAverageShsOutDil": 4100000,
        "link": "",
        "finalLink": ""
    },
    {
        "date": "1990-09-30",
        "symbol": "DRE",
        "reportedCurrency": "USD",
        "cik": "0000783280",
        "fillingDate": "1990-09-30",
        "acceptedDate": "1990-09-29 20:00:00",
        "calendarYear": "1990",
        "period": "Q3",
        "revenue": 3700000,
        "costOfRevenue": 1200000,
        "grossProfit": 2500000,
        "grossProfitRatio": 0.6756756757,
        "researchAndDevelopmentExpenses": 0,
        "generalAndAdministrativeExpenses": 0,
        "sellingAndMarketingExpenses": 0,
        "sellingGeneralAndAdministrativeExpenses": 2800000,
        "otherExpenses": 0,
        "operatingExpenses": 2800000,
        "costAndExpenses": 4000000,
        "interestIncome": 0,
        "interestExpense": 0,
        "depreciationAndAmortization": 900000,
        "ebitda": 1500000,
        "ebitdaratio": 0.4054054054,
        "operatingIncome": -300000,
        "operatingIncomeRatio": -0.0810810811,
        "totalOtherIncomeExpensesNet": 900000,
        "incomeBeforeTax": 600000,
        "incomeBeforeTaxRatio": 0.1621621622,
        "incomeTaxExpense": 0,
        "netIncome": 600000,
        "netIncomeRatio": 0.1621621622,
        "eps": 0.15,
        "epsdiluted": 0.15,
        "weightedAverageShsOut": 4100000,
        "weightedAverageShsOutDil": 4100000,
        "link": "",
        "finalLink": ""
    },
    {
        "date": "1990-06-30",
        "symbol": "DRE",
        "reportedCurrency": "USD",
        "cik": "0000783280",
        "fillingDate": "1990-06-30",
        "acceptedDate": "1990-06-29 20:00:00",
        "calendarYear": "1990",
        "period": "Q2",
        "revenue": 4200000,
        "costOfRevenue": 1300000,
        "grossProfit": 2900000,
        "grossProfitRatio": 0.6904761905,
        "researchAndDevelopmentExpenses": 0,
        "generalAndAdministrativeExpenses": 0,
        "sellingAndMarketingExpenses": 0,
        "sellingGeneralAndAdministrativeExpenses": 2800000,
        "otherExpenses": 0,
        "operatingExpenses": 2800000,
        "costAndExpenses": 4100000,
        "interestIncome": 0,
        "interestExpense": 0,
        "depreciationAndAmortization": 800000,
        "ebitda": 900000,
        "ebitdaratio": 0.2142857143,
        "operatingIncome": 100000,
        "operatingIncomeRatio": 0.0238095238,
        "totalOtherIncomeExpensesNet": -100000,
        "incomeBeforeTax": 0,
        "incomeBeforeTaxRatio": 0,
        "incomeTaxExpense": 0,
        "netIncome": 0,
        "netIncomeRatio": 0,
        "eps": 0,
        "epsdiluted": 0,
        "weightedAverageShsOut": 4100000,
        "weightedAverageShsOutDil": 4100000,
        "link": "",
        "finalLink": ""
    },
    {
        "date": "1990-03-31",
        "symbol": "DRE",
        "reportedCurrency": "USD",
        "cik": "0000783280",
        "fillingDate": "1990-03-31",
        "acceptedDate": "1990-03-30 19:00:00",
        "calendarYear": "1990",
        "period": "Q1",
        "revenue": 4100000,
        "costOfRevenue": 1300000,
        "grossProfit": 2800000,
        "grossProfitRatio": 0.6829268293,
        "researchAndDevelopmentExpenses": 0,
        "generalAndAdministrativeExpenses": 0,
        "sellingAndMarketingExpenses": 0,
        "sellingGeneralAndAdministrativeExpenses": 2800000,
        "otherExpenses": 0,
        "operatingExpenses": 2800000,
        "costAndExpenses": 4100000,
        "interestIncome": 0,
        "interestExpense": 0,
        "depreciationAndAmortization": 900000,
        "ebitda": 800000,
        "ebitdaratio": 0.1951219512,
        "operatingIncome": -100000,
        "operatingIncomeRatio": -0.0243902439,
        "totalOtherIncomeExpensesNet": 0,
        "incomeBeforeTax": -100000,
        "incomeBeforeTaxRatio": -0.0243902439,
        "incomeTaxExpense": 0,
        "netIncome": -100000,
        "netIncomeRatio": -0.0243902439,
        "eps": -0.0244,
        "epsdiluted": -0.0244,
        "weightedAverageShsOut": 4100000,
        "weightedAverageShsOutDil": 4100000,
        "link": "",
        "finalLink": ""
    },
    {
        "date": "1989-12-31",
        "symbol": "DRE",
        "reportedCurrency": "USD",
        "cik": "0000783280",
        "fillingDate": "1989-12-31",
        "acceptedDate": "1989-12-30 19:00:00",
        "calendarYear": "1989",
        "period": "Q4",
        "revenue": 4100000,
        "costOfRevenue": 1100000,
        "grossProfit": 3000000,
        "grossProfitRatio": 0.7317073171,
        "researchAndDevelopmentExpenses": 0,
        "generalAndAdministrativeExpenses": 0,
        "sellingAndMarketingExpenses": 0,
        "sellingGeneralAndAdministrativeExpenses": 2700000,
        "otherExpenses": 0,
        "operatingExpenses": 2700000,
        "costAndExpenses": 3800000,
        "interestIncome": 0,
        "interestExpense": 0,
        "depreciationAndAmortization": 800000,
        "ebitda": 1000000,
        "ebitdaratio": 0.243902439,
        "operatingIncome": 300000,
        "operatingIncomeRatio": 0.0731707317,
        "totalOtherIncomeExpensesNet": -100000,
        "incomeBeforeTax": 200000,
        "incomeBeforeTaxRatio": 0.0487804878,
        "incomeTaxExpense": 0,
        "netIncome": 200000,
        "netIncomeRatio": 0.0487804878,
        "eps": 0.0488,
        "epsdiluted": 0.0488,
        "weightedAverageShsOut": 4100000,
        "weightedAverageShsOutDil": 4100000,
        "link": "",
        "finalLink": ""
    },
    {
        "date": "1989-09-30",
        "symbol": "DRE",
        "reportedCurrency": "USD",
        "cik": "0000783280",
        "fillingDate": "1989-09-30",
        "acceptedDate": "1989-09-29 20:00:00",
        "calendarYear": "1989",
        "period": "Q3",
        "revenue": 4300000,
        "costOfRevenue": 1300000,
        "grossProfit": 3000000,
        "grossProfitRatio": 0.6976744186,
        "researchAndDevelopmentExpenses": 0,
        "generalAndAdministrativeExpenses": 0,
        "sellingAndMarketingExpenses": 0,
        "sellingGeneralAndAdministrativeExpenses": 2800000,
        "otherExpenses": 0,
        "operatingExpenses": 2800000,
        "costAndExpenses": 4100000,
        "interestIncome": 0,
        "interestExpense": 0,
        "depreciationAndAmortization": 800000,
        "ebitda": 1100000,
        "ebitdaratio": 0.2558139535,
        "operatingIncome": 200000,
        "operatingIncomeRatio": 0.0465116279,
        "totalOtherIncomeExpensesNet": 100000,
        "incomeBeforeTax": 300000,
        "incomeBeforeTaxRatio": 0.0697674419,
        "incomeTaxExpense": 0,
        "netIncome": 300000,
        "netIncomeRatio": 0.0697674419,
        "eps": 0.0732,
        "epsdiluted": 0.0732,
        "weightedAverageShsOut": 4100000,
        "weightedAverageShsOutDil": 4100000,
        "link": "",
        "finalLink": ""
    },
    {
        "date": "1989-06-30",
        "symbol": "DRE",
        "reportedCurrency": "USD",
        "cik": "0000783280",
        "fillingDate": "1989-06-30",
        "acceptedDate": "1989-06-29 20:00:00",
        "calendarYear": "1989",
        "period": "Q2",
        "revenue": 3800000,
        "costOfRevenue": 1200000,
        "grossProfit": 2600000,
        "grossProfitRatio": 0.6842105263,
        "researchAndDevelopmentExpenses": 0,
        "generalAndAdministrativeExpenses": 0,
        "sellingAndMarketingExpenses": 0,
        "sellingGeneralAndAdministrativeExpenses": 2800000,
        "otherExpenses": 0,
        "operatingExpenses": 2800000,
        "costAndExpenses": 4000000,
        "interestIncome": 0,
        "interestExpense": 0,
        "depreciationAndAmortization": 1600000,
        "ebitda": 1300000,
        "ebitdaratio": 0.3421052632,
        "operatingIncome": -200000,
        "operatingIncomeRatio": -0.0526315789,
        "totalOtherIncomeExpensesNet": -100000,
        "incomeBeforeTax": -300000,
        "incomeBeforeTaxRatio": -0.0789473684,
        "incomeTaxExpense": 0,
        "netIncome": -300000,
        "netIncomeRatio": -0.0789473684,
        "eps": -0.0732,
        "epsdiluted": -0.0732,
        "weightedAverageShsOut": 4100000,
        "weightedAverageShsOutDil": 4100000,
        "link": "",
        "finalLink": ""
    }
]