[
    {
        "date": "2015-06-30",
        "symbol": "DTV",
        "reportedCurrency": "USD",
        "cik": "0001465112",
        "fillingDate": "2015-08-07",
        "acceptedDate": "2015-08-07 16:35:35",
        "calendarYear": "2015",
        "period": "Q2",
        "revenue": 8441000000,
        "costOfRevenue": 0,
        "grossProfit": 8441000000,
        "grossProfitRatio": 1,
        "researchAndDevelopmentExpenses": 0,
        "generalAndAdministrativeExpenses": 601000000,
        "sellingAndMarketingExpenses": 948000000,
        "sellingGeneralAndAdministrativeExpenses": 1549000000,
        "otherExpenses": 0,
        "operatingExpenses": 1549000000,
        "costAndExpenses": 8112000000,
        "interestIncome": 0,
        "interestExpense": 234000000,
        "depreciationAndAmortization": 721000000,
        "ebitda": 2207000000,
        "ebitdaratio": 0.2614619121,
        "operatingIncome": 329000000,
        "operatingIncomeRatio": 0.0389764246,
        "totalOtherIncomeExpensesNet": -185000000,
        "incomeBeforeTax": 144000000,
        "incomeBeforeTaxRatio": 0.0170595901,
        "incomeTaxExpense": 502000000,
        "netIncome": 750000000,
        "netIncomeRatio": 0.0888520317,
        "eps": 1.49,
        "epsdiluted": 1.48,
        "weightedAverageShsOut": 504000000,
        "weightedAverageShsOutDil": 508000000,
        "link": "https://www.sec.gov/Archives/edgar/data/1465112/000104746915006714/0001047469-15-006714-index.html",
        "finalLink": "https://www.sec.gov/Archives/edgar/data/1465112/000104746915006714/a2225634z10-q.htm"
    },
    {
        "date": "2015-03-31",
        "symbol": "DTV",
        "reportedCurrency": "USD",
        "cik": "0001465112",
        "fillingDate": "2015-05-08",
        "acceptedDate": "2015-05-08 16:40:11",
        "calendarYear": "2015",
        "period": "Q1",
        "revenue": 8143000000,
        "costOfRevenue": 0,
        "grossProfit": 8143000000,
        "grossProfitRatio": 1,
        "researchAndDevelopmentExpenses": 0,
        "generalAndAdministrativeExpenses": 514000000,
        "sellingAndMarketingExpenses": 943000000,
        "sellingGeneralAndAdministrativeExpenses": 1457000000,
        "otherExpenses": 0,
        "operatingExpenses": 1457000000,
        "costAndExpenses": 6756000000,
        "interestIncome": 0,
        "interestExpense": 245000000,
        "depreciationAndAmortization": 730000000,
        "ebitda": 2146000000,
        "ebitdaratio": 0.2635392362,
        "operatingIncome": 1387000000,
        "operatingIncomeRatio": 0.1703303451,
        "totalOtherIncomeExpensesNet": -216000000,
        "incomeBeforeTax": 1171000000,
        "incomeBeforeTaxRatio": 0.1438044947,
        "incomeTaxExpense": 441000000,
        "netIncome": 730000000,
        "netIncomeRatio": 0.08964755,
        "eps": 1.45,
        "epsdiluted": 1.44,
        "weightedAverageShsOut": 503000000,
        "weightedAverageShsOutDil": 507000000,
        "link": "https://www.sec.gov/Archives/edgar/data/1465112/000104746915004592/0001047469-15-004592-index.html",
        "finalLink": "https://www.sec.gov/Archives/edgar/data/1465112/000104746915004592/a2224620z10-q.htm"
    },
    {
        "date": "2014-12-31",
        "symbol": "DTV",
        "reportedCurrency": "USD",
        "cik": "0001465112",
        "fillingDate": "2015-02-25",
        "acceptedDate": "2015-02-25 14:56:51",
        "calendarYear": "2014",
        "period": "Q4",
        "revenue": 8922000000,
        "costOfRevenue": 0,
        "grossProfit": 8922000000,
        "grossProfitRatio": 1,
        "researchAndDevelopmentExpenses": 0,
        "generalAndAdministrativeExpenses": 571000000,
        "sellingAndMarketingExpenses": 926000000,
        "sellingGeneralAndAdministrativeExpenses": 1497000000,
        "otherExpenses": 0,
        "operatingExpenses": 1497000000,
        "costAndExpenses": 7667000000,
        "interestIncome": 0,
        "interestExpense": 221000000,
        "depreciationAndAmortization": 745000000,
        "ebitda": 2079000000,
        "ebitdaratio": 0.2330195024,
        "operatingIncome": 1255000000,
        "operatingIncomeRatio": 0.1406635284,
        "totalOtherIncomeExpensesNet": -139000000,
        "incomeBeforeTax": 1116000000,
        "incomeBeforeTaxRatio": 0.1250840619,
        "incomeTaxExpense": 335000000,
        "netIncome": 778000000,
        "netIncomeRatio": 0.0872001793,
        "eps": 1.54,
        "epsdiluted": 1.53,
        "weightedAverageShsOut": 505000000,
        "weightedAverageShsOutDil": 510000000,
        "link": "https://www.sec.gov/Archives/edgar/data/1465112/000104746915001196/0001047469-15-001196-index.htm",
        "finalLink": "https://www.sec.gov/Archives/edgar/data/1465112/000104746915001196/a2223104z10-k.htm"
    },
    {
        "date": "2014-09-30",
        "symbol": "DTV",
        "reportedCurrency": "USD",
        "cik": "0001465112",
        "fillingDate": "2014-11-07",
        "acceptedDate": "2014-11-07 15:54:36",
        "calendarYear": "2014",
        "period": "Q3",
        "revenue": 8374000000,
        "costOfRevenue": 0,
        "grossProfit": 8374000000,
        "grossProfitRatio": 1,
        "researchAndDevelopmentExpenses": 0,
        "generalAndAdministrativeExpenses": 571000000,
        "sellingAndMarketingExpenses": 931000000,
        "sellingGeneralAndAdministrativeExpenses": 1502000000,
        "otherExpenses": 0,
        "operatingExpenses": 1502000000,
        "costAndExpenses": 7152000000,
        "interestIncome": 0,
        "interestExpense": 215000000,
        "depreciationAndAmortization": 755000000,
        "ebitda": 1992000000,
        "ebitdaratio": 0.2378791497,
        "operatingIncome": 1222000000,
        "operatingIncomeRatio": 0.145927872,
        "totalOtherIncomeExpensesNet": -196000000,
        "incomeBeforeTax": 1026000000,
        "incomeBeforeTaxRatio": 0.1225220922,
        "incomeTaxExpense": 411000000,
        "netIncome": 611000000,
        "netIncomeRatio": 0.072963936,
        "eps": 1.21,
        "epsdiluted": 1.2,
        "weightedAverageShsOut": 505000000,
        "weightedAverageShsOutDil": 510000000,
        "link": "https://www.sec.gov/Archives/edgar/data/1465112/000104746914008978/0001047469-14-008978-index.html",
        "finalLink": "https://www.sec.gov/Archives/edgar/data/1465112/000104746914008978/a2222000z10-q.htm"
    },
    {
        "date": "2014-06-30",
        "symbol": "DTV",
        "reportedCurrency": "USD",
        "cik": "0001465112",
        "fillingDate": "2014-08-01",
        "acceptedDate": "2014-08-01 16:41:49",
        "calendarYear": "2014",
        "period": "Q2",
        "revenue": 8109000000,
        "costOfRevenue": 0,
        "grossProfit": 8109000000,
        "grossProfitRatio": 1,
        "researchAndDevelopmentExpenses": 0,
        "generalAndAdministrativeExpenses": 517000000,
        "sellingAndMarketingExpenses": 911000000,
        "sellingGeneralAndAdministrativeExpenses": 1428000000,
        "otherExpenses": 0,
        "operatingExpenses": 1428000000,
        "costAndExpenses": 6685000000,
        "interestIncome": 0,
        "interestExpense": 230000000,
        "depreciationAndAmortization": 729000000,
        "ebitda": 2196000000,
        "ebitdaratio": 0.2708102109,
        "operatingIncome": 1424000000,
        "operatingIncomeRatio": 0.1756073499,
        "totalOtherIncomeExpensesNet": -183000000,
        "incomeBeforeTax": 1241000000,
        "incomeBeforeTaxRatio": 0.1530398323,
        "incomeTaxExpense": 431000000,
        "netIncome": 806000000,
        "netIncomeRatio": 0.0993957331,
        "eps": 1.59,
        "epsdiluted": 1.57,
        "weightedAverageShsOut": 507000000,
        "weightedAverageShsOutDil": 512000000,
        "link": "https://www.sec.gov/Archives/edgar/data/1465112/000104746914006602/0001047469-14-006602-index.html",
        "finalLink": "https://www.sec.gov/Archives/edgar/data/1465112/000104746914006602/a2220944z10-q.htm"
    },
    {
        "date": "2014-03-31",
        "symbol": "DTV",
        "reportedCurrency": "USD",
        "cik": "0001465112",
        "fillingDate": "2014-05-12",
        "acceptedDate": "2014-05-12 16:38:57",
        "calendarYear": "2014",
        "period": "Q1",
        "revenue": 7855000000,
        "costOfRevenue": 0,
        "grossProfit": 7855000000,
        "grossProfitRatio": 1,
        "researchAndDevelopmentExpenses": 0,
        "generalAndAdministrativeExpenses": 454000000,
        "sellingAndMarketingExpenses": 880000000,
        "sellingGeneralAndAdministrativeExpenses": 1334000000,
        "otherExpenses": 0,
        "operatingExpenses": 1334000000,
        "costAndExpenses": 6628000000,
        "interestIncome": 0,
        "interestExpense": 232000000,
        "depreciationAndAmortization": 714000000,
        "ebitda": 2003000000,
        "ebitdaratio": 0.2549968173,
        "operatingIncome": 1227000000,
        "operatingIncomeRatio": 0.1562062381,
        "totalOtherIncomeExpensesNet": -162000000,
        "incomeBeforeTax": 1065000000,
        "incomeBeforeTaxRatio": 0.1355824316,
        "incomeTaxExpense": 496000000,
        "netIncome": 561000000,
        "netIncomeRatio": 0.071419478,
        "eps": 1.1,
        "epsdiluted": 1.09,
        "weightedAverageShsOut": 511000000,
        "weightedAverageShsOutDil": 515000000,
        "link": "https://www.sec.gov/Archives/edgar/data/1465112/000104746914004856/0001047469-14-004856-index.html",
        "finalLink": "https://www.sec.gov/Archives/edgar/data/1465112/000104746914004856/a2220046z10-q.htm"
    },
    {
        "date": "2013-12-31",
        "symbol": "DTV",
        "reportedCurrency": "USD",
        "cik": "0001465112",
        "fillingDate": "2014-02-24",
        "acceptedDate": "2014-02-21 19:36:55",
        "calendarYear": "2013",
        "period": "Q4",
        "revenue": 8594000000,
        "costOfRevenue": 0,
        "grossProfit": 8594000000,
        "grossProfitRatio": 1,
        "researchAndDevelopmentExpenses": 0,
        "generalAndAdministrativeExpenses": 550000000,
        "sellingAndMarketingExpenses": 894000000,
        "sellingGeneralAndAdministrativeExpenses": 1444000000,
        "otherExpenses": 0,
        "operatingExpenses": 1444000000,
        "costAndExpenses": 7261000000,
        "interestIncome": 0,
        "interestExpense": 222000000,
        "depreciationAndAmortization": 711000000,
        "ebitda": 2154000000,
        "ebitdaratio": 0.2506399814,
        "operatingIncome": 1333000000,
        "operatingIncomeRatio": 0.155108215,
        "totalOtherIncomeExpensesNet": -106000000,
        "incomeBeforeTax": 1227000000,
        "incomeBeforeTaxRatio": 0.1427740284,
        "incomeTaxExpense": 411000000,
        "netIncome": 810000000,
        "netIncomeRatio": 0.0942518036,
        "eps": 1.48,
        "epsdiluted": 1.46,
        "weightedAverageShsOut": 548000000,
        "weightedAverageShsOutDil": 553000000,
        "link": "https://www.sec.gov/Archives/edgar/data/1465112/000104746914001182/0001047469-14-001182-index.htm",
        "finalLink": "https://www.sec.gov/Archives/edgar/data/1465112/000104746914001182/a2218415z10-k.htm"
    },
    {
        "date": "2013-09-30",
        "symbol": "DTV",
        "reportedCurrency": "USD",
        "cik": "0001465112",
        "fillingDate": "2013-11-06",
        "acceptedDate": "2013-11-06 13:27:53",
        "calendarYear": "2013",
        "period": "Q3",
        "revenue": 7880000000,
        "costOfRevenue": 0,
        "grossProfit": 7880000000,
        "grossProfitRatio": 1,
        "researchAndDevelopmentExpenses": 0,
        "generalAndAdministrativeExpenses": 473000000,
        "sellingAndMarketingExpenses": 863000000,
        "sellingGeneralAndAdministrativeExpenses": 1336000000,
        "otherExpenses": 0,
        "operatingExpenses": 1336000000,
        "costAndExpenses": 6655000000,
        "interestIncome": 0,
        "interestExpense": 182000000,
        "depreciationAndAmortization": 708000000,
        "ebitda": 1980000000,
        "ebitdaratio": 0.2512690355,
        "operatingIncome": 1225000000,
        "operatingIncomeRatio": 0.1554568528,
        "totalOtherIncomeExpensesNet": -124000000,
        "incomeBeforeTax": 1101000000,
        "incomeBeforeTaxRatio": 0.1397208122,
        "incomeTaxExpense": 391000000,
        "netIncome": 699000000,
        "netIncomeRatio": 0.0887055838,
        "eps": 1.25,
        "epsdiluted": 1.24,
        "weightedAverageShsOut": 557000000,
        "weightedAverageShsOutDil": 562000000,
        "link": "https://www.sec.gov/Archives/edgar/data/1465112/000104746913010310/0001047469-13-010310-index.html",
        "finalLink": "https://www.sec.gov/Archives/edgar/data/1465112/000104746913010310/a2217230z10-q.htm"
    },
    {
        "date": "2013-06-30",
        "symbol": "DTV",
        "reportedCurrency": "USD",
        "cik": "0001465112",
        "fillingDate": "2013-08-02",
        "acceptedDate": "2013-08-01 19:22:11",
        "calendarYear": "2013",
        "period": "Q2",
        "revenue": 7700000000,
        "costOfRevenue": 0,
        "grossProfit": 7700000000,
        "grossProfitRatio": 1,
        "researchAndDevelopmentExpenses": 0,
        "generalAndAdministrativeExpenses": 510000000,
        "sellingAndMarketingExpenses": 870000000,
        "sellingGeneralAndAdministrativeExpenses": 1380000000,
        "otherExpenses": 0,
        "operatingExpenses": 1380000000,
        "costAndExpenses": 6350000000,
        "interestIncome": 0,
        "interestExpense": 219000000,
        "depreciationAndAmortization": 731000000,
        "ebitda": 2024000000,
        "ebitdaratio": 0.2628571429,
        "operatingIncome": 1350000000,
        "operatingIncomeRatio": 0.1753246753,
        "totalOtherIncomeExpensesNet": -275000000,
        "incomeBeforeTax": 1075000000,
        "incomeBeforeTaxRatio": 0.1396103896,
        "incomeTaxExpense": 414000000,
        "netIncome": 660000000,
        "netIncomeRatio": 0.0857142857,
        "eps": 1.17,
        "epsdiluted": 1.16,
        "weightedAverageShsOut": 565000000,
        "weightedAverageShsOutDil": 569000000,
        "link": "https://www.sec.gov/Archives/edgar/data/1465112/000104746913008001/0001047469-13-008001-index.html",
        "finalLink": "https://www.sec.gov/Archives/edgar/data/1465112/000104746913008001/a2216137z10-q.htm"
    },
    {
        "date": "2013-03-31",
        "symbol": "DTV",
        "reportedCurrency": "USD",
        "cik": "0001465112",
        "fillingDate": "2013-05-08",
        "acceptedDate": "2013-05-08 17:06:41",
        "calendarYear": "2013",
        "period": "Q1",
        "revenue": 7580000000,
        "costOfRevenue": 0,
        "grossProfit": 7580000000,
        "grossProfitRatio": 1,
        "researchAndDevelopmentExpenses": 0,
        "generalAndAdministrativeExpenses": 469000000,
        "sellingAndMarketingExpenses": 864000000,
        "sellingGeneralAndAdministrativeExpenses": 1333000000,
        "otherExpenses": 0,
        "operatingExpenses": 1333000000,
        "costAndExpenses": 6338000000,
        "interestIncome": 0,
        "interestExpense": 217000000,
        "depreciationAndAmortization": 678000000,
        "ebitda": 1972000000,
        "ebitdaratio": 0.2601583113,
        "operatingIncome": 1242000000,
        "operatingIncomeRatio": 0.1638522427,
        "totalOtherIncomeExpensesNet": -157000000,
        "incomeBeforeTax": 1085000000,
        "incomeBeforeTaxRatio": 0.1431398417,
        "incomeTaxExpense": 387000000,
        "netIncome": 690000000,
        "netIncomeRatio": 0.0910290237,
        "eps": 1.21,
        "epsdiluted": 1.2,
        "weightedAverageShsOut": 572000000,
        "weightedAverageShsOutDil": 577000000,
        "link": "https://www.sec.gov/Archives/edgar/data/1465112/000104746913005747/0001047469-13-005747-index.html",
        "finalLink": "https://www.sec.gov/Archives/edgar/data/1465112/000104746913005747/a2214975z10-q.htm"
    },
    {
        "date": "2012-12-31",
        "symbol": "DTV",
        "reportedCurrency": "USD",
        "cik": "0001465112",
        "fillingDate": "2013-02-21",
        "acceptedDate": "2013-02-21 15:02:10",
        "calendarYear": "2012",
        "period": "Q4",
        "revenue": 8054000000,
        "costOfRevenue": 0,
        "grossProfit": 8054000000,
        "grossProfitRatio": 1,
        "researchAndDevelopmentExpenses": 0,
        "generalAndAdministrativeExpenses": 483000000,
        "sellingAndMarketingExpenses": 869000000,
        "sellingGeneralAndAdministrativeExpenses": 1352000000,
        "otherExpenses": 0,
        "operatingExpenses": 1352000000,
        "costAndExpenses": 6756000000,
        "interestIncome": 0,
        "interestExpense": 220000000,
        "depreciationAndAmortization": 626000000,
        "ebitda": 2064000000,
        "ebitdaratio": 0.2562701763,
        "operatingIncome": 1298000000,
        "operatingIncomeRatio": 0.1611621555,
        "totalOtherIncomeExpensesNet": -74000000,
        "incomeBeforeTax": 1224000000,
        "incomeBeforeTaxRatio": 0.1519741743,
        "incomeTaxExpense": 276000000,
        "netIncome": 942000000,
        "netIncomeRatio": 0.1169605165,
        "eps": 1.48,
        "epsdiluted": 1.46,
        "weightedAverageShsOut": 638000000,
        "weightedAverageShsOutDil": 644000000,
        "link": "https://www.sec.gov/Archives/edgar/data/1465112/000104746913001381/0001047469-13-001381-index.html",
        "finalLink": "https://www.sec.gov/Archives/edgar/data/1465112/000104746913001381/a2212949z10-k.htm"
    },
    {
        "date": "2012-09-30",
        "symbol": "DTV",
        "reportedCurrency": "USD",
        "cik": "0001465112",
        "fillingDate": "2012-11-07",
        "acceptedDate": "2012-11-07 14:19:34",
        "calendarYear": "2012",
        "period": "Q3",
        "revenue": 7416000000,
        "costOfRevenue": 0,
        "grossProfit": 7416000000,
        "grossProfitRatio": 1,
        "researchAndDevelopmentExpenses": 0,
        "generalAndAdministrativeExpenses": 447000000,
        "sellingAndMarketingExpenses": 873000000,
        "sellingGeneralAndAdministrativeExpenses": 1320000000,
        "otherExpenses": 0,
        "operatingExpenses": 1320000000,
        "costAndExpenses": 6348000000,
        "interestIncome": 0,
        "interestExpense": 204000000,
        "depreciationAndAmortization": 618000000,
        "ebitda": 1735000000,
        "ebitdaratio": 0.2339536138,
        "operatingIncome": 1068000000,
        "operatingIncomeRatio": 0.144012945,
        "totalOtherIncomeExpensesNet": -148000000,
        "incomeBeforeTax": 920000000,
        "incomeBeforeTaxRatio": 0.1240560949,
        "incomeTaxExpense": 348000000,
        "netIncome": 565000000,
        "netIncomeRatio": 0.0761866235,
        "eps": 0.87,
        "epsdiluted": 0.86,
        "weightedAverageShsOut": 651000000,
        "weightedAverageShsOutDil": 655000000,
        "link": "https://www.sec.gov/Archives/edgar/data/1465112/000104746912010174/0001047469-12-010174-index.html",
        "finalLink": "https://www.sec.gov/Archives/edgar/data/1465112/000104746912010174/a2211619z10-q.htm"
    },
    {
        "date": "2012-06-30",
        "symbol": "DTV",
        "reportedCurrency": "USD",
        "cik": "0001465112",
        "fillingDate": "2012-08-03",
        "acceptedDate": "2012-08-02 20:10:30",
        "calendarYear": "2012",
        "period": "Q2",
        "revenue": 7224000000,
        "costOfRevenue": 0,
        "grossProfit": 7224000000,
        "grossProfitRatio": 1,
        "researchAndDevelopmentExpenses": 0,
        "generalAndAdministrativeExpenses": 468000000,
        "sellingAndMarketingExpenses": 844000000,
        "sellingGeneralAndAdministrativeExpenses": 1312000000,
        "otherExpenses": 0,
        "operatingExpenses": 1312000000,
        "costAndExpenses": 5813000000,
        "interestIncome": 0,
        "interestExpense": 214000000,
        "depreciationAndAmortization": 598000000,
        "ebitda": 1948000000,
        "ebitdaratio": 0.2696566999,
        "operatingIncome": 1411000000,
        "operatingIncomeRatio": 0.1953211517,
        "totalOtherIncomeExpensesNet": -270000000,
        "incomeBeforeTax": 1141000000,
        "incomeBeforeTaxRatio": 0.1579457364,
        "incomeTaxExpense": 425000000,
        "netIncome": 711000000,
        "netIncomeRatio": 0.0984219269,
        "eps": 1.07,
        "epsdiluted": 1.06,
        "weightedAverageShsOut": 664000000,
        "weightedAverageShsOutDil": 668000000,
        "link": "https://www.sec.gov/Archives/edgar/data/1465112/000104746912007709/0001047469-12-007709-index.html",
        "finalLink": "https://www.sec.gov/Archives/edgar/data/1465112/000104746912007709/a2210441z10-q.htm"
    },
    {
        "date": "2012-03-31",
        "symbol": "DTV",
        "reportedCurrency": "USD",
        "cik": "0001465112",
        "fillingDate": "2012-05-09",
        "acceptedDate": "2012-05-08 19:34:30",
        "calendarYear": "2012",
        "period": "Q1",
        "revenue": 7046000000,
        "costOfRevenue": 0,
        "grossProfit": 7046000000,
        "grossProfitRatio": 1,
        "researchAndDevelopmentExpenses": 0,
        "generalAndAdministrativeExpenses": 417000000,
        "sellingAndMarketingExpenses": 807000000,
        "sellingGeneralAndAdministrativeExpenses": 1224000000,
        "otherExpenses": 0,
        "operatingExpenses": 1224000000,
        "costAndExpenses": 5738000000,
        "interestIncome": 0,
        "interestExpense": 204000000,
        "depreciationAndAmortization": 595000000,
        "ebitda": 1946000000,
        "ebitdaratio": 0.2761850695,
        "operatingIncome": 1308000000,
        "operatingIncomeRatio": 0.185637241,
        "totalOtherIncomeExpensesNet": -151000000,
        "incomeBeforeTax": 1157000000,
        "incomeBeforeTaxRatio": 0.1642066421,
        "incomeTaxExpense": 416000000,
        "netIncome": 731000000,
        "netIncomeRatio": 0.1037468067,
        "eps": 1.08,
        "epsdiluted": 1.07,
        "weightedAverageShsOut": 678000000,
        "weightedAverageShsOutDil": 681000000,
        "link": "https://www.sec.gov/Archives/edgar/data/1465112/000104746912005575/0001047469-12-005575-index.htm",
        "finalLink": "https://www.sec.gov/Archives/edgar/data/1465112/000104746912005575/a2209360z10-q.htm"
    },
    {
        "date": "2011-12-31",
        "symbol": "DTV",
        "reportedCurrency": "USD",
        "cik": "0001465112",
        "fillingDate": "2012-02-23",
        "acceptedDate": "2012-02-23 16:52:15",
        "calendarYear": "2011",
        "period": "Q4",
        "revenue": 7463000000,
        "costOfRevenue": 0,
        "grossProfit": 7463000000,
        "grossProfitRatio": 1,
        "researchAndDevelopmentExpenses": 0,
        "generalAndAdministrativeExpenses": 422000000,
        "sellingAndMarketingExpenses": 790000000,
        "sellingGeneralAndAdministrativeExpenses": 1212000000,
        "otherExpenses": 0,
        "operatingExpenses": 1212000000,
        "costAndExpenses": 6249000000,
        "interestIncome": 0,
        "interestExpense": 194000000,
        "depreciationAndAmortization": 568000000,
        "ebitda": 1796000000,
        "ebitdaratio": 0.2406538925,
        "operatingIncome": 1214000000,
        "operatingIncomeRatio": 0.1626691679,
        "totalOtherIncomeExpensesNet": -175000000,
        "incomeBeforeTax": 1039000000,
        "incomeBeforeTaxRatio": 0.1392201528,
        "incomeTaxExpense": 316000000,
        "netIncome": 718000000,
        "netIncomeRatio": 0.0962079593,
        "eps": 0.96,
        "epsdiluted": 0.95,
        "weightedAverageShsOut": 747000000,
        "weightedAverageShsOutDil": 752000000,
        "link": "https://www.sec.gov/Archives/edgar/data/1465112/000104746912001379/0001047469-12-001379-index.html",
        "finalLink": "https://www.sec.gov/Archives/edgar/data/1465112/000104746912001379/a2207454z10-k.htm"
    },
    {
        "date": "2011-09-30",
        "symbol": "DTV",
        "reportedCurrency": "USD",
        "cik": "0001465112",
        "fillingDate": "2011-11-04",
        "acceptedDate": "2011-11-03 20:21:41",
        "calendarYear": "2011",
        "period": "Q3",
        "revenue": 6844000000,
        "costOfRevenue": 0,
        "grossProfit": 6844000000,
        "grossProfitRatio": 1,
        "researchAndDevelopmentExpenses": 0,
        "generalAndAdministrativeExpenses": 408000000,
        "sellingAndMarketingExpenses": 793000000,
        "sellingGeneralAndAdministrativeExpenses": 1201000000,
        "otherExpenses": 0,
        "operatingExpenses": 1201000000,
        "costAndExpenses": 5814000000,
        "interestIncome": 0,
        "interestExpense": 194000000,
        "depreciationAndAmortization": 554000000,
        "ebitda": 1550000000,
        "ebitdaratio": 0.2264757452,
        "operatingIncome": 1030000000,
        "operatingIncomeRatio": 0.1504967855,
        "totalOtherIncomeExpensesNet": -223000000,
        "incomeBeforeTax": 807000000,
        "incomeBeforeTaxRatio": 0.1179135009,
        "incomeTaxExpense": 286000000,
        "netIncome": 516000000,
        "netIncomeRatio": 0.0753945061,
        "eps": 0.68,
        "epsdiluted": 0.67,
        "weightedAverageShsOut": 762000000,
        "weightedAverageShsOutDil": 767000000,
        "link": "https://www.sec.gov/Archives/edgar/data/1465112/000104746911009013/0001047469-11-009013-index.html",
        "finalLink": "https://www.sec.gov/Archives/edgar/data/1465112/000104746911009013/a2206045z10-q.htm"
    },
    {
        "date": "2011-06-30",
        "symbol": "DTV",
        "reportedCurrency": "USD",
        "cik": "0001465112",
        "fillingDate": "2011-08-05",
        "acceptedDate": "2011-08-04 17:41:22",
        "calendarYear": "2011",
        "period": "Q2",
        "revenue": 6600000000,
        "costOfRevenue": 0,
        "grossProfit": 6600000000,
        "grossProfitRatio": 1,
        "researchAndDevelopmentExpenses": 0,
        "generalAndAdministrativeExpenses": 406000000,
        "sellingAndMarketingExpenses": 765000000,
        "sellingGeneralAndAdministrativeExpenses": 1171000000,
        "otherExpenses": 0,
        "operatingExpenses": 1171000000,
        "costAndExpenses": 5370000000,
        "interestIncome": 0,
        "interestExpense": 203000000,
        "depreciationAndAmortization": 616000000,
        "ebitda": 1917000000,
        "ebitdaratio": 0.2904545455,
        "operatingIncome": 1230000000,
        "operatingIncomeRatio": 0.1863636364,
        "totalOtherIncomeExpensesNet": -124000000,
        "incomeBeforeTax": 1106000000,
        "incomeBeforeTaxRatio": 0.1675757576,
        "incomeTaxExpense": 397000000,
        "netIncome": 701000000,
        "netIncomeRatio": 0.1062121212,
        "eps": 0.9,
        "epsdiluted": 0.9,
        "weightedAverageShsOut": 778000000,
        "weightedAverageShsOutDil": 782000000,
        "link": "https://www.sec.gov/Archives/edgar/data/1465112/000104746911006960/0001047469-11-006960-index.html",
        "finalLink": "https://www.sec.gov/Archives/edgar/data/1465112/000104746911006960/a2204322z10-q.htm"
    },
    {
        "date": "2011-03-31",
        "symbol": "DTV",
        "reportedCurrency": "USD",
        "cik": "0001465112",
        "fillingDate": "2011-05-06",
        "acceptedDate": "2011-05-05 20:20:29",
        "calendarYear": "2011",
        "period": "Q1",
        "revenue": 6319000000,
        "costOfRevenue": 0,
        "grossProfit": 6319000000,
        "grossProfitRatio": 1,
        "researchAndDevelopmentExpenses": 0,
        "generalAndAdministrativeExpenses": 340000000,
        "sellingAndMarketingExpenses": 715000000,
        "sellingGeneralAndAdministrativeExpenses": 1055000000,
        "otherExpenses": 0,
        "operatingExpenses": 1055000000,
        "costAndExpenses": 5164000000,
        "interestIncome": 0,
        "interestExpense": 172000000,
        "depreciationAndAmortization": 611000000,
        "ebitda": 1806000000,
        "ebitdaratio": 0.2858047159,
        "operatingIncome": 1155000000,
        "operatingIncomeRatio": 0.1827820858,
        "totalOtherIncomeExpensesNet": -123000000,
        "incomeBeforeTax": 1032000000,
        "incomeBeforeTaxRatio": 0.1633169805,
        "incomeTaxExpense": 349000000,
        "netIncome": 674000000,
        "netIncomeRatio": 0.1066624466,
        "eps": 0.85,
        "epsdiluted": 0.85,
        "weightedAverageShsOut": 793000000,
        "weightedAverageShsOutDil": 797000000,
        "link": "https://www.sec.gov/Archives/edgar/data/1465112/000104746911004655/0001047469-11-004655-index.html",
        "finalLink": "https://www.sec.gov/Archives/edgar/data/1465112/000104746911004655/a2203829z10-q.htm"
    }
]