[
    {
        "date": "2025-09-30",
        "symbol": "DXC",
        "reportedCurrency": "USD",
        "cik": "0001688568",
        "fillingDate": "2025-10-31",
        "acceptedDate": "2025-10-30 20:37:06",
        "calendarYear": "2026",
        "period": "Q2",
        "revenue": 3161000000,
        "costOfRevenue": 2678000000,
        "grossProfit": 483000000,
        "grossProfitRatio": 0.1527997469,
        "researchAndDevelopmentExpenses": 0,
        "generalAndAdministrativeExpenses": 0,
        "sellingAndMarketingExpenses": 0,
        "sellingGeneralAndAdministrativeExpenses": 366000000,
        "otherExpenses": 0,
        "operatingExpenses": 366000000,
        "costAndExpenses": 3030000000,
        "interestIncome": 46000000,
        "interestExpense": 53000000,
        "depreciationAndAmortization": 295000000,
        "ebitda": 479000000,
        "ebitdaratio": 0.1515343246,
        "operatingIncome": 117000000,
        "operatingIncomeRatio": 0.0370136033,
        "totalOtherIncomeExpensesNet": 14000000,
        "incomeBeforeTax": 131000000,
        "incomeBeforeTaxRatio": 0.0414425815,
        "incomeTaxExpense": 91000000,
        "netIncome": 36000000,
        "netIncomeRatio": 0.011388801,
        "eps": 0.2,
        "epsdiluted": 0.2,
        "weightedAverageShsOut": 0,
        "weightedAverageShsOutDil": 0,
        "link": "https://www.sec.gov/Archives/edgar/data/1688568/000168856825000098/0001688568-25-000098-index.htm",
        "finalLink": "https://www.sec.gov/Archives/edgar/data/1688568/000168856825000098/dxc-20250930.htm"
    },
    {
        "date": "2025-06-30",
        "symbol": "DXC",
        "reportedCurrency": "USD",
        "cik": "0001688568",
        "fillingDate": "2025-08-01",
        "acceptedDate": "2025-07-31 20:36:01",
        "calendarYear": "2026",
        "period": "Q1",
        "revenue": 3159000000,
        "costOfRevenue": 2388000000,
        "grossProfit": 771000000,
        "grossProfitRatio": 0.2440645774,
        "researchAndDevelopmentExpenses": 0,
        "generalAndAdministrativeExpenses": 0,
        "sellingAndMarketingExpenses": 0,
        "sellingGeneralAndAdministrativeExpenses": 394000000,
        "otherExpenses": 304000000,
        "operatingExpenses": 698000000,
        "costAndExpenses": 3086000000,
        "interestIncome": 46000000,
        "interestExpense": 54000000,
        "depreciationAndAmortization": 309000000,
        "ebitda": 430000000,
        "ebitdaratio": 0.136119025,
        "operatingIncome": 73000000,
        "operatingIncomeRatio": 0.0231085787,
        "totalOtherIncomeExpensesNet": -6000000,
        "incomeBeforeTax": 67000000,
        "incomeBeforeTaxRatio": 0.0212092434,
        "incomeTaxExpense": 49000000,
        "netIncome": 16000000,
        "netIncomeRatio": 0.005064894,
        "eps": 0.0883,
        "epsdiluted": 0.0865,
        "weightedAverageShsOut": 181100000,
        "weightedAverageShsOutDil": 184960000,
        "link": "https://www.sec.gov/Archives/edgar/data/1688568/000168856825000072/0001688568-25-000072-index.htm",
        "finalLink": "https://www.sec.gov/Archives/edgar/data/1688568/000168856825000072/dxc-20250630.htm"
    },
    {
        "date": "2025-03-31",
        "symbol": "DXC",
        "reportedCurrency": "USD",
        "cik": "0001688568",
        "fillingDate": "2025-05-15",
        "acceptedDate": "2025-05-14 20:36:32",
        "calendarYear": "2025",
        "period": "Q4",
        "revenue": 3169000000,
        "costOfRevenue": 2401000000,
        "grossProfit": 768000000,
        "grossProfitRatio": 0.2423477438,
        "researchAndDevelopmentExpenses": 0,
        "generalAndAdministrativeExpenses": 301000000,
        "sellingAndMarketingExpenses": 0,
        "sellingGeneralAndAdministrativeExpenses": 359000000,
        "otherExpenses": 80000000,
        "operatingExpenses": 439000000,
        "costAndExpenses": 2840000000,
        "interestIncome": 46000000,
        "interestExpense": 58000000,
        "depreciationAndAmortization": 318000000,
        "ebitda": 714000000,
        "ebitdaratio": 0.225307668,
        "operatingIncome": 329000000,
        "operatingIncomeRatio": 0.1038182392,
        "totalOtherIncomeExpensesNet": 9000000,
        "incomeBeforeTax": 338000000,
        "incomeBeforeTaxRatio": 0.1066582518,
        "incomeTaxExpense": 75000000,
        "netIncome": 264000000,
        "netIncomeRatio": 0.0833070369,
        "eps": 1.46,
        "epsdiluted": 1.43,
        "weightedAverageShsOut": 181090000,
        "weightedAverageShsOutDil": 184840000,
        "link": "https://www.sec.gov/Archives/edgar/data/1688568/000168856825000029/0001688568-25-000029-index.htm",
        "finalLink": "https://www.sec.gov/Archives/edgar/data/1688568/000168856825000029/dxc-20250331.htm"
    },
    {
        "date": "2024-12-31",
        "symbol": "DXC",
        "reportedCurrency": "USD",
        "cik": "0001688568",
        "fillingDate": "2025-02-05",
        "acceptedDate": "2025-02-04 20:35:31",
        "calendarYear": "2025",
        "period": "Q3",
        "revenue": 3225000000,
        "costOfRevenue": 2416000000,
        "grossProfit": 809000000,
        "grossProfitRatio": 0.2508527132,
        "researchAndDevelopmentExpenses": 0,
        "generalAndAdministrativeExpenses": 0,
        "sellingAndMarketingExpenses": 0,
        "sellingGeneralAndAdministrativeExpenses": 335000000,
        "otherExpenses": 320000000,
        "operatingExpenses": 655000000,
        "costAndExpenses": 3071000000,
        "interestIncome": 51000000,
        "interestExpense": 66000000,
        "depreciationAndAmortization": 327000000,
        "ebitda": 524000000,
        "ebitdaratio": 0.1624806202,
        "operatingIncome": 154000000,
        "operatingIncomeRatio": 0.047751938,
        "totalOtherIncomeExpensesNet": -23000000,
        "incomeBeforeTax": 131000000,
        "incomeBeforeTaxRatio": 0.040620155,
        "incomeTaxExpense": 68000000,
        "netIncome": 57000000,
        "netIncomeRatio": 0.0176744186,
        "eps": 0.31,
        "epsdiluted": 0.31,
        "weightedAverageShsOut": 181020000,
        "weightedAverageShsOutDil": 184770000,
        "link": "https://www.sec.gov/Archives/edgar/data/1688568/000168856825000007/0001688568-25-000007-index.htm",
        "finalLink": "https://www.sec.gov/Archives/edgar/data/1688568/000168856825000007/dxc-20241231.htm"
    },
    {
        "date": "2024-09-30",
        "symbol": "DXC",
        "reportedCurrency": "USD",
        "cik": "0001688568",
        "fillingDate": "2024-11-08",
        "acceptedDate": "2024-11-07 20:28:19",
        "calendarYear": "2025",
        "period": "Q2",
        "revenue": 3241000000,
        "costOfRevenue": 2427000000,
        "grossProfit": 814000000,
        "grossProfitRatio": 0.2511570503,
        "researchAndDevelopmentExpenses": 0,
        "generalAndAdministrativeExpenses": 0,
        "sellingAndMarketingExpenses": 0,
        "sellingGeneralAndAdministrativeExpenses": 353000000,
        "otherExpenses": 329000000,
        "operatingExpenses": 682000000,
        "costAndExpenses": 3109000000,
        "interestIncome": 51000000,
        "interestExpense": 69000000,
        "depreciationAndAmortization": 335000000,
        "ebitda": 497000000,
        "ebitdaratio": 0.1533477322,
        "operatingIncome": 132000000,
        "operatingIncomeRatio": 0.0407281703,
        "totalOtherIncomeExpensesNet": -39000000,
        "incomeBeforeTax": 93000000,
        "incomeBeforeTaxRatio": 0.0286948473,
        "incomeTaxExpense": 48000000,
        "netIncome": 42000000,
        "netIncomeRatio": 0.0129589633,
        "eps": 0.23,
        "epsdiluted": 0.23,
        "weightedAverageShsOut": 179660000,
        "weightedAverageShsOutDil": 183880000,
        "link": "https://www.sec.gov/Archives/edgar/data/1688568/000168856824000099/0001688568-24-000099-index.htm",
        "finalLink": "https://www.sec.gov/Archives/edgar/data/1688568/000168856824000099/dxc-20240930.htm"
    },
    {
        "date": "2024-06-30",
        "symbol": "DXC",
        "reportedCurrency": "USD",
        "cik": "0001688568",
        "fillingDate": "2024-08-09",
        "acceptedDate": "2024-08-08 20:37:28",
        "calendarYear": "2025",
        "period": "Q1",
        "revenue": 3236000000,
        "costOfRevenue": 2526000000,
        "grossProfit": 710000000,
        "grossProfitRatio": 0.2194066749,
        "researchAndDevelopmentExpenses": 0,
        "generalAndAdministrativeExpenses": 301000000,
        "sellingAndMarketingExpenses": 0,
        "sellingGeneralAndAdministrativeExpenses": 301000000,
        "otherExpenses": 326000000,
        "operatingExpenses": 627000000,
        "costAndExpenses": 3153000000,
        "interestIncome": 51000000,
        "interestExpense": 72000000,
        "depreciationAndAmortization": 333000000,
        "ebitda": 473000000,
        "ebitdaratio": 0.1461681088,
        "operatingIncome": 83000000,
        "operatingIncomeRatio": 0.0256489493,
        "totalOtherIncomeExpensesNet": -15000000,
        "incomeBeforeTax": 68000000,
        "incomeBeforeTaxRatio": 0.021013597,
        "incomeTaxExpense": 43000000,
        "netIncome": 26000000,
        "netIncomeRatio": 0.0080346106,
        "eps": 0.14,
        "epsdiluted": 0.14,
        "weightedAverageShsOut": 179660000,
        "weightedAverageShsOutDil": 182930000,
        "link": "https://www.sec.gov/Archives/edgar/data/1688568/000168856824000075/0001688568-24-000075-index.htm",
        "finalLink": "https://www.sec.gov/Archives/edgar/data/1688568/000168856824000075/dxc-20240630.htm"
    },
    {
        "date": "2024-03-31",
        "symbol": "DXC",
        "reportedCurrency": "USD",
        "cik": "0001688568",
        "fillingDate": "2024-05-17",
        "acceptedDate": "2024-05-16 21:06:54",
        "calendarYear": "2024",
        "period": "Q4",
        "revenue": 3386000000,
        "costOfRevenue": 2588000000,
        "grossProfit": 798000000,
        "grossProfitRatio": 0.2356763142,
        "researchAndDevelopmentExpenses": 0,
        "generalAndAdministrativeExpenses": 740000000,
        "sellingAndMarketingExpenses": 0,
        "sellingGeneralAndAdministrativeExpenses": 740000000,
        "otherExpenses": -39000000,
        "operatingExpenses": 701000000,
        "costAndExpenses": 3230000000,
        "interestIncome": 56000000,
        "interestExpense": 76000000,
        "depreciationAndAmortization": 349000000,
        "ebitda": 116000000,
        "ebitdaratio": 0.0342587123,
        "operatingIncome": 156000000,
        "operatingIncomeRatio": 0.0460720614,
        "totalOtherIncomeExpensesNet": -465000000,
        "incomeBeforeTax": -309000000,
        "incomeBeforeTaxRatio": -0.0912581217,
        "incomeTaxExpense": -114000000,
        "netIncome": -200000000,
        "netIncomeRatio": -0.0590667454,
        "eps": -1.1,
        "epsdiluted": -1.1,
        "weightedAverageShsOut": 181060000,
        "weightedAverageShsOutDil": 181060000,
        "link": "https://www.sec.gov/Archives/edgar/data/1688568/000168856824000032/0001688568-24-000032-index.htm",
        "finalLink": "https://www.sec.gov/Archives/edgar/data/1688568/000168856824000032/dxc-20240331.htm"
    },
    {
        "date": "2023-12-31",
        "symbol": "DXC",
        "reportedCurrency": "USD",
        "cik": "0001688568",
        "fillingDate": "2024-02-02",
        "acceptedDate": "2024-02-01 20:56:34",
        "calendarYear": "2024",
        "period": "Q3",
        "revenue": 3399000000,
        "costOfRevenue": 2636000000,
        "grossProfit": 763000000,
        "grossProfitRatio": 0.2244777876,
        "researchAndDevelopmentExpenses": 0,
        "generalAndAdministrativeExpenses": 294000000,
        "sellingAndMarketingExpenses": 0,
        "sellingGeneralAndAdministrativeExpenses": 294000000,
        "otherExpenses": 350000000,
        "operatingExpenses": 644000000,
        "costAndExpenses": 3280000000,
        "interestIncome": 56000000,
        "interestExpense": 78000000,
        "depreciationAndAmortization": 357000000,
        "ebitda": 647000000,
        "ebitdaratio": 0.190350103,
        "operatingIncome": 121000000,
        "operatingIncomeRatio": 0.0355987055,
        "totalOtherIncomeExpensesNet": 91000000,
        "incomeBeforeTax": 212000000,
        "incomeBeforeTaxRatio": 0.0623712857,
        "incomeTaxExpense": 72000000,
        "netIncome": 156000000,
        "netIncomeRatio": 0.0458958517,
        "eps": 0.82,
        "epsdiluted": 0.81,
        "weightedAverageShsOut": 190310000,
        "weightedAverageShsOutDil": 191930000,
        "link": "https://www.sec.gov/Archives/edgar/data/1688568/000168856824000009/0001688568-24-000009-index.htm",
        "finalLink": "https://www.sec.gov/Archives/edgar/data/1688568/000168856824000009/dxc-20231231.htm"
    },
    {
        "date": "2023-09-30",
        "symbol": "DXC",
        "reportedCurrency": "USD",
        "cik": "0001688568",
        "fillingDate": "2023-11-02",
        "acceptedDate": "2023-11-01 20:13:45",
        "calendarYear": "2024",
        "period": "Q2",
        "revenue": 3436000000,
        "costOfRevenue": 2633000000,
        "grossProfit": 803000000,
        "grossProfitRatio": 0.233701979,
        "researchAndDevelopmentExpenses": 0,
        "generalAndAdministrativeExpenses": 292000000,
        "sellingAndMarketingExpenses": 36000000,
        "sellingGeneralAndAdministrativeExpenses": 328000000,
        "otherExpenses": 475000000,
        "operatingExpenses": 803000000,
        "costAndExpenses": 2925000000,
        "interestIncome": 53000000,
        "interestExpense": 78000000,
        "depreciationAndAmortization": 2633000000,
        "ebitda": 574000000,
        "ebitdaratio": 0.1670547148,
        "operatingIncome": 511000000,
        "operatingIncomeRatio": 0.1487194412,
        "totalOtherIncomeExpensesNet": 128000000,
        "incomeBeforeTax": 128000000,
        "incomeBeforeTaxRatio": 0.0372526193,
        "incomeTaxExpense": 29000000,
        "netIncome": 99000000,
        "netIncomeRatio": 0.0288125728,
        "eps": 0.49,
        "epsdiluted": 0.49,
        "weightedAverageShsOut": 201720000,
        "weightedAverageShsOutDil": 203060000,
        "link": "https://www.sec.gov/Archives/edgar/data/1688568/000168856823000115/0001688568-23-000115-index.htm",
        "finalLink": "https://www.sec.gov/Archives/edgar/data/1688568/000168856823000115/dxc-20230930.htm"
    },
    {
        "date": "2023-06-30",
        "symbol": "DXC",
        "reportedCurrency": "USD",
        "cik": "0001688568",
        "fillingDate": "2023-08-03",
        "acceptedDate": "2023-08-02 21:03:42",
        "calendarYear": "2024",
        "period": "Q1",
        "revenue": 3446000000,
        "costOfRevenue": 2719000000,
        "grossProfit": 727000000,
        "grossProfitRatio": 0.2109692397,
        "researchAndDevelopmentExpenses": 0,
        "generalAndAdministrativeExpenses": 327000000,
        "sellingAndMarketingExpenses": 0,
        "sellingGeneralAndAdministrativeExpenses": 327000000,
        "otherExpenses": 400000000,
        "operatingExpenses": 727000000,
        "costAndExpenses": 3390000000,
        "interestIncome": 49000000,
        "interestExpense": 66000000,
        "depreciationAndAmortization": 351000000,
        "ebitda": 495000000,
        "ebitdaratio": 0.1436448056,
        "operatingIncome": 138000000,
        "operatingIncomeRatio": 0.0400464306,
        "totalOtherIncomeExpensesNet": -370000000,
        "incomeBeforeTax": 78000000,
        "incomeBeforeTaxRatio": 0.0226349391,
        "incomeTaxExpense": 36000000,
        "netIncome": 36000000,
        "netIncomeRatio": 0.010446895,
        "eps": 0.17,
        "epsdiluted": 0.17,
        "weightedAverageShsOut": 210110000,
        "weightedAverageShsOutDil": 213750000,
        "link": "https://www.sec.gov/Archives/edgar/data/1688568/000168856823000090/0001688568-23-000090-index.htm",
        "finalLink": "https://www.sec.gov/Archives/edgar/data/1688568/000168856823000090/dxc-20230630.htm"
    },
    {
        "date": "2023-03-31",
        "symbol": "DXC",
        "reportedCurrency": "USD",
        "cik": "0001688568",
        "fillingDate": "2023-05-19",
        "acceptedDate": "2023-05-18 20:14:16",
        "calendarYear": "2023",
        "period": "Q4",
        "revenue": 3591000000,
        "costOfRevenue": 2742000000,
        "grossProfit": 849000000,
        "grossProfitRatio": 0.2364243943,
        "researchAndDevelopmentExpenses": 0,
        "generalAndAdministrativeExpenses": 387000000,
        "sellingAndMarketingExpenses": 0,
        "sellingGeneralAndAdministrativeExpenses": 387000000,
        "otherExpenses": 375000000,
        "operatingExpenses": 762000000,
        "costAndExpenses": 3504000000,
        "interestIncome": 46000000,
        "interestExpense": 63000000,
        "depreciationAndAmortization": 382000000,
        "ebitda": -718000000,
        "ebitdaratio": -0.1999443052,
        "operatingIncome": -1221000000,
        "operatingIncomeRatio": -0.3400167084,
        "totalOtherIncomeExpensesNet": -336000000,
        "incomeBeforeTax": -1163000000,
        "incomeBeforeTaxRatio": -0.3238652186,
        "incomeTaxExpense": -405000000,
        "netIncome": -758000000,
        "netIncomeRatio": -0.2110832637,
        "eps": -3.39,
        "epsdiluted": -3.39,
        "weightedAverageShsOut": 223920000,
        "weightedAverageShsOutDil": 223920000,
        "link": "https://www.sec.gov/Archives/edgar/data/1688568/000168856823000030/0001688568-23-000030-index.htm",
        "finalLink": "https://www.sec.gov/Archives/edgar/data/1688568/000168856823000030/dxc-20230331.htm"
    },
    {
        "date": "2022-12-31",
        "symbol": "DXC",
        "reportedCurrency": "USD",
        "cik": "0001688568",
        "fillingDate": "2023-02-02",
        "acceptedDate": "2023-02-01 20:30:45",
        "calendarYear": "2023",
        "period": "Q3",
        "revenue": 3566000000,
        "costOfRevenue": 2799000000,
        "grossProfit": 767000000,
        "grossProfitRatio": 0.2150869321,
        "researchAndDevelopmentExpenses": 0,
        "generalAndAdministrativeExpenses": 0,
        "sellingAndMarketingExpenses": 0,
        "sellingGeneralAndAdministrativeExpenses": 315000000,
        "otherExpenses": 375000000,
        "operatingExpenses": 690000000,
        "costAndExpenses": 3489000000,
        "interestIncome": 41000000,
        "interestExpense": 56000000,
        "depreciationAndAmortization": 383000000,
        "ebitda": 541000000,
        "ebitdaratio": 0.1517106001,
        "operatingIncome": 216000000,
        "operatingIncomeRatio": 0.0605720695,
        "totalOtherIncomeExpensesNet": -421000000,
        "incomeBeforeTax": 102000000,
        "incomeBeforeTaxRatio": 0.0286034773,
        "incomeTaxExpense": 41000000,
        "netIncome": 59000000,
        "netIncomeRatio": 0.0165451486,
        "eps": 0.26,
        "epsdiluted": 0.25,
        "weightedAverageShsOut": 229540000,
        "weightedAverageShsOutDil": 233000000,
        "link": "https://www.sec.gov/Archives/edgar/data/1688568/000168856823000010/0001688568-23-000010-index.htm",
        "finalLink": "https://www.sec.gov/Archives/edgar/data/1688568/000168856823000010/dxc-20221231.htm"
    },
    {
        "date": "2022-09-30",
        "symbol": "DXC",
        "reportedCurrency": "USD",
        "cik": "0001688568",
        "fillingDate": "2022-11-04",
        "acceptedDate": "2022-11-03 20:50:16",
        "calendarYear": "2023",
        "period": "Q2",
        "revenue": 3566000000,
        "costOfRevenue": 2775000000,
        "grossProfit": 791000000,
        "grossProfitRatio": 0.2218171621,
        "researchAndDevelopmentExpenses": 0,
        "generalAndAdministrativeExpenses": 0,
        "sellingAndMarketingExpenses": 0,
        "sellingGeneralAndAdministrativeExpenses": 324000000,
        "otherExpenses": 380000000,
        "operatingExpenses": 704000000,
        "costAndExpenses": 3479000000,
        "interestIncome": 28000000,
        "interestExpense": 44000000,
        "depreciationAndAmortization": 388000000,
        "ebitda": 486000000,
        "ebitdaratio": 0.1362871565,
        "operatingIncome": 183000000,
        "operatingIncomeRatio": 0.0513180034,
        "totalOtherIncomeExpensesNet": -37000000,
        "incomeBeforeTax": 54000000,
        "incomeBeforeTaxRatio": 0.0151430174,
        "incomeTaxExpense": 26000000,
        "netIncome": 27000000,
        "netIncomeRatio": 0.0075715087,
        "eps": 0.12,
        "epsdiluted": 0.12,
        "weightedAverageShsOut": 229960000,
        "weightedAverageShsOutDil": 233170000,
        "link": "https://www.sec.gov/Archives/edgar/data/1688568/000168856822000073/0001688568-22-000073-index.htm",
        "finalLink": "https://www.sec.gov/Archives/edgar/data/1688568/000168856822000073/dxc-20220930.htm"
    },
    {
        "date": "2022-06-30",
        "symbol": "DXC",
        "reportedCurrency": "USD",
        "cik": "0001688568",
        "fillingDate": "2022-08-04",
        "acceptedDate": "2022-08-03 21:06:03",
        "calendarYear": "2023",
        "period": "Q1",
        "revenue": 3707000000,
        "costOfRevenue": 2930000000,
        "grossProfit": 777000000,
        "grossProfitRatio": 0.2096034529,
        "researchAndDevelopmentExpenses": 0,
        "generalAndAdministrativeExpenses": 0,
        "sellingAndMarketingExpenses": 0,
        "sellingGeneralAndAdministrativeExpenses": 349000000,
        "otherExpenses": 389000000,
        "operatingExpenses": 738000000,
        "costAndExpenses": 3668000000,
        "interestIncome": 20000000,
        "interestExpense": 37000000,
        "depreciationAndAmortization": 398000000,
        "ebitda": 557000000,
        "ebitdaratio": 0.1502562719,
        "operatingIncome": 163000000,
        "operatingIncomeRatio": 0.0439708659,
        "totalOtherIncomeExpensesNet": -383000000,
        "incomeBeforeTax": 122000000,
        "incomeBeforeTaxRatio": 0.0329107095,
        "incomeTaxExpense": 19000000,
        "netIncome": 102000000,
        "netIncomeRatio": 0.0275155112,
        "eps": 0.44,
        "epsdiluted": 0.43,
        "weightedAverageShsOut": 232480000,
        "weightedAverageShsOutDil": 237380000,
        "link": "https://www.sec.gov/Archives/edgar/data/1688568/000168856822000062/0001688568-22-000062-index.htm",
        "finalLink": "https://www.sec.gov/Archives/edgar/data/1688568/000168856822000062/dxc-20220630.htm"
    },
    {
        "date": "2022-03-31",
        "symbol": "DXC",
        "reportedCurrency": "USD",
        "cik": "0001688568",
        "fillingDate": "2022-05-26",
        "acceptedDate": "2022-05-25 21:13:49",
        "calendarYear": "2022",
        "period": "Q4",
        "revenue": 4008000000,
        "costOfRevenue": 3161000000,
        "grossProfit": 847000000,
        "grossProfitRatio": 0.2113273453,
        "researchAndDevelopmentExpenses": 0,
        "generalAndAdministrativeExpenses": 0,
        "sellingAndMarketingExpenses": 0,
        "sellingGeneralAndAdministrativeExpenses": 315000000,
        "otherExpenses": 423000000,
        "operatingExpenses": 738000000,
        "costAndExpenses": 3899000000,
        "interestIncome": 14000000,
        "interestExpense": 43000000,
        "depreciationAndAmortization": 433000000,
        "ebitda": 1275000000,
        "ebitdaratio": 0.3181137725,
        "operatingIncome": 914000000,
        "operatingIncomeRatio": 0.2280439122,
        "totalOtherIncomeExpensesNet": -376000000,
        "incomeBeforeTax": 799000000,
        "incomeBeforeTaxRatio": 0.1993512974,
        "incomeTaxExpense": 260000000,
        "netIncome": 530000000,
        "netIncomeRatio": 0.1322355289,
        "eps": 2.18,
        "epsdiluted": 2.14,
        "weightedAverageShsOut": 242760000,
        "weightedAverageShsOutDil": 247690000,
        "link": "https://www.sec.gov/Archives/edgar/data/1688568/000168856822000027/0001688568-22-000027-index.htm",
        "finalLink": "https://www.sec.gov/Archives/edgar/data/1688568/000168856822000027/dxc-20220331.htm"
    },
    {
        "date": "2021-12-31",
        "symbol": "DXC",
        "reportedCurrency": "USD",
        "cik": "0001688568",
        "fillingDate": "2022-02-03",
        "acceptedDate": "2022-02-02 20:32:59",
        "calendarYear": "2022",
        "period": "Q3",
        "revenue": 4089000000,
        "costOfRevenue": 3179000000,
        "grossProfit": 910000000,
        "grossProfitRatio": 0.2225483003,
        "researchAndDevelopmentExpenses": 0,
        "generalAndAdministrativeExpenses": 0,
        "sellingAndMarketingExpenses": 0,
        "sellingGeneralAndAdministrativeExpenses": 340000000,
        "otherExpenses": 85000000,
        "operatingExpenses": 764000000,
        "costAndExpenses": 3943000000,
        "interestIncome": 15000000,
        "interestExpense": 38000000,
        "depreciationAndAmortization": 430000000,
        "ebitda": 634000000,
        "ebitdaratio": 0.1550501345,
        "operatingIncome": 200000000,
        "operatingIncomeRatio": 0.0489117144,
        "totalOtherIncomeExpensesNet": 9000000,
        "incomeBeforeTax": 166000000,
        "incomeBeforeTaxRatio": 0.0405967229,
        "incomeTaxExpense": 64000000,
        "netIncome": 98000000,
        "netIncomeRatio": 0.02396674,
        "eps": 0.39,
        "epsdiluted": 0.38,
        "weightedAverageShsOut": 250270000,
        "weightedAverageShsOutDil": 254820000,
        "link": "https://www.sec.gov/Archives/edgar/data/1688568/000168856822000006/0001688568-22-000006-index.htm",
        "finalLink": "https://www.sec.gov/Archives/edgar/data/1688568/000168856822000006/dxc-20211231.htm"
    },
    {
        "date": "2021-09-30",
        "symbol": "DXC",
        "reportedCurrency": "USD",
        "cik": "0001688568",
        "fillingDate": "2021-11-04",
        "acceptedDate": "2021-11-03 20:23:37",
        "calendarYear": "2022",
        "period": "Q2",
        "revenue": 4027000000,
        "costOfRevenue": 3088000000,
        "grossProfit": 939000000,
        "grossProfitRatio": 0.2331760616,
        "researchAndDevelopmentExpenses": 0,
        "generalAndAdministrativeExpenses": 0,
        "sellingAndMarketingExpenses": 0,
        "sellingGeneralAndAdministrativeExpenses": 370000000,
        "otherExpenses": 102000000,
        "operatingExpenses": 818000000,
        "costAndExpenses": 3906000000,
        "interestIncome": 16000000,
        "interestExpense": 61000000,
        "depreciationAndAmortization": 452000000,
        "ebitda": 265000000,
        "ebitdaratio": 0.0658058108,
        "operatingIncome": 121000000,
        "operatingIncomeRatio": 0.0300471815,
        "totalOtherIncomeExpensesNet": -465000000,
        "incomeBeforeTax": -248000000,
        "incomeBeforeTaxRatio": -0.0615843059,
        "incomeTaxExpense": -61000000,
        "netIncome": -188000000,
        "netIncomeRatio": -0.0466848771,
        "eps": -0.74,
        "epsdiluted": -0.74,
        "weightedAverageShsOut": 252400000,
        "weightedAverageShsOutDil": 252400000,
        "link": "https://www.sec.gov/Archives/edgar/data/1688568/000168856821000090/0001688568-21-000090-index.htm",
        "finalLink": "https://www.sec.gov/Archives/edgar/data/1688568/000168856821000090/dxc-20210930.htm"
    },
    {
        "date": "2021-06-30",
        "symbol": "DXC",
        "reportedCurrency": "USD",
        "cik": "0001688568",
        "fillingDate": "2021-08-05",
        "acceptedDate": "2021-08-04 20:33:22",
        "calendarYear": "2022",
        "period": "Q1",
        "revenue": 4141000000,
        "costOfRevenue": 3255000000,
        "grossProfit": 886000000,
        "grossProfitRatio": 0.2139579812,
        "researchAndDevelopmentExpenses": 0,
        "generalAndAdministrativeExpenses": 0,
        "sellingAndMarketingExpenses": 0,
        "sellingGeneralAndAdministrativeExpenses": 383000000,
        "otherExpenses": 103000000,
        "operatingExpenses": 805000000,
        "costAndExpenses": 4060000000,
        "interestIncome": 20000000,
        "interestExpense": 62000000,
        "depreciationAndAmortization": 427000000,
        "ebitda": 913000000,
        "ebitdaratio": 0.2204781454,
        "operatingIncome": 81000000,
        "operatingIncomeRatio": 0.0195604926,
        "totalOtherIncomeExpensesNet": -185000000,
        "incomeBeforeTax": 424000000,
        "incomeBeforeTaxRatio": 0.1023907269,
        "incomeTaxExpense": 142000000,
        "netIncome": 278000000,
        "netIncomeRatio": 0.0671335426,
        "eps": 1.09,
        "epsdiluted": 1.07,
        "weightedAverageShsOut": 254670000,
        "weightedAverageShsOutDil": 260320000,
        "link": "https://www.sec.gov/Archives/edgar/data/1688568/000168856821000057/0001688568-21-000057-index.htm",
        "finalLink": "https://www.sec.gov/Archives/edgar/data/1688568/000168856821000057/dxc-20210630.htm"
    },
    {
        "date": "2021-03-31",
        "symbol": "DXC",
        "reportedCurrency": "USD",
        "cik": "0001688568",
        "fillingDate": "2021-05-28",
        "acceptedDate": "2021-05-27 17:39:22",
        "calendarYear": "2021",
        "period": "Q4",
        "revenue": 4385000000,
        "costOfRevenue": 3561000000,
        "grossProfit": 824000000,
        "grossProfitRatio": 0.1879133409,
        "researchAndDevelopmentExpenses": 0,
        "generalAndAdministrativeExpenses": 0,
        "sellingAndMarketingExpenses": 0,
        "sellingGeneralAndAdministrativeExpenses": 471000000,
        "otherExpenses": -420000000,
        "operatingExpenses": 949000000,
        "costAndExpenses": 4510000000,
        "interestIncome": 22000000,
        "interestExpense": 77000000,
        "depreciationAndAmortization": 482000000,
        "ebitda": -234000000,
        "ebitdaratio": -0.05336374,
        "operatingIncome": -125000000,
        "operatingIncomeRatio": -0.0285062714,
        "totalOtherIncomeExpensesNet": -668000000,
        "incomeBeforeTax": -793000000,
        "incomeBeforeTaxRatio": -0.1808437856,
        "incomeTaxExpense": 11000000,
        "netIncome": -798000000,
        "netIncomeRatio": -0.1819840365,
        "eps": -3.14,
        "epsdiluted": -3.14,
        "weightedAverageShsOut": 254470000,
        "weightedAverageShsOutDil": 254490000,
        "link": "https://www.sec.gov/Archives/edgar/data/1688568/000168856821000029/0001688568-21-000029-index.htm",
        "finalLink": "https://www.sec.gov/Archives/edgar/data/1688568/000168856821000029/dxc-20210331.htm"
    },
    {
        "date": "2020-12-31",
        "symbol": "DXC",
        "reportedCurrency": "USD",
        "cik": "0001688568",
        "fillingDate": "2021-02-05",
        "acceptedDate": "2021-02-04 19:24:40",
        "calendarYear": "2021",
        "period": "Q3",
        "revenue": 4288000000,
        "costOfRevenue": 3333000000,
        "grossProfit": 955000000,
        "grossProfitRatio": 0.2227145522,
        "researchAndDevelopmentExpenses": 0,
        "generalAndAdministrativeExpenses": 0,
        "sellingAndMarketingExpenses": 0,
        "sellingGeneralAndAdministrativeExpenses": 517000000,
        "otherExpenses": 127000000,
        "operatingExpenses": 992000000,
        "costAndExpenses": 4325000000,
        "interestIncome": 28000000,
        "interestExpense": 82000000,
        "depreciationAndAmortization": 481000000,
        "ebitda": 2541000000,
        "ebitdaratio": 0.5925839552,
        "operatingIncome": -37000000,
        "operatingIncomeRatio": -0.0086287313,
        "totalOtherIncomeExpensesNet": 2015000000,
        "incomeBeforeTax": 1978000000,
        "incomeBeforeTaxRatio": 0.4612873134,
        "incomeTaxExpense": 875000000,
        "netIncome": 1098000000,
        "netIncomeRatio": 0.2560634328,
        "eps": 4.32,
        "epsdiluted": 4.29,
        "weightedAverageShsOut": 254320000,
        "weightedAverageShsOutDil": 255750000,
        "link": "https://www.sec.gov/Archives/edgar/data/1688568/000168856821000008/0001688568-21-000008-index.htm",
        "finalLink": "https://www.sec.gov/Archives/edgar/data/1688568/000168856821000008/dxc-20201231.htm"
    },
    {
        "date": "2020-09-30",
        "symbol": "DXC",
        "reportedCurrency": "USD",
        "cik": "0001688568",
        "fillingDate": "2020-11-06",
        "acceptedDate": "2020-11-05 18:30:47",
        "calendarYear": "2021",
        "period": "Q2",
        "revenue": 4554000000,
        "costOfRevenue": 3563000000,
        "grossProfit": 991000000,
        "grossProfitRatio": 0.2176108915,
        "researchAndDevelopmentExpenses": 0,
        "generalAndAdministrativeExpenses": 0,
        "sellingAndMarketingExpenses": 0,
        "sellingGeneralAndAdministrativeExpenses": 539000000,
        "otherExpenses": 103000000,
        "operatingExpenses": 1064000000,
        "costAndExpenses": 4627000000,
        "interestIncome": 25000000,
        "interestExpense": 96000000,
        "depreciationAndAmortization": 525000000,
        "ebitda": 319000000,
        "ebitdaratio": 0.0700483092,
        "operatingIncome": -73000000,
        "operatingIncomeRatio": -0.0160298639,
        "totalOtherIncomeExpensesNet": -233000000,
        "incomeBeforeTax": -306000000,
        "incomeBeforeTaxRatio": -0.0671936759,
        "incomeTaxExpense": -60000000,
        "netIncome": -244000000,
        "netIncomeRatio": -0.053579271,
        "eps": -0.96,
        "epsdiluted": -0.96,
        "weightedAverageShsOut": 254130000,
        "weightedAverageShsOutDil": 254130000,
        "link": "https://www.sec.gov/Archives/edgar/data/1688568/000168856820000093/0001688568-20-000093-index.htm",
        "finalLink": "https://www.sec.gov/Archives/edgar/data/1688568/000168856820000093/dxc-20200930.htm"
    },
    {
        "date": "2020-06-30",
        "symbol": "DXC",
        "reportedCurrency": "USD",
        "cik": "0001688568",
        "fillingDate": "2020-08-07",
        "acceptedDate": "2020-08-07 06:30:26",
        "calendarYear": "2021",
        "period": "Q1",
        "revenue": 4502000000,
        "costOfRevenue": 3629000000,
        "grossProfit": 873000000,
        "grossProfitRatio": 0.1939138161,
        "researchAndDevelopmentExpenses": 0,
        "generalAndAdministrativeExpenses": 0,
        "sellingAndMarketingExpenses": 0,
        "sellingGeneralAndAdministrativeExpenses": 539000000,
        "otherExpenses": 88000000,
        "operatingExpenses": 1031000000,
        "costAndExpenses": 4660000000,
        "interestIncome": 23000000,
        "interestExpense": 106000000,
        "depreciationAndAmortization": 496000000,
        "ebitda": 377000000,
        "ebitdaratio": 0.0837405598,
        "operatingIncome": -158000000,
        "operatingIncomeRatio": -0.0350955131,
        "totalOtherIncomeExpensesNet": -67000000,
        "incomeBeforeTax": -225000000,
        "incomeBeforeTaxRatio": -0.0499777876,
        "incomeTaxExpense": -26000000,
        "netIncome": -205000000,
        "netIncomeRatio": -0.0455353176,
        "eps": -0.81,
        "epsdiluted": -0.81,
        "weightedAverageShsOut": 253086419,
        "weightedAverageShsOutDil": 253630000,
        "link": "https://www.sec.gov/Archives/edgar/data/1688568/000168856820000058/0001688568-20-000058-index.htm",
        "finalLink": "https://www.sec.gov/Archives/edgar/data/1688568/000168856820000058/dxc630202010-q.htm"
    },
    {
        "date": "2020-03-31",
        "symbol": "DXC",
        "reportedCurrency": "USD",
        "cik": "0001688568",
        "fillingDate": "2020-06-01",
        "acceptedDate": "2020-06-01 17:00:46",
        "calendarYear": "2020",
        "period": "Q4",
        "revenue": 4815000000,
        "costOfRevenue": 3773000000,
        "grossProfit": 1042000000,
        "grossProfitRatio": 0.2164070613,
        "researchAndDevelopmentExpenses": 0,
        "generalAndAdministrativeExpenses": 536000000,
        "sellingAndMarketingExpenses": 0,
        "sellingGeneralAndAdministrativeExpenses": 536000000,
        "otherExpenses": 376000000,
        "operatingExpenses": 1062000000,
        "costAndExpenses": 4835000000,
        "interestIncome": 35000000,
        "interestExpense": 95000000,
        "depreciationAndAmortization": 531000000,
        "ebitda": -2936000000,
        "ebitdaratio": -0.609761163,
        "operatingIncome": -20000000,
        "operatingIncomeRatio": -0.0041536864,
        "totalOtherIncomeExpensesNet": -3542000000,
        "incomeBeforeTax": -3562000000,
        "incomeBeforeTaxRatio": -0.7397715472,
        "incomeTaxExpense": -61000000,
        "netIncome": -3495000000,
        "netIncomeRatio": -0.7258566978,
        "eps": -13.79,
        "epsdiluted": -13.79,
        "weightedAverageShsOut": 253510000,
        "weightedAverageShsOutDil": 253510000,
        "link": "https://www.sec.gov/Archives/edgar/data/1688568/000168856820000032/0001688568-20-000032-index.htm",
        "finalLink": "https://www.sec.gov/Archives/edgar/data/1688568/000168856820000032/dxcfy2010-k.htm"
    },
    {
        "date": "2019-12-31",
        "symbol": "DXC",
        "reportedCurrency": "USD",
        "cik": "0001688568",
        "fillingDate": "2020-02-07",
        "acceptedDate": "2020-02-07 16:16:05",
        "calendarYear": "2020",
        "period": "Q3",
        "revenue": 5021000000,
        "costOfRevenue": 3827000000,
        "grossProfit": 1194000000,
        "grossProfitRatio": 0.2378012348,
        "researchAndDevelopmentExpenses": 0,
        "generalAndAdministrativeExpenses": 518000000,
        "sellingAndMarketingExpenses": 0,
        "sellingGeneralAndAdministrativeExpenses": 518000000,
        "otherExpenses": 117000000,
        "operatingExpenses": 997000000,
        "costAndExpenses": 4824000000,
        "interestIncome": 33000000,
        "interestExpense": 93000000,
        "depreciationAndAmortization": 479000000,
        "ebitda": 703000000,
        "ebitdaratio": 0.1400119498,
        "operatingIncome": 197000000,
        "operatingIncomeRatio": 0.0392352121,
        "totalOtherIncomeExpensesNet": -70000000,
        "incomeBeforeTax": 127000000,
        "incomeBeforeTaxRatio": 0.0252937662,
        "incomeTaxExpense": 37000000,
        "netIncome": 82000000,
        "netIncomeRatio": 0.0163314081,
        "eps": 0.32,
        "epsdiluted": 0.32,
        "weightedAverageShsOut": 255090000,
        "weightedAverageShsOutDil": 256050000,
        "link": "https://www.sec.gov/Archives/edgar/data/1688568/000168856820000008/0001688568-20-000008-index.htm",
        "finalLink": "https://www.sec.gov/Archives/edgar/data/1688568/000168856820000008/dxc1231201910-q.htm"
    },
    {
        "date": "2019-09-30",
        "symbol": "DXC",
        "reportedCurrency": "USD",
        "cik": "0001688568",
        "fillingDate": "2019-11-12",
        "acceptedDate": "2019-11-12 08:59:32",
        "calendarYear": "2020",
        "period": "Q2",
        "revenue": 4851000000,
        "costOfRevenue": 3679000000,
        "grossProfit": 1172000000,
        "grossProfitRatio": 0.2415996702,
        "researchAndDevelopmentExpenses": 0,
        "generalAndAdministrativeExpenses": 489000000,
        "sellingAndMarketingExpenses": 0,
        "sellingGeneralAndAdministrativeExpenses": 489000000,
        "otherExpenses": 109000000,
        "operatingExpenses": 956000000,
        "costAndExpenses": 4635000000,
        "interestIncome": 67000000,
        "interestExpense": 104000000,
        "depreciationAndAmortization": 472000000,
        "ebitda": -1423000000,
        "ebitdaratio": -0.2933415791,
        "operatingIncome": 216000000,
        "operatingIncomeRatio": 0.0445269017,
        "totalOtherIncomeExpensesNet": -2215000000,
        "incomeBeforeTax": -1999000000,
        "incomeBeforeTaxRatio": -0.4120799835,
        "incomeTaxExpense": 116000000,
        "netIncome": -2119000000,
        "netIncomeRatio": -0.4368171511,
        "eps": -8.19,
        "epsdiluted": -8.19,
        "weightedAverageShsOut": 258710000,
        "weightedAverageShsOutDil": 258710000,
        "link": "https://www.sec.gov/Archives/edgar/data/1688568/000168856819000109/0001688568-19-000109-index.htm",
        "finalLink": "https://www.sec.gov/Archives/edgar/data/1688568/000168856819000109/dxc930201910-q.htm"
    },
    {
        "date": "2019-06-30",
        "symbol": "DXC",
        "reportedCurrency": "USD",
        "cik": "0001688568",
        "fillingDate": "2019-08-09",
        "acceptedDate": "2019-08-09 09:21:33",
        "calendarYear": "2020",
        "period": "Q1",
        "revenue": 4890000000,
        "costOfRevenue": 3622000000,
        "grossProfit": 1268000000,
        "grossProfitRatio": 0.2593047035,
        "researchAndDevelopmentExpenses": 0,
        "generalAndAdministrativeExpenses": 507000000,
        "sellingAndMarketingExpenses": 0,
        "sellingGeneralAndAdministrativeExpenses": 507000000,
        "otherExpenses": 118000000,
        "operatingExpenses": 977000000,
        "costAndExpenses": 4599000000,
        "interestIncome": 30000000,
        "interestExpense": 91000000,
        "depreciationAndAmortization": 474000000,
        "ebitda": 771000000,
        "ebitdaratio": 0.1576687117,
        "operatingIncome": 291000000,
        "operatingIncomeRatio": 0.0595092025,
        "totalOtherIncomeExpensesNet": -85000000,
        "incomeBeforeTax": 206000000,
        "incomeBeforeTaxRatio": 0.0421267894,
        "incomeTaxExpense": 38000000,
        "netIncome": 163000000,
        "netIncomeRatio": 0.0333333333,
        "eps": 0.61,
        "epsdiluted": 0.61,
        "weightedAverageShsOut": 267000000,
        "weightedAverageShsOutDil": 268970000,
        "link": "https://www.sec.gov/Archives/edgar/data/1688568/000168856819000087/0001688568-19-000087-index.htm",
        "finalLink": "https://www.sec.gov/Archives/edgar/data/1688568/000168856819000087/dxc630201910-q.htm"
    },
    {
        "date": "2019-03-31",
        "symbol": "DXC",
        "reportedCurrency": "USD",
        "cik": "0001688568",
        "fillingDate": "2019-06-13",
        "acceptedDate": "2019-06-12 21:43:05",
        "calendarYear": "2019",
        "period": "Q4",
        "revenue": 5280000000,
        "costOfRevenue": 3836000000,
        "grossProfit": 1444000000,
        "grossProfitRatio": 0.2734848485,
        "researchAndDevelopmentExpenses": 0,
        "generalAndAdministrativeExpenses": 459000000,
        "sellingAndMarketingExpenses": 0,
        "sellingGeneralAndAdministrativeExpenses": 459000000,
        "otherExpenses": -30000000,
        "operatingExpenses": 964000000,
        "costAndExpenses": 4800000000,
        "interestIncome": 36000000,
        "interestExpense": 85000000,
        "depreciationAndAmortization": 509000000,
        "ebitda": 948000000,
        "ebitdaratio": 0.1795454545,
        "operatingIncome": 480000000,
        "operatingIncomeRatio": 0.0909090909,
        "totalOtherIncomeExpensesNet": -308000000,
        "incomeBeforeTax": 354000000,
        "incomeBeforeTaxRatio": 0.0670454545,
        "incomeTaxExpense": 83000000,
        "netIncome": 274000000,
        "netIncomeRatio": 0.0518939394,
        "eps": 1.02,
        "epsdiluted": 1.01,
        "weightedAverageShsOut": 268590000,
        "weightedAverageShsOutDil": 270820000,
        "link": "https://www.sec.gov/Archives/edgar/data/1688568/000168856819000055/0001688568-19-000055-index.htm",
        "finalLink": "https://www.sec.gov/Archives/edgar/data/1688568/000168856819000055/dxcfy1910-k.htm"
    },
    {
        "date": "2018-12-31",
        "symbol": "DXC",
        "reportedCurrency": "USD",
        "cik": "0001688568",
        "fillingDate": "2019-02-08",
        "acceptedDate": "2019-02-08 17:27:38",
        "calendarYear": "2019",
        "period": "Q3",
        "revenue": 5178000000,
        "costOfRevenue": 3725000000,
        "grossProfit": 1453000000,
        "grossProfitRatio": 0.2806102742,
        "researchAndDevelopmentExpenses": 0,
        "generalAndAdministrativeExpenses": 491000000,
        "sellingAndMarketingExpenses": 0,
        "sellingGeneralAndAdministrativeExpenses": 491000000,
        "otherExpenses": 145000000,
        "operatingExpenses": 999000000,
        "costAndExpenses": 4724000000,
        "interestIncome": 27000000,
        "interestExpense": 81000000,
        "depreciationAndAmortization": 512000000,
        "ebitda": 1062000000,
        "ebitdaratio": 0.2050984936,
        "operatingIncome": 454000000,
        "operatingIncomeRatio": 0.0876786404,
        "totalOtherIncomeExpensesNet": 15000000,
        "incomeBeforeTax": 469000000,
        "incomeBeforeTaxRatio": 0.0905755118,
        "incomeTaxExpense": 3000000,
        "netIncome": 462000000,
        "netIncomeRatio": 0.0892236385,
        "eps": 1.68,
        "epsdiluted": 1.66,
        "weightedAverageShsOut": 275660000,
        "weightedAverageShsOutDil": 278990000,
        "link": "https://www.sec.gov/Archives/edgar/data/1688568/000168856819000008/0001688568-19-000008-index.htm",
        "finalLink": "https://www.sec.gov/Archives/edgar/data/1688568/000168856819000008/dxc1231201810-q.htm"
    },
    {
        "date": "2018-09-30",
        "symbol": "DXC",
        "reportedCurrency": "USD",
        "cik": "0001688568",
        "fillingDate": "2018-11-08",
        "acceptedDate": "2018-11-08 09:17:45",
        "calendarYear": "2019",
        "period": "Q2",
        "revenue": 5013000000,
        "costOfRevenue": 3518000000,
        "grossProfit": 1495000000,
        "grossProfitRatio": 0.298224616,
        "researchAndDevelopmentExpenses": 0,
        "generalAndAdministrativeExpenses": 569000000,
        "sellingAndMarketingExpenses": 0,
        "sellingGeneralAndAdministrativeExpenses": 569000000,
        "otherExpenses": 97000000,
        "operatingExpenses": 1053000000,
        "costAndExpenses": 4571000000,
        "interestIncome": 33000000,
        "interestExpense": 83000000,
        "depreciationAndAmortization": 493000000,
        "ebitda": 908000000,
        "ebitdaratio": 0.1811290644,
        "operatingIncome": 442000000,
        "operatingIncomeRatio": 0.088170756,
        "totalOtherIncomeExpensesNet": -110000000,
        "incomeBeforeTax": 332000000,
        "incomeBeforeTaxRatio": 0.0662278077,
        "incomeTaxExpense": 73000000,
        "netIncome": 262000000,
        "netIncomeRatio": 0.0522641133,
        "eps": 0.93,
        "epsdiluted": 0.92,
        "weightedAverageShsOut": 281370000,
        "weightedAverageShsOutDil": 285780000,
        "link": "https://www.sec.gov/Archives/edgar/data/1688568/000168856818000133/0001688568-18-000133-index.htm",
        "finalLink": "https://www.sec.gov/Archives/edgar/data/1688568/000168856818000133/dxc930201810-q.htm"
    },
    {
        "date": "2018-06-30",
        "symbol": "DXC",
        "reportedCurrency": "USD",
        "cik": "0001688568",
        "fillingDate": "2018-08-08",
        "acceptedDate": "2018-08-08 08:24:15",
        "calendarYear": "2019",
        "period": "Q1",
        "revenue": 5282000000,
        "costOfRevenue": 3867000000,
        "grossProfit": 1415000000,
        "grossProfitRatio": 0.2678909504,
        "researchAndDevelopmentExpenses": 0,
        "generalAndAdministrativeExpenses": 440000000,
        "sellingAndMarketingExpenses": 0,
        "sellingGeneralAndAdministrativeExpenses": 440000000,
        "otherExpenses": 94000000,
        "operatingExpenses": 911000000,
        "costAndExpenses": 4778000000,
        "interestIncome": 32000000,
        "interestExpense": 85000000,
        "depreciationAndAmortization": 509000000,
        "ebitda": 954000000,
        "ebitdaratio": 0.180613404,
        "operatingIncome": 504000000,
        "operatingIncomeRatio": 0.0954184021,
        "totalOtherIncomeExpensesNet": -144000000,
        "incomeBeforeTax": 360000000,
        "incomeBeforeTaxRatio": 0.0681560015,
        "incomeTaxExpense": 129000000,
        "netIncome": 259000000,
        "netIncomeRatio": 0.0490344566,
        "eps": 0.91,
        "epsdiluted": 0.9,
        "weightedAverageShsOut": 284440000,
        "weightedAverageShsOutDil": 289300000,
        "link": "https://www.sec.gov/Archives/edgar/data/1688568/000168856818000077/0001688568-18-000077-index.htm",
        "finalLink": "https://www.sec.gov/Archives/edgar/data/1688568/000168856818000077/dxc630201810-q.htm"
    },
    {
        "date": "2018-03-31",
        "symbol": "DXC",
        "reportedCurrency": "USD",
        "cik": "0001688568",
        "fillingDate": "2018-05-29",
        "acceptedDate": "2018-05-29 08:00:50",
        "calendarYear": "2018",
        "period": "Q4",
        "revenue": 6294000000,
        "costOfRevenue": 4323000000,
        "grossProfit": 1971000000,
        "grossProfitRatio": 0.3131553861,
        "researchAndDevelopmentExpenses": 0,
        "generalAndAdministrativeExpenses": 453000000,
        "sellingAndMarketingExpenses": 0,
        "sellingGeneralAndAdministrativeExpenses": 453000000,
        "otherExpenses": 10000000,
        "operatingExpenses": 1038000000,
        "costAndExpenses": 5361000000,
        "interestIncome": 30000000,
        "interestExpense": 104000000,
        "depreciationAndAmortization": 627000000,
        "ebitda": 1392000000,
        "ebitdaratio": 0.2211630124,
        "operatingIncome": 933000000,
        "operatingIncomeRatio": 0.1482364156,
        "totalOtherIncomeExpensesNet": -272000000,
        "incomeBeforeTax": 661000000,
        "incomeBeforeTaxRatio": 0.1050206546,
        "incomeTaxExpense": 96000000,
        "netIncome": 560000000,
        "netIncomeRatio": 0.0889736257,
        "eps": 1.96,
        "epsdiluted": 1.93,
        "weightedAverageShsOut": 285640000,
        "weightedAverageShsOutDil": 290200000,
        "link": "https://www.sec.gov/Archives/edgar/data/1688568/000168856818000036/0001688568-18-000036-index.htm",
        "finalLink": "https://www.sec.gov/Archives/edgar/data/1688568/000168856818000036/dxcfy1810-k.htm"
    },
    {
        "date": "2017-12-31",
        "symbol": "DXC",
        "reportedCurrency": "USD",
        "cik": "0001688568",
        "fillingDate": "2018-02-09",
        "acceptedDate": "2018-02-08 19:45:07",
        "calendarYear": "2018",
        "period": "Q3",
        "revenue": 6186000000,
        "costOfRevenue": 4521000000,
        "grossProfit": 1665000000,
        "grossProfitRatio": 0.2691561591,
        "researchAndDevelopmentExpenses": 0,
        "generalAndAdministrativeExpenses": 475000000,
        "sellingAndMarketingExpenses": 0,
        "sellingGeneralAndAdministrativeExpenses": 475000000,
        "otherExpenses": -8000000,
        "operatingExpenses": 956000000,
        "costAndExpenses": 5477000000,
        "interestIncome": 27000000,
        "interestExpense": 73000000,
        "depreciationAndAmortization": 481000000,
        "ebitda": 998000000,
        "ebitdaratio": 0.1613320401,
        "operatingIncome": 709000000,
        "operatingIncomeRatio": 0.1146136437,
        "totalOtherIncomeExpensesNet": -84000000,
        "incomeBeforeTax": 438000000,
        "incomeBeforeTaxRatio": 0.0708050436,
        "incomeTaxExpense": -341000000,
        "netIncome": 776000000,
        "netIncomeRatio": 0.1254445522,
        "eps": 2.72,
        "epsdiluted": 2.68,
        "weightedAverageShsOut": 285380000,
        "weightedAverageShsOutDil": 289770000,
        "link": "https://www.sec.gov/Archives/edgar/data/1688568/000168856818000007/0001688568-18-000007-index.htm",
        "finalLink": "https://www.sec.gov/Archives/edgar/data/1688568/000168856818000007/dxc1231201710-q.htm"
    },
    {
        "date": "2017-09-30",
        "symbol": "DXC",
        "reportedCurrency": "USD",
        "cik": "0001688568",
        "fillingDate": "2017-11-08",
        "acceptedDate": "2017-11-07 20:15:37",
        "calendarYear": "2018",
        "period": "Q2",
        "revenue": 6163000000,
        "costOfRevenue": 4312000000,
        "grossProfit": 1851000000,
        "grossProfitRatio": 0.3003407431,
        "researchAndDevelopmentExpenses": 0,
        "generalAndAdministrativeExpenses": 672000000,
        "sellingAndMarketingExpenses": 0,
        "sellingGeneralAndAdministrativeExpenses": 672000000,
        "otherExpenses": -1000000,
        "operatingExpenses": 1209000000,
        "costAndExpenses": 5521000000,
        "interestIncome": 16000000,
        "interestExpense": 73000000,
        "depreciationAndAmortization": 541000000,
        "ebitda": 1006000000,
        "ebitdaratio": 0.1632321921,
        "operatingIncome": 642000000,
        "operatingIncomeRatio": 0.1041700471,
        "totalOtherIncomeExpensesNet": -255000000,
        "incomeBeforeTax": 387000000,
        "incomeBeforeTaxRatio": 0.0627940938,
        "incomeTaxExpense": 122000000,
        "netIncome": 256000000,
        "netIncomeRatio": 0.0415382119,
        "eps": 0.9,
        "epsdiluted": 0.88,
        "weightedAverageShsOut": 284870000,
        "weightedAverageShsOutDil": 289290000,
        "link": "https://www.sec.gov/Archives/edgar/data/1688568/000168856817000213/0001688568-17-000213-index.htm",
        "finalLink": "https://www.sec.gov/Archives/edgar/data/1688568/000168856817000213/dxc930201710-q.htm"
    },
    {
        "date": "2017-06-30",
        "symbol": "DXC",
        "reportedCurrency": "USD",
        "cik": "0001688568",
        "fillingDate": "2017-08-09",
        "acceptedDate": "2017-08-09 09:23:37",
        "calendarYear": "2018",
        "period": "Q1",
        "revenue": 5913000000,
        "costOfRevenue": 4788000000,
        "grossProfit": 1125000000,
        "grossProfitRatio": 0.1902587519,
        "researchAndDevelopmentExpenses": 0,
        "generalAndAdministrativeExpenses": 410000000,
        "sellingAndMarketingExpenses": 0,
        "sellingGeneralAndAdministrativeExpenses": 410000000,
        "otherExpenses": 81000000,
        "operatingExpenses": 771000000,
        "costAndExpenses": 5559000000,
        "interestIncome": 16000000,
        "interestExpense": 74000000,
        "depreciationAndAmortization": 363000000,
        "ebitda": 624000000,
        "ebitdaratio": 0.1055301877,
        "operatingIncome": 354000000,
        "operatingIncomeRatio": 0.0598680873,
        "totalOtherIncomeExpensesNet": -169000000,
        "incomeBeforeTax": 185000000,
        "incomeBeforeTaxRatio": 0.0312869948,
        "incomeTaxExpense": 12000000,
        "netIncome": 159000000,
        "netIncomeRatio": 0.0268899036,
        "eps": 0.56,
        "epsdiluted": 0.55,
        "weightedAverageShsOut": 283830000,
        "weightedAverageShsOutDil": 289470000,
        "link": "https://www.sec.gov/Archives/edgar/data/1688568/000168856817000159/0001688568-17-000159-index.htm",
        "finalLink": "https://www.sec.gov/Archives/edgar/data/1688568/000168856817000159/dxc630201710-q.htm"
    },
    {
        "date": "2017-03-31",
        "symbol": "DXC",
        "reportedCurrency": "USD",
        "cik": "0001688568",
        "fillingDate": "2017-03-31",
        "acceptedDate": "2017-03-30 20:00:00",
        "calendarYear": "2017",
        "period": "Q4",
        "revenue": 1889000000,
        "costOfRevenue": 1414000000,
        "grossProfit": 475000000,
        "grossProfitRatio": 0.2514557967,
        "researchAndDevelopmentExpenses": 0,
        "generalAndAdministrativeExpenses": 0,
        "sellingAndMarketingExpenses": 0,
        "sellingGeneralAndAdministrativeExpenses": 348000000,
        "otherExpenses": 13000000,
        "operatingExpenses": 501000000,
        "costAndExpenses": 1915000000,
        "interestIncome": 9000000,
        "interestExpense": 30000000,
        "depreciationAndAmortization": 155000000,
        "ebitda": -2000000,
        "ebitdaratio": -0.0010587612,
        "operatingIncome": -26000000,
        "operatingIncomeRatio": -0.0137638962,
        "totalOtherIncomeExpensesNet": -161000000,
        "incomeBeforeTax": -187000000,
        "incomeBeforeTaxRatio": -0.0989941768,
        "incomeTaxExpense": -49000000,
        "netIncome": -148000000,
        "netIncomeRatio": -0.0783483325,
        "eps": -1.05,
        "epsdiluted": -1.05,
        "weightedAverageShsOut": 141160000,
        "weightedAverageShsOutDil": 141160000,
        "link": "",
        "finalLink": ""
    },
    {
        "date": "2017-01-31",
        "symbol": "DXC",
        "reportedCurrency": "USD",
        "cik": "0001688568",
        "fillingDate": "2017-03-31",
        "acceptedDate": "2017-03-30 17:42:10",
        "calendarYear": "2017",
        "period": "Q3",
        "revenue": 1917000000,
        "costOfRevenue": 1347000000,
        "grossProfit": 570000000,
        "grossProfitRatio": 0.2973395931,
        "researchAndDevelopmentExpenses": 0,
        "generalAndAdministrativeExpenses": 0,
        "sellingAndMarketingExpenses": 0,
        "sellingGeneralAndAdministrativeExpenses": 333000000,
        "otherExpenses": 2000000,
        "operatingExpenses": 494000000,
        "costAndExpenses": 1841000000,
        "interestIncome": 8000000,
        "interestExpense": 33000000,
        "depreciationAndAmortization": 164000000,
        "ebitda": 247000000,
        "ebitdaratio": 0.128847157,
        "operatingIncome": 76000000,
        "operatingIncomeRatio": 0.0396452791,
        "totalOtherIncomeExpensesNet": -26000000,
        "incomeBeforeTax": 50000000,
        "incomeBeforeTaxRatio": 0.0260824204,
        "incomeTaxExpense": 13000000,
        "netIncome": 31000000,
        "netIncomeRatio": 0.0161711007,
        "eps": 0.22,
        "epsdiluted": 0.21,
        "weightedAverageShsOut": 140880000,
        "weightedAverageShsOutDil": 144810000,
        "link": "https://www.sec.gov/Archives/edgar/data/1688568/000119312517104403/0001193125-17-104403-index.htm",
        "finalLink": "https://www.sec.gov/Archives/edgar/data/1688568/000119312517104403/d361247d10q.htm"
    },
    {
        "date": "2016-09-30",
        "symbol": "DXC",
        "reportedCurrency": "USD",
        "cik": "0001688568",
        "fillingDate": "2016-09-30",
        "acceptedDate": "2016-09-29 20:00:00",
        "calendarYear": "2017",
        "period": "Q2",
        "revenue": 1871000000,
        "costOfRevenue": 1363000000,
        "grossProfit": 508000000,
        "grossProfitRatio": 0.2715125601,
        "researchAndDevelopmentExpenses": 0,
        "generalAndAdministrativeExpenses": 0,
        "sellingAndMarketingExpenses": 0,
        "sellingGeneralAndAdministrativeExpenses": 293000000,
        "otherExpenses": -3000000,
        "operatingExpenses": 460000000,
        "costAndExpenses": 1823000000,
        "interestIncome": 8000000,
        "interestExpense": 29000000,
        "depreciationAndAmortization": 170000000,
        "ebitda": 198000000,
        "ebitdaratio": 0.1058257616,
        "operatingIncome": 48000000,
        "operatingIncomeRatio": 0.0256547301,
        "totalOtherIncomeExpensesNet": -49000000,
        "incomeBeforeTax": -1000000,
        "incomeBeforeTaxRatio": -0.0005344735,
        "incomeTaxExpense": -22000000,
        "netIncome": 15000000,
        "netIncomeRatio": 0.0080171032,
        "eps": 0.11,
        "epsdiluted": 0.1,
        "weightedAverageShsOut": 140530000,
        "weightedAverageShsOutDil": 143780000,
        "link": "",
        "finalLink": ""
    },
    {
        "date": "2016-06-30",
        "symbol": "DXC",
        "reportedCurrency": "USD",
        "cik": "0001688568",
        "fillingDate": "2016-06-30",
        "acceptedDate": "2016-06-29 20:00:00",
        "calendarYear": "2017",
        "period": "Q1",
        "revenue": 1930000000,
        "costOfRevenue": 1421000000,
        "grossProfit": 509000000,
        "grossProfitRatio": 0.2637305699,
        "researchAndDevelopmentExpenses": 0,
        "generalAndAdministrativeExpenses": 0,
        "sellingAndMarketingExpenses": 0,
        "sellingGeneralAndAdministrativeExpenses": 305000000,
        "otherExpenses": -2000000,
        "operatingExpenses": 471000000,
        "costAndExpenses": 1892000000,
        "interestIncome": 10000000,
        "interestExpense": 25000000,
        "depreciationAndAmortization": 169000000,
        "ebitda": 158000000,
        "ebitdaratio": 0.081865285,
        "operatingIncome": 38000000,
        "operatingIncomeRatio": 0.0196891192,
        "totalOtherIncomeExpensesNet": -74000000,
        "incomeBeforeTax": -36000000,
        "incomeBeforeTaxRatio": -0.0186528497,
        "incomeTaxExpense": -16000000,
        "netIncome": -21000000,
        "netIncomeRatio": -0.010880829,
        "eps": -0.15,
        "epsdiluted": -0.15,
        "weightedAverageShsOut": 138980000,
        "weightedAverageShsOutDil": 138980000,
        "link": "",
        "finalLink": ""
    },
    {
        "date": "2016-03-31",
        "symbol": "DXC",
        "reportedCurrency": "USD",
        "cik": "0001688568",
        "fillingDate": "2016-03-31",
        "acceptedDate": "2016-03-30 20:00:00",
        "calendarYear": "2016",
        "period": "Q4",
        "revenue": 1807000000,
        "costOfRevenue": 1460000000,
        "grossProfit": 347000000,
        "grossProfitRatio": 0.1920309906,
        "researchAndDevelopmentExpenses": 65000000,
        "generalAndAdministrativeExpenses": 0,
        "sellingAndMarketingExpenses": 0,
        "sellingGeneralAndAdministrativeExpenses": 251000000,
        "otherExpenses": 6000000,
        "operatingExpenses": 406000000,
        "costAndExpenses": 1866000000,
        "interestIncome": 12000000,
        "interestExpense": 31000000,
        "depreciationAndAmortization": 155000000,
        "ebitda": 114000000,
        "ebitdaratio": 0.0630879911,
        "operatingIncome": -59000000,
        "operatingIncomeRatio": -0.0326508024,
        "totalOtherIncomeExpensesNet": -221000000,
        "incomeBeforeTax": -187000000,
        "incomeBeforeTaxRatio": -0.1034864416,
        "incomeTaxExpense": -86000000,
        "netIncome": -126000000,
        "netIncomeRatio": -0.0697288323,
        "eps": -0.91,
        "epsdiluted": -0.91,
        "weightedAverageShsOut": 138040000,
        "weightedAverageShsOutDil": 138050000,
        "link": "",
        "finalLink": ""
    },
    {
        "date": "2015-12-31",
        "symbol": "DXC",
        "reportedCurrency": "USD",
        "cik": "0001688568",
        "fillingDate": "2015-12-31",
        "acceptedDate": "2015-12-30 19:00:00",
        "calendarYear": "2016",
        "period": "Q3",
        "revenue": 1750000000,
        "costOfRevenue": 1216000000,
        "grossProfit": 534000000,
        "grossProfitRatio": 0.3051428571,
        "researchAndDevelopmentExpenses": 0,
        "generalAndAdministrativeExpenses": 0,
        "sellingAndMarketingExpenses": 0,
        "sellingGeneralAndAdministrativeExpenses": 257000000,
        "otherExpenses": -4000000,
        "operatingExpenses": 418000000,
        "costAndExpenses": 1634000000,
        "interestIncome": 8000000,
        "interestExpense": 33000000,
        "depreciationAndAmortization": 161000000,
        "ebitda": 309000000,
        "ebitdaratio": 0.1765714286,
        "operatingIncome": 116000000,
        "operatingIncomeRatio": 0.0662857143,
        "totalOtherIncomeExpensesNet": -36000000,
        "incomeBeforeTax": 78000000,
        "incomeBeforeTaxRatio": 0.0445714286,
        "incomeTaxExpense": 63000000,
        "netIncome": 43000000,
        "netIncomeRatio": 0.0245714286,
        "eps": 0.31,
        "epsdiluted": 0.3,
        "weightedAverageShsOut": 138860000,
        "weightedAverageShsOutDil": 141570000,
        "link": "",
        "finalLink": ""
    },
    {
        "date": "2015-09-30",
        "symbol": "DXC",
        "reportedCurrency": "USD",
        "cik": "0001688568",
        "fillingDate": "2015-09-30",
        "acceptedDate": "2015-09-29 20:00:00",
        "calendarYear": "2016",
        "period": "Q2",
        "revenue": 2712000000,
        "costOfRevenue": 1970000000,
        "grossProfit": 742000000,
        "grossProfitRatio": 0.2735988201,
        "researchAndDevelopmentExpenses": 0,
        "generalAndAdministrativeExpenses": 0,
        "sellingAndMarketingExpenses": 0,
        "sellingGeneralAndAdministrativeExpenses": 286000000,
        "otherExpenses": 3000000,
        "operatingExpenses": 489000000,
        "costAndExpenses": 2459000000,
        "interestIncome": 7000000,
        "interestExpense": 35000000,
        "depreciationAndAmortization": 203000000,
        "ebitda": 279000000,
        "ebitdaratio": 0.1028761062,
        "operatingIncome": 253000000,
        "operatingIncomeRatio": 0.0932890855,
        "totalOtherIncomeExpensesNet": -201000000,
        "incomeBeforeTax": 176000000,
        "incomeBeforeTaxRatio": 0.0648967552,
        "incomeTaxExpense": 3000000,
        "netIncome": 167000000,
        "netIncomeRatio": 0.0615781711,
        "eps": 1.21,
        "epsdiluted": 1.19,
        "weightedAverageShsOut": 138300000,
        "weightedAverageShsOutDil": 140850000,
        "link": "",
        "finalLink": ""
    },
    {
        "date": "2015-06-30",
        "symbol": "DXC",
        "reportedCurrency": "USD",
        "cik": "0001688568",
        "fillingDate": "2015-06-30",
        "acceptedDate": "2015-06-29 20:00:00",
        "calendarYear": "2016",
        "period": "Q1",
        "revenue": 2761000000,
        "costOfRevenue": 2026000000,
        "grossProfit": 735000000,
        "grossProfitRatio": 0.2662078957,
        "researchAndDevelopmentExpenses": 0,
        "generalAndAdministrativeExpenses": 0,
        "sellingAndMarketingExpenses": 0,
        "sellingGeneralAndAdministrativeExpenses": 284000000,
        "otherExpenses": 26000000,
        "operatingExpenses": 491000000,
        "costAndExpenses": 2517000000,
        "interestIncome": 11000000,
        "interestExpense": 35000000,
        "depreciationAndAmortization": 207000000,
        "ebitda": 309000000,
        "ebitdaratio": 0.1119159725,
        "operatingIncome": 244000000,
        "operatingIncomeRatio": 0.0883737776,
        "totalOtherIncomeExpensesNet": -39000000,
        "incomeBeforeTax": 228000000,
        "incomeBeforeTaxRatio": 0.0825787758,
        "incomeTaxExpense": 64000000,
        "netIncome": 160000000,
        "netIncomeRatio": 0.0579500181,
        "eps": 1.16,
        "epsdiluted": 1.13,
        "weightedAverageShsOut": 137920000,
        "weightedAverageShsOutDil": 141390000,
        "link": "",
        "finalLink": ""
    },
    {
        "date": "2015-03-31",
        "symbol": "DXC",
        "reportedCurrency": "USD",
        "cik": "0001688568",
        "fillingDate": "2015-03-31",
        "acceptedDate": "2015-03-30 20:00:00",
        "calendarYear": "2015",
        "period": "Q4",
        "revenue": 2909000000,
        "costOfRevenue": 2433000000,
        "grossProfit": 476000000,
        "grossProfitRatio": 0.1636301134,
        "researchAndDevelopmentExpenses": 67000000,
        "generalAndAdministrativeExpenses": 0,
        "sellingAndMarketingExpenses": 0,
        "sellingGeneralAndAdministrativeExpenses": 296000000,
        "otherExpenses": -6000000,
        "operatingExpenses": 511000000,
        "costAndExpenses": 2944000000,
        "interestIncome": 6000000,
        "interestExpense": 36000000,
        "depreciationAndAmortization": 215000000,
        "ebitda": 180000000,
        "ebitdaratio": 0.0618769337,
        "operatingIncome": -35000000,
        "operatingIncomeRatio": -0.012031626,
        "totalOtherIncomeExpensesNet": -282000000,
        "incomeBeforeTax": -317000000,
        "incomeBeforeTaxRatio": -0.1089721554,
        "incomeTaxExpense": -330000000,
        "netIncome": 9000000,
        "netIncomeRatio": 0.0030938467,
        "eps": 0.0639,
        "epsdiluted": 0.063,
        "weightedAverageShsOut": 140760000,
        "weightedAverageShsOutDil": 142812000,
        "link": "",
        "finalLink": ""
    },
    {
        "date": "2014-12-31",
        "symbol": "DXC",
        "reportedCurrency": "USD",
        "cik": "0001688568",
        "fillingDate": "2014-12-31",
        "acceptedDate": "2014-12-30 19:00:00",
        "calendarYear": "2015",
        "period": "Q3",
        "revenue": 2947000000,
        "costOfRevenue": 2530000000,
        "grossProfit": 417000000,
        "grossProfitRatio": 0.1414998303,
        "researchAndDevelopmentExpenses": 0,
        "generalAndAdministrativeExpenses": 0,
        "sellingAndMarketingExpenses": 0,
        "sellingGeneralAndAdministrativeExpenses": 356000000,
        "otherExpenses": -1000000,
        "operatingExpenses": 594000000,
        "costAndExpenses": 3124000000,
        "interestIncome": 4000000,
        "interestExpense": 37000000,
        "depreciationAndAmortization": 238000000,
        "ebitda": -116000000,
        "ebitdaratio": -0.0393620631,
        "operatingIncome": -372000000,
        "operatingIncomeRatio": -0.1262300645,
        "totalOtherIncomeExpensesNet": -441000000,
        "incomeBeforeTax": -418000000,
        "incomeBeforeTaxRatio": -0.1418391585,
        "incomeTaxExpense": -105000000,
        "netIncome": -314000000,
        "netIncomeRatio": -0.1065490329,
        "eps": -2.23,
        "epsdiluted": -2.23,
        "weightedAverageShsOut": 140637000,
        "weightedAverageShsOutDil": 140637000,
        "link": "",
        "finalLink": ""
    },
    {
        "date": "2014-09-30",
        "symbol": "DXC",
        "reportedCurrency": "USD",
        "cik": "0001688568",
        "fillingDate": "2014-09-30",
        "acceptedDate": "2014-09-29 20:00:00",
        "calendarYear": "2015",
        "period": "Q2",
        "revenue": 3080000000,
        "costOfRevenue": 2207000000,
        "grossProfit": 873000000,
        "grossProfitRatio": 0.2834415584,
        "researchAndDevelopmentExpenses": 0,
        "generalAndAdministrativeExpenses": 0,
        "sellingAndMarketingExpenses": 0,
        "sellingGeneralAndAdministrativeExpenses": 346000000,
        "otherExpenses": -6000000,
        "operatingExpenses": 598000000,
        "costAndExpenses": 2805000000,
        "interestIncome": 5000000,
        "interestExpense": 36000000,
        "depreciationAndAmortization": 252000000,
        "ebitda": 533000000,
        "ebitdaratio": 0.1730519481,
        "operatingIncome": 275000000,
        "operatingIncomeRatio": 0.0892857143,
        "totalOtherIncomeExpensesNet": -30000000,
        "incomeBeforeTax": 245000000,
        "incomeBeforeTaxRatio": 0.0795454545,
        "incomeTaxExpense": 68000000,
        "netIncome": 151000000,
        "netIncomeRatio": 0.049025974,
        "eps": 1.05,
        "epsdiluted": 1.04,
        "weightedAverageShsOut": 143279000,
        "weightedAverageShsOutDil": 145596000,
        "link": "",
        "finalLink": ""
    },
    {
        "date": "2014-06-30",
        "symbol": "DXC",
        "reportedCurrency": "USD",
        "cik": "0001688568",
        "fillingDate": "2014-06-30",
        "acceptedDate": "2014-06-29 20:00:00",
        "calendarYear": "2015",
        "period": "Q1",
        "revenue": 3237000000,
        "costOfRevenue": 2364000000,
        "grossProfit": 873000000,
        "grossProfitRatio": 0.2696941613,
        "researchAndDevelopmentExpenses": 0,
        "generalAndAdministrativeExpenses": 0,
        "sellingAndMarketingExpenses": 0,
        "sellingGeneralAndAdministrativeExpenses": 344000000,
        "otherExpenses": 1000000,
        "operatingExpenses": 616000000,
        "costAndExpenses": 2980000000,
        "interestIncome": 5000000,
        "interestExpense": 39000000,
        "depreciationAndAmortization": 272000000,
        "ebitda": 525000000,
        "ebitdaratio": 0.1621872104,
        "operatingIncome": 257000000,
        "operatingIncomeRatio": 0.0793945011,
        "totalOtherIncomeExpensesNet": -43000000,
        "incomeBeforeTax": 214000000,
        "incomeBeforeTaxRatio": 0.0661105962,
        "incomeTaxExpense": 55000000,
        "netIncome": 146000000,
        "netIncomeRatio": 0.0451034909,
        "eps": 1,
        "epsdiluted": 0.98,
        "weightedAverageShsOut": 145338000,
        "weightedAverageShsOutDil": 148251000,
        "link": "",
        "finalLink": ""
    },
    {
        "date": "2014-03-31",
        "symbol": "DXC",
        "reportedCurrency": "USD",
        "cik": "0001688568",
        "fillingDate": "2014-03-31",
        "acceptedDate": "2014-03-30 20:00:00",
        "calendarYear": "2014",
        "period": "Q4",
        "revenue": 3329000000,
        "costOfRevenue": 2411000000,
        "grossProfit": 918000000,
        "grossProfitRatio": 0.275758486,
        "researchAndDevelopmentExpenses": 0,
        "generalAndAdministrativeExpenses": 0,
        "sellingAndMarketingExpenses": 0,
        "sellingGeneralAndAdministrativeExpenses": 316000000,
        "otherExpenses": -2000000,
        "operatingExpenses": 581000000,
        "costAndExpenses": 2992000000,
        "interestIncome": 5000000,
        "interestExpense": 35000000,
        "depreciationAndAmortization": 265000000,
        "ebitda": 562000000,
        "ebitdaratio": 0.1688194653,
        "operatingIncome": 337000000,
        "operatingIncomeRatio": 0.1012316011,
        "totalOtherIncomeExpensesNet": -75000000,
        "incomeBeforeTax": 262000000,
        "incomeBeforeTaxRatio": 0.078702313,
        "incomeTaxExpense": 83000000,
        "netIncome": 174000000,
        "netIncomeRatio": 0.0522679483,
        "eps": 1.19,
        "epsdiluted": 1.17,
        "weightedAverageShsOut": 145953000,
        "weightedAverageShsOutDil": 149251000,
        "link": "",
        "finalLink": ""
    },
    {
        "date": "2013-12-31",
        "symbol": "DXC",
        "reportedCurrency": "USD",
        "cik": "0001688568",
        "fillingDate": "2013-12-31",
        "acceptedDate": "2013-12-30 19:00:00",
        "calendarYear": "2014",
        "period": "Q3",
        "revenue": 3228000000,
        "costOfRevenue": 2362000000,
        "grossProfit": 866000000,
        "grossProfitRatio": 0.2682775713,
        "researchAndDevelopmentExpenses": 0,
        "generalAndAdministrativeExpenses": 0,
        "sellingAndMarketingExpenses": 0,
        "sellingGeneralAndAdministrativeExpenses": 354000000,
        "otherExpenses": 5000000,
        "operatingExpenses": 605000000,
        "costAndExpenses": 2967000000,
        "interestIncome": 4000000,
        "interestExpense": 38000000,
        "depreciationAndAmortization": 251000000,
        "ebitda": 647000000,
        "ebitdaratio": 0.2004337051,
        "operatingIncome": 261000000,
        "operatingIncomeRatio": 0.0808550186,
        "totalOtherIncomeExpensesNet": -40000000,
        "incomeBeforeTax": 221000000,
        "incomeBeforeTaxRatio": 0.0684634449,
        "incomeTaxExpense": 70000000,
        "netIncome": 141000000,
        "netIncomeRatio": 0.0436802974,
        "eps": 0.96,
        "epsdiluted": 0.94,
        "weightedAverageShsOut": 146735000,
        "weightedAverageShsOutDil": 149362000,
        "link": "",
        "finalLink": ""
    },
    {
        "date": "2013-09-30",
        "symbol": "DXC",
        "reportedCurrency": "USD",
        "cik": "0001688568",
        "fillingDate": "2013-09-30",
        "acceptedDate": "2013-09-29 20:00:00",
        "calendarYear": "2014",
        "period": "Q2",
        "revenue": 3187000000,
        "costOfRevenue": 2338000000,
        "grossProfit": 849000000,
        "grossProfitRatio": 0.2663947286,
        "researchAndDevelopmentExpenses": 0,
        "generalAndAdministrativeExpenses": 0,
        "sellingAndMarketingExpenses": 0,
        "sellingGeneralAndAdministrativeExpenses": 316000000,
        "otherExpenses": -22000000,
        "operatingExpenses": 564000000,
        "costAndExpenses": 2902000000,
        "interestIncome": 3000000,
        "interestExpense": 35000000,
        "depreciationAndAmortization": 247000000,
        "ebitda": 522000000,
        "ebitdaratio": 0.1637903985,
        "operatingIncome": 285000000,
        "operatingIncomeRatio": 0.0894257923,
        "totalOtherIncomeExpensesNet": -69000000,
        "incomeBeforeTax": 216000000,
        "incomeBeforeTaxRatio": 0.0677753373,
        "incomeTaxExpense": 70000000,
        "netIncome": 203000000,
        "netIncomeRatio": 0.0636962661,
        "eps": 1.37,
        "epsdiluted": 1.34,
        "weightedAverageShsOut": 148047000,
        "weightedAverageShsOutDil": 150973000,
        "link": "",
        "finalLink": ""
    },
    {
        "date": "2013-06-30",
        "symbol": "DXC",
        "reportedCurrency": "USD",
        "cik": "0001688568",
        "fillingDate": "2013-06-30",
        "acceptedDate": "2013-06-29 20:00:00",
        "calendarYear": "2014",
        "period": "Q1",
        "revenue": 3260000000,
        "costOfRevenue": 2466000000,
        "grossProfit": 794000000,
        "grossProfitRatio": 0.2435582822,
        "researchAndDevelopmentExpenses": 0,
        "generalAndAdministrativeExpenses": 0,
        "sellingAndMarketingExpenses": 0,
        "sellingGeneralAndAdministrativeExpenses": 292000000,
        "otherExpenses": 1000000,
        "operatingExpenses": 547000000,
        "costAndExpenses": 3013000000,
        "interestIncome": 4000000,
        "interestExpense": 39000000,
        "depreciationAndAmortization": 255000000,
        "ebitda": 528000000,
        "ebitdaratio": 0.1619631902,
        "operatingIncome": 247000000,
        "operatingIncomeRatio": 0.0757668712,
        "totalOtherIncomeExpensesNet": -41000000,
        "incomeBeforeTax": 206000000,
        "incomeBeforeTaxRatio": 0.063190184,
        "incomeTaxExpense": 65000000,
        "netIncome": 156000000,
        "netIncomeRatio": 0.0478527607,
        "eps": 1.04,
        "epsdiluted": 1.02,
        "weightedAverageShsOut": 149854000,
        "weightedAverageShsOutDil": 152238000,
        "link": "",
        "finalLink": ""
    },
    {
        "date": "2013-03-31",
        "symbol": "DXC",
        "reportedCurrency": "USD",
        "cik": "0001688568",
        "fillingDate": "2013-03-31",
        "acceptedDate": "2013-03-30 20:00:00",
        "calendarYear": "2013",
        "period": "Q4",
        "revenue": 3559000000,
        "costOfRevenue": 2710000000,
        "grossProfit": 849000000,
        "grossProfitRatio": 0.2385501545,
        "researchAndDevelopmentExpenses": 55000000,
        "generalAndAdministrativeExpenses": 0,
        "sellingAndMarketingExpenses": 0,
        "sellingGeneralAndAdministrativeExpenses": 331000000,
        "otherExpenses": 41000000,
        "operatingExpenses": 601000000,
        "costAndExpenses": 3311000000,
        "interestIncome": 8000000,
        "interestExpense": 36000000,
        "depreciationAndAmortization": 292000000,
        "ebitda": 598000000,
        "ebitdaratio": 0.168024726,
        "operatingIncome": 248000000,
        "operatingIncomeRatio": 0.0696824951,
        "totalOtherIncomeExpensesNet": -148000000,
        "incomeBeforeTax": 100000000,
        "incomeBeforeTaxRatio": 0.0280977803,
        "incomeTaxExpense": -141000000,
        "netIncome": 281000000,
        "netIncomeRatio": 0.0789547626,
        "eps": 1.81,
        "epsdiluted": 1.81,
        "weightedAverageShsOut": 152733000,
        "weightedAverageShsOutDil": 155039000,
        "link": "",
        "finalLink": ""
    },
    {
        "date": "2012-12-31",
        "symbol": "DXC",
        "reportedCurrency": "USD",
        "cik": "0001688568",
        "fillingDate": "2012-12-31",
        "acceptedDate": "2012-12-30 19:00:00",
        "calendarYear": "2013",
        "period": "Q3",
        "revenue": 3781000000,
        "costOfRevenue": 2995000000,
        "grossProfit": 786000000,
        "grossProfitRatio": 0.2078815128,
        "researchAndDevelopmentExpenses": 0,
        "generalAndAdministrativeExpenses": 0,
        "sellingAndMarketingExpenses": 0,
        "sellingGeneralAndAdministrativeExpenses": 278000000,
        "otherExpenses": -4000000,
        "operatingExpenses": 548000000,
        "costAndExpenses": 3543000000,
        "interestIncome": 4000000,
        "interestExpense": 57000000,
        "depreciationAndAmortization": 282000000,
        "ebitda": 520000000,
        "ebitdaratio": 0.137529754,
        "operatingIncome": 238000000,
        "operatingIncomeRatio": 0.0629463105,
        "totalOtherIncomeExpensesNet": -86000000,
        "incomeBeforeTax": 155000000,
        "incomeBeforeTaxRatio": 0.0409944459,
        "incomeTaxExpense": 32000000,
        "netIncome": 510000000,
        "netIncomeRatio": 0.1348849511,
        "eps": 3.29,
        "epsdiluted": 3.27,
        "weightedAverageShsOut": 155039000,
        "weightedAverageShsOutDil": 156084000,
        "link": "",
        "finalLink": ""
    },
    {
        "date": "2012-09-30",
        "symbol": "DXC",
        "reportedCurrency": "USD",
        "cik": "0001688568",
        "fillingDate": "2012-09-30",
        "acceptedDate": "2012-09-29 20:00:00",
        "calendarYear": "2013",
        "period": "Q2",
        "revenue": 3854000000,
        "costOfRevenue": 2994000000,
        "grossProfit": 860000000,
        "grossProfitRatio": 0.2231447846,
        "researchAndDevelopmentExpenses": 0,
        "generalAndAdministrativeExpenses": 0,
        "sellingAndMarketingExpenses": 0,
        "sellingGeneralAndAdministrativeExpenses": 301000000,
        "otherExpenses": 273000000,
        "operatingExpenses": 560000000,
        "costAndExpenses": 3554000000,
        "interestIncome": 5000000,
        "interestExpense": 45000000,
        "depreciationAndAmortization": 273000000,
        "ebitda": 578000000,
        "ebitdaratio": 0.1499740529,
        "operatingIncome": 286000000,
        "operatingIncomeRatio": 0.0742086144,
        "totalOtherIncomeExpensesNet": -88000000,
        "incomeBeforeTax": 202000000,
        "incomeBeforeTaxRatio": 0.0524130773,
        "incomeTaxExpense": 64000000,
        "netIncome": 130000000,
        "netIncomeRatio": 0.0337311884,
        "eps": 0.84,
        "epsdiluted": 0.83,
        "weightedAverageShsOut": 155360000,
        "weightedAverageShsOutDil": 155754000,
        "link": "",
        "finalLink": ""
    },
    {
        "date": "2012-06-30",
        "symbol": "DXC",
        "reportedCurrency": "USD",
        "cik": "0001688568",
        "fillingDate": "2012-06-30",
        "acceptedDate": "2012-06-29 20:00:00",
        "calendarYear": "2013",
        "period": "Q1",
        "revenue": 3957000000,
        "costOfRevenue": 3253000000,
        "grossProfit": 704000000,
        "grossProfitRatio": 0.17791256,
        "researchAndDevelopmentExpenses": 0,
        "generalAndAdministrativeExpenses": 0,
        "sellingAndMarketingExpenses": 0,
        "sellingGeneralAndAdministrativeExpenses": 291000000,
        "otherExpenses": 263000000,
        "operatingExpenses": 554000000,
        "costAndExpenses": 3807000000,
        "interestIncome": 5000000,
        "interestExpense": 45000000,
        "depreciationAndAmortization": 279000000,
        "ebitda": 434000000,
        "ebitdaratio": 0.1096790498,
        "operatingIncome": 150000000,
        "operatingIncomeRatio": 0.0379075057,
        "totalOtherIncomeExpensesNet": -39000000,
        "incomeBeforeTax": 74000000,
        "incomeBeforeTaxRatio": 0.0187010361,
        "incomeTaxExpense": 32000000,
        "netIncome": 40000000,
        "netIncomeRatio": 0.0101086682,
        "eps": 0.26,
        "epsdiluted": 0.26,
        "weightedAverageShsOut": 155227000,
        "weightedAverageShsOutDil": 155647000,
        "link": "",
        "finalLink": ""
    },
    {
        "date": "2012-03-31",
        "symbol": "DXC",
        "reportedCurrency": "USD",
        "cik": "0001688568",
        "fillingDate": "2012-03-31",
        "acceptedDate": "2012-03-30 20:00:00",
        "calendarYear": "2012",
        "period": "Q4",
        "revenue": 4114000000,
        "costOfRevenue": 3521000000,
        "grossProfit": 593000000,
        "grossProfitRatio": 0.1441419543,
        "researchAndDevelopmentExpenses": 0,
        "generalAndAdministrativeExpenses": 0,
        "sellingAndMarketingExpenses": 0,
        "sellingGeneralAndAdministrativeExpenses": 295000000,
        "otherExpenses": 276000000,
        "operatingExpenses": 571000000,
        "costAndExpenses": 4092000000,
        "interestIncome": 6000000,
        "interestExpense": 45000000,
        "depreciationAndAmortization": 279000000,
        "ebitda": 310000000,
        "ebitdaratio": 0.075352455,
        "operatingIncome": 22000000,
        "operatingIncomeRatio": 0.0053475936,
        "totalOtherIncomeExpensesNet": -178000000,
        "incomeBeforeTax": -156000000,
        "incomeBeforeTaxRatio": -0.0379193,
        "incomeTaxExpense": -3000000,
        "netIncome": -158000000,
        "netIncomeRatio": -0.0384054448,
        "eps": -1.02,
        "epsdiluted": -1.02,
        "weightedAverageShsOut": 155061000,
        "weightedAverageShsOutDil": 155061000,
        "link": "",
        "finalLink": ""
    },
    {
        "date": "2011-12-31",
        "symbol": "DXC",
        "reportedCurrency": "USD",
        "cik": "0001688568",
        "fillingDate": "2011-12-31",
        "acceptedDate": "2011-12-30 19:00:00",
        "calendarYear": "2012",
        "period": "Q3",
        "revenue": 3764000000,
        "costOfRevenue": 4518000000,
        "grossProfit": -754000000,
        "grossProfitRatio": -0.2003188098,
        "researchAndDevelopmentExpenses": 0,
        "generalAndAdministrativeExpenses": 0,
        "sellingAndMarketingExpenses": 0,
        "sellingGeneralAndAdministrativeExpenses": 275000000,
        "otherExpenses": 302000000,
        "operatingExpenses": 577000000,
        "costAndExpenses": 5095000000,
        "interestIncome": 8000000,
        "interestExpense": 43000000,
        "depreciationAndAmortization": 322000000,
        "ebitda": -1001000000,
        "ebitdaratio": -0.2659404888,
        "operatingIncome": -1331000000,
        "operatingIncomeRatio": -0.3536131775,
        "totalOtherIncomeExpensesNet": -106000000,
        "incomeBeforeTax": -1438000000,
        "incomeBeforeTaxRatio": -0.3820403826,
        "incomeTaxExpense": -45000000,
        "netIncome": -1390000000,
        "netIncomeRatio": -0.3692879915,
        "eps": -8.96,
        "epsdiluted": -8.96,
        "weightedAverageShsOut": 155061000,
        "weightedAverageShsOutDil": 155061000,
        "link": "",
        "finalLink": ""
    },
    {
        "date": "2011-09-30",
        "symbol": "DXC",
        "reportedCurrency": "USD",
        "cik": "0001688568",
        "fillingDate": "2011-09-30",
        "acceptedDate": "2011-09-29 20:00:00",
        "calendarYear": "2012",
        "period": "Q2",
        "revenue": 3966000000,
        "costOfRevenue": 3510000000,
        "grossProfit": 456000000,
        "grossProfitRatio": 0.1149773071,
        "researchAndDevelopmentExpenses": 0,
        "generalAndAdministrativeExpenses": 0,
        "sellingAndMarketingExpenses": 0,
        "sellingGeneralAndAdministrativeExpenses": 307000000,
        "otherExpenses": 290000000,
        "operatingExpenses": 597000000,
        "costAndExpenses": 4107000000,
        "interestIncome": 12000000,
        "interestExpense": 46000000,
        "depreciationAndAmortization": 319000000,
        "ebitda": 190000000,
        "ebitdaratio": 0.0479072113,
        "operatingIncome": -141000000,
        "operatingIncomeRatio": -0.0355521936,
        "totalOtherIncomeExpensesNet": -2713000000,
        "incomeBeforeTax": -2854000000,
        "incomeBeforeTaxRatio": -0.7196167423,
        "incomeTaxExpense": 12000000,
        "netIncome": -2877000000,
        "netIncomeRatio": -0.7254160363,
        "eps": -18.56,
        "epsdiluted": -18.56,
        "weightedAverageShsOut": 155045000,
        "weightedAverageShsOutDil": 155045000,
        "link": "",
        "finalLink": ""
    },
    {
        "date": "2011-06-30",
        "symbol": "DXC",
        "reportedCurrency": "USD",
        "cik": "0001688568",
        "fillingDate": "2011-06-30",
        "acceptedDate": "2011-06-29 20:00:00",
        "calendarYear": "2012",
        "period": "Q1",
        "revenue": 4033000000,
        "costOfRevenue": 3365000000,
        "grossProfit": 668000000,
        "grossProfitRatio": 0.1656335234,
        "researchAndDevelopmentExpenses": 0,
        "generalAndAdministrativeExpenses": 0,
        "sellingAndMarketingExpenses": 0,
        "sellingGeneralAndAdministrativeExpenses": 264000000,
        "otherExpenses": 273000000,
        "operatingExpenses": 542000000,
        "costAndExpenses": 3907000000,
        "interestIncome": 12000000,
        "interestExpense": 42000000,
        "depreciationAndAmortization": 292000000,
        "ebitda": 435000000,
        "ebitdaratio": 0.1078601537,
        "operatingIncome": 131000000,
        "operatingIncomeRatio": 0.0324820233,
        "totalOtherIncomeExpensesNet": -25000000,
        "incomeBeforeTax": 101000000,
        "incomeBeforeTaxRatio": 0.025043392,
        "incomeTaxExpense": -85000000,
        "netIncome": 183000000,
        "netIncomeRatio": 0.0453756509,
        "eps": 1.18,
        "epsdiluted": 1.17,
        "weightedAverageShsOut": 154844000,
        "weightedAverageShsOutDil": 155991000,
        "link": "",
        "finalLink": ""
    },
    {
        "date": "2011-03-31",
        "symbol": "DXC",
        "reportedCurrency": "USD",
        "cik": "0001688568",
        "fillingDate": "2011-03-31",
        "acceptedDate": "2011-03-30 20:00:00",
        "calendarYear": "2011",
        "period": "Q4",
        "revenue": 4117000000,
        "costOfRevenue": 3314000000,
        "grossProfit": 803000000,
        "grossProfitRatio": 0.1950449356,
        "researchAndDevelopmentExpenses": 0,
        "generalAndAdministrativeExpenses": 0,
        "sellingAndMarketingExpenses": 0,
        "sellingGeneralAndAdministrativeExpenses": 231000000,
        "otherExpenses": 255000000,
        "operatingExpenses": 486000000,
        "costAndExpenses": 3800000000,
        "interestIncome": 12000000,
        "interestExpense": 42000000,
        "depreciationAndAmortization": 283000000,
        "ebitda": 612000000,
        "ebitdaratio": 0.148651931,
        "operatingIncome": 317000000,
        "operatingIncomeRatio": 0.0769978139,
        "totalOtherIncomeExpensesNet": -70000000,
        "incomeBeforeTax": 247000000,
        "incomeBeforeTaxRatio": 0.0599951421,
        "incomeTaxExpense": 106000000,
        "netIncome": 171000000,
        "netIncomeRatio": 0.0415350984,
        "eps": 1.11,
        "epsdiluted": 1.11,
        "weightedAverageShsOut": 154378000,
        "weightedAverageShsOutDil": 154378000,
        "link": "",
        "finalLink": ""
    },
    {
        "date": "2010-12-31",
        "symbol": "DXC",
        "reportedCurrency": "USD",
        "cik": "0001688568",
        "fillingDate": "2010-12-31",
        "acceptedDate": "2010-12-30 19:00:00",
        "calendarYear": "2011",
        "period": "Q3",
        "revenue": 4008000000,
        "costOfRevenue": 3232000000,
        "grossProfit": 776000000,
        "grossProfitRatio": 0.1936127745,
        "researchAndDevelopmentExpenses": 0,
        "generalAndAdministrativeExpenses": 0,
        "sellingAndMarketingExpenses": 0,
        "sellingGeneralAndAdministrativeExpenses": 243000000,
        "otherExpenses": 269000000,
        "operatingExpenses": 512000000,
        "costAndExpenses": 3744000000,
        "interestIncome": 8000000,
        "interestExpense": 43000000,
        "depreciationAndAmortization": 286000000,
        "ebitda": 559000000,
        "ebitdaratio": 0.1394710579,
        "operatingIncome": 264000000,
        "operatingIncomeRatio": 0.0658682635,
        "totalOtherIncomeExpensesNet": -32000000,
        "incomeBeforeTax": 231000000,
        "incomeBeforeTaxRatio": 0.0576347305,
        "incomeTaxExpense": -12000000,
        "netIncome": 242000000,
        "netIncomeRatio": 0.0603792415,
        "eps": 1.57,
        "epsdiluted": 1.54,
        "weightedAverageShsOut": 154526000,
        "weightedAverageShsOutDil": 156716000,
        "link": "",
        "finalLink": ""
    },
    {
        "date": "2010-09-30",
        "symbol": "DXC",
        "reportedCurrency": "USD",
        "cik": "0001688568",
        "fillingDate": "2010-09-30",
        "acceptedDate": "2010-09-29 20:00:00",
        "calendarYear": "2011",
        "period": "Q2",
        "revenue": 3975000000,
        "costOfRevenue": 3182000000,
        "grossProfit": 793000000,
        "grossProfitRatio": 0.1994968553,
        "researchAndDevelopmentExpenses": 0,
        "generalAndAdministrativeExpenses": 0,
        "sellingAndMarketingExpenses": 0,
        "sellingGeneralAndAdministrativeExpenses": 247000000,
        "otherExpenses": 238000000,
        "operatingExpenses": 485000000,
        "costAndExpenses": 3667000000,
        "interestIncome": 9000000,
        "interestExpense": 42000000,
        "depreciationAndAmortization": 294000000,
        "ebitda": 581000000,
        "ebitdaratio": 0.146163522,
        "operatingIncome": 308000000,
        "operatingIncomeRatio": 0.0774842767,
        "totalOtherIncomeExpensesNet": -63000000,
        "incomeBeforeTax": 275000000,
        "incomeBeforeTaxRatio": 0.0691823899,
        "incomeTaxExpense": 82000000,
        "netIncome": 184000000,
        "netIncomeRatio": 0.0462893082,
        "eps": 1.19,
        "epsdiluted": 1.18,
        "weightedAverageShsOut": 154393000,
        "weightedAverageShsOutDil": 155766000,
        "link": "",
        "finalLink": ""
    },
    {
        "date": "2010-06-30",
        "symbol": "DXC",
        "reportedCurrency": "USD",
        "cik": "0001688568",
        "fillingDate": "2010-06-30",
        "acceptedDate": "2010-06-29 20:00:00",
        "calendarYear": "2011",
        "period": "Q1",
        "revenue": 3942000000,
        "costOfRevenue": 3197000000,
        "grossProfit": 745000000,
        "grossProfitRatio": 0.1889903602,
        "researchAndDevelopmentExpenses": 0,
        "generalAndAdministrativeExpenses": 0,
        "sellingAndMarketingExpenses": 0,
        "sellingGeneralAndAdministrativeExpenses": 244000000,
        "otherExpenses": 253000000,
        "operatingExpenses": 497000000,
        "costAndExpenses": 3694000000,
        "interestIncome": 8000000,
        "interestExpense": 41000000,
        "depreciationAndAmortization": 277000000,
        "ebitda": 529000000,
        "ebitdaratio": 0.1341958397,
        "operatingIncome": 248000000,
        "operatingIncomeRatio": 0.0629122273,
        "totalOtherIncomeExpensesNet": -37000000,
        "incomeBeforeTax": 215000000,
        "incomeBeforeTaxRatio": 0.0545408422,
        "incomeTaxExpense": 67000000,
        "netIncome": 143000000,
        "netIncomeRatio": 0.036276002,
        "eps": 0.93,
        "epsdiluted": 0.91,
        "weightedAverageShsOut": 154215000,
        "weightedAverageShsOutDil": 156530000,
        "link": "",
        "finalLink": ""
    },
    {
        "date": "2010-03-31",
        "symbol": "DXC",
        "reportedCurrency": "USD",
        "cik": "0001688568",
        "fillingDate": "2010-03-31",
        "acceptedDate": "2010-03-30 20:00:00",
        "calendarYear": "2010",
        "period": "Q4",
        "revenue": 4236000000,
        "costOfRevenue": 3321000000,
        "grossProfit": 915000000,
        "grossProfitRatio": 0.2160056657,
        "researchAndDevelopmentExpenses": 0,
        "generalAndAdministrativeExpenses": 0,
        "sellingAndMarketingExpenses": 0,
        "sellingGeneralAndAdministrativeExpenses": 259000000,
        "otherExpenses": 267000000,
        "operatingExpenses": 526000000,
        "costAndExpenses": 3847000000,
        "interestIncome": 7000000,
        "interestExpense": 94000000,
        "depreciationAndAmortization": 278000000,
        "ebitda": 674000000,
        "ebitdaratio": 0.1591123702,
        "operatingIncome": 389000000,
        "operatingIncomeRatio": 0.0918319169,
        "totalOtherIncomeExpensesNet": -87000000,
        "incomeBeforeTax": 302000000,
        "incomeBeforeTaxRatio": 0.0712936733,
        "incomeTaxExpense": 38000000,
        "netIncome": 259000000,
        "netIncomeRatio": 0.0611425873,
        "eps": 1.7,
        "epsdiluted": 1.7,
        "weightedAverageShsOut": 151496000,
        "weightedAverageShsOutDil": 152784000,
        "link": "",
        "finalLink": ""
    },
    {
        "date": "2009-12-31",
        "symbol": "DXC",
        "reportedCurrency": "USD",
        "cik": "0001688568",
        "fillingDate": "2009-12-31",
        "acceptedDate": "2009-12-30 19:00:00",
        "calendarYear": "2010",
        "period": "Q3",
        "revenue": 3953000000,
        "costOfRevenue": 3105000000,
        "grossProfit": 848000000,
        "grossProfitRatio": 0.2145206173,
        "researchAndDevelopmentExpenses": 0,
        "generalAndAdministrativeExpenses": 0,
        "sellingAndMarketingExpenses": 0,
        "sellingGeneralAndAdministrativeExpenses": 239000000,
        "otherExpenses": 274000000,
        "operatingExpenses": 513000000,
        "costAndExpenses": 3618000000,
        "interestIncome": 6000000,
        "interestExpense": 50000000,
        "depreciationAndAmortization": 301000000,
        "ebitda": 642000000,
        "ebitdaratio": 0.1624082975,
        "operatingIncome": 335000000,
        "operatingIncomeRatio": 0.0847457627,
        "totalOtherIncomeExpensesNet": -44000000,
        "incomeBeforeTax": 291000000,
        "incomeBeforeTaxRatio": 0.073614976,
        "incomeTaxExpense": 75000000,
        "netIncome": 211000000,
        "netIncomeRatio": 0.0533771819,
        "eps": 1.39,
        "epsdiluted": 1.37,
        "weightedAverageShsOut": 152052000,
        "weightedAverageShsOutDil": 154279000,
        "link": "",
        "finalLink": ""
    },
    {
        "date": "2009-09-30",
        "symbol": "DXC",
        "reportedCurrency": "USD",
        "cik": "0001688568",
        "fillingDate": "2009-09-30",
        "acceptedDate": "2009-09-29 20:00:00",
        "calendarYear": "2010",
        "period": "Q2",
        "revenue": 4041000000,
        "costOfRevenue": 3215000000,
        "grossProfit": 826000000,
        "grossProfitRatio": 0.2044048503,
        "researchAndDevelopmentExpenses": 0,
        "generalAndAdministrativeExpenses": 0,
        "sellingAndMarketingExpenses": 0,
        "sellingGeneralAndAdministrativeExpenses": 246000000,
        "otherExpenses": 274000000,
        "operatingExpenses": 520000000,
        "costAndExpenses": 3735000000,
        "interestIncome": 7000000,
        "interestExpense": 53000000,
        "depreciationAndAmortization": 294000000,
        "ebitda": 607000000,
        "ebitdaratio": 0.150210344,
        "operatingIncome": 306000000,
        "operatingIncomeRatio": 0.0757238307,
        "totalOtherIncomeExpensesNet": -46000000,
        "incomeBeforeTax": 260000000,
        "incomeBeforeTaxRatio": 0.0643405098,
        "incomeTaxExpense": 39000000,
        "netIncome": 216000000,
        "netIncomeRatio": 0.0534521158,
        "eps": 1.42,
        "epsdiluted": 1.4,
        "weightedAverageShsOut": 151835000,
        "weightedAverageShsOutDil": 154126000,
        "link": "",
        "finalLink": ""
    },
    {
        "date": "2009-06-30",
        "symbol": "DXC",
        "reportedCurrency": "USD",
        "cik": "0001688568",
        "fillingDate": "2009-06-30",
        "acceptedDate": "2009-06-29 20:00:00",
        "calendarYear": "2010",
        "period": "Q1",
        "revenue": 3898000000,
        "costOfRevenue": 3156000000,
        "grossProfit": 742000000,
        "grossProfitRatio": 0.1903540277,
        "researchAndDevelopmentExpenses": 0,
        "generalAndAdministrativeExpenses": 0,
        "sellingAndMarketingExpenses": 0,
        "sellingGeneralAndAdministrativeExpenses": 247000000,
        "otherExpenses": 262000000,
        "operatingExpenses": 509000000,
        "costAndExpenses": 3665000000,
        "interestIncome": 7000000,
        "interestExpense": 55000000,
        "depreciationAndAmortization": 283000000,
        "ebitda": 523000000,
        "ebitdaratio": 0.1341713699,
        "operatingIncome": 233000000,
        "operatingIncomeRatio": 0.0597742432,
        "totalOtherIncomeExpensesNet": -48000000,
        "incomeBeforeTax": 185000000,
        "incomeBeforeTaxRatio": 0.047460236,
        "incomeTaxExpense": 52000000,
        "netIncome": 131000000,
        "netIncomeRatio": 0.0336069779,
        "eps": 0.86,
        "epsdiluted": 0.86,
        "weightedAverageShsOut": 151539000,
        "weightedAverageShsOutDil": 152804000,
        "link": "",
        "finalLink": ""
    },
    {
        "date": "2009-03-31",
        "symbol": "DXC",
        "reportedCurrency": "USD",
        "cik": "0001688568",
        "fillingDate": "2009-03-31",
        "acceptedDate": "2009-03-30 20:00:00",
        "calendarYear": "2009",
        "period": "Q4",
        "revenue": 4111700000,
        "costOfRevenue": 3169300000,
        "grossProfit": 942400000,
        "grossProfitRatio": 0.2291996011,
        "researchAndDevelopmentExpenses": 0,
        "generalAndAdministrativeExpenses": 0,
        "sellingAndMarketingExpenses": 0,
        "sellingGeneralAndAdministrativeExpenses": 258800000,
        "otherExpenses": 297400000,
        "operatingExpenses": 556200000,
        "costAndExpenses": 3725500000,
        "interestIncome": 0,
        "interestExpense": 0,
        "depreciationAndAmortization": 283100000,
        "ebitda": 691400000,
        "ebitdaratio": 0.1681542914,
        "operatingIncome": 386200000,
        "operatingIncomeRatio": 0.0939270861,
        "totalOtherIncomeExpensesNet": -55700000,
        "incomeBeforeTax": 330500000,
        "incomeBeforeTaxRatio": 0.0803803779,
        "incomeTaxExpense": -51800000,
        "netIncome": 382300000,
        "netIncomeRatio": 0.0929785733,
        "eps": 2.52,
        "epsdiluted": 2.52,
        "weightedAverageShsOut": 151485000,
        "weightedAverageShsOutDil": 151485000,
        "link": "",
        "finalLink": ""
    },
    {
        "date": "2008-12-31",
        "symbol": "DXC",
        "reportedCurrency": "USD",
        "cik": "0001688568",
        "fillingDate": "2008-12-31",
        "acceptedDate": "2008-12-30 19:00:00",
        "calendarYear": "2009",
        "period": "Q3",
        "revenue": 3952400000,
        "costOfRevenue": 3083400000,
        "grossProfit": 869000000,
        "grossProfitRatio": 0.2198664103,
        "researchAndDevelopmentExpenses": 0,
        "generalAndAdministrativeExpenses": 0,
        "sellingAndMarketingExpenses": 0,
        "sellingGeneralAndAdministrativeExpenses": 261200000,
        "otherExpenses": 282200000,
        "operatingExpenses": 552300000,
        "costAndExpenses": 3635700000,
        "interestIncome": 12100000,
        "interestExpense": 68700000,
        "depreciationAndAmortization": 282200000,
        "ebitda": 611000000,
        "ebitdaratio": 0.1545896164,
        "operatingIncome": 325600000,
        "operatingIncomeRatio": 0.0823803259,
        "totalOtherIncomeExpensesNet": -56000000,
        "incomeBeforeTax": 260100000,
        "incomeBeforeTaxRatio": 0.0658081166,
        "incomeTaxExpense": 99500000,
        "netIncome": 160600000,
        "netIncomeRatio": 0.0406335391,
        "eps": 1.06,
        "epsdiluted": 1.06,
        "weightedAverageShsOut": 151485000,
        "weightedAverageShsOutDil": 151857000,
        "link": "",
        "finalLink": ""
    },
    {
        "date": "2008-09-30",
        "symbol": "DXC",
        "reportedCurrency": "USD",
        "cik": "0001688568",
        "fillingDate": "2008-09-30",
        "acceptedDate": "2008-09-29 20:00:00",
        "calendarYear": "2009",
        "period": "Q2",
        "revenue": 4238700000,
        "costOfRevenue": 3406700000,
        "grossProfit": 832000000,
        "grossProfitRatio": 0.1962865973,
        "researchAndDevelopmentExpenses": 0,
        "generalAndAdministrativeExpenses": 0,
        "sellingAndMarketingExpenses": 0,
        "sellingGeneralAndAdministrativeExpenses": 285300000,
        "otherExpenses": 312100000,
        "operatingExpenses": 597400000,
        "costAndExpenses": 4004100000,
        "interestIncome": 9000000,
        "interestExpense": 59000000,
        "depreciationAndAmortization": 341300000,
        "ebitda": 575700000,
        "ebitdaratio": 0.1358199448,
        "operatingIncome": 234600000,
        "operatingIncomeRatio": 0.0553471583,
        "totalOtherIncomeExpensesNet": -50000000,
        "incomeBeforeTax": 185100000,
        "incomeBeforeTaxRatio": 0.0436690495,
        "incomeTaxExpense": -266600000,
        "netIncome": 451700000,
        "netIncomeRatio": 0.1065656923,
        "eps": 2.98,
        "epsdiluted": 2.95,
        "weightedAverageShsOut": 151396000,
        "weightedAverageShsOutDil": 153107000,
        "link": "",
        "finalLink": ""
    },
    {
        "date": "2008-06-30",
        "symbol": "DXC",
        "reportedCurrency": "USD",
        "cik": "0001688568",
        "fillingDate": "2008-06-30",
        "acceptedDate": "2008-06-29 20:00:00",
        "calendarYear": "2009",
        "period": "Q1",
        "revenue": 4437100000,
        "costOfRevenue": 3601300000,
        "grossProfit": 835800000,
        "grossProfitRatio": 0.1883662753,
        "researchAndDevelopmentExpenses": 0,
        "generalAndAdministrativeExpenses": 0,
        "sellingAndMarketingExpenses": 0,
        "sellingGeneralAndAdministrativeExpenses": 277500000,
        "otherExpenses": 317200000,
        "operatingExpenses": 594700000,
        "costAndExpenses": 4196000000,
        "interestIncome": 10000000,
        "interestExpense": 64000000,
        "depreciationAndAmortization": 339600000,
        "ebitda": 584000000,
        "ebitdaratio": 0.1316174979,
        "operatingIncome": 241100000,
        "operatingIncomeRatio": 0.0543372924,
        "totalOtherIncomeExpensesNet": -62100000,
        "incomeBeforeTax": 173400000,
        "incomeBeforeTaxRatio": 0.039079579,
        "incomeTaxExpense": 52800000,
        "netIncome": 120600000,
        "netIncomeRatio": 0.0271799148,
        "eps": 0.8,
        "epsdiluted": 0.79,
        "weightedAverageShsOut": 151187000,
        "weightedAverageShsOutDil": 153223000,
        "link": "",
        "finalLink": ""
    },
    {
        "date": "2008-03-31",
        "symbol": "DXC",
        "reportedCurrency": "USD",
        "cik": "0001688568",
        "fillingDate": "2008-03-31",
        "acceptedDate": "2008-03-30 20:00:00",
        "calendarYear": "2008",
        "period": "Q4",
        "revenue": 4484400000,
        "costOfRevenue": 3498400000,
        "grossProfit": 986000000,
        "grossProfitRatio": 0.2198733387,
        "researchAndDevelopmentExpenses": 0,
        "generalAndAdministrativeExpenses": 0,
        "sellingAndMarketingExpenses": 0,
        "sellingGeneralAndAdministrativeExpenses": 253500000,
        "otherExpenses": 271900000,
        "operatingExpenses": 525400000,
        "costAndExpenses": 4023800000,
        "interestIncome": 0,
        "interestExpense": 0,
        "depreciationAndAmortization": 292100000,
        "ebitda": 662200000,
        "ebitdaratio": 0.1476674694,
        "operatingIncome": 460600000,
        "operatingIncomeRatio": 0.1027116225,
        "totalOtherIncomeExpensesNet": -150300000,
        "incomeBeforeTax": 310300000,
        "incomeBeforeTaxRatio": 0.0691954331,
        "incomeTaxExpense": 128600000,
        "netIncome": 181700000,
        "netIncomeRatio": 0.040518241,
        "eps": 1.09,
        "epsdiluted": 1.09,
        "weightedAverageShsOut": 167289720,
        "weightedAverageShsOutDil": 167289720,
        "link": "",
        "finalLink": ""
    },
    {
        "date": "2007-12-31",
        "symbol": "DXC",
        "reportedCurrency": "USD",
        "cik": "0001688568",
        "fillingDate": "2007-12-31",
        "acceptedDate": "2007-12-30 19:00:00",
        "calendarYear": "2008",
        "period": "Q3",
        "revenue": 4160000000,
        "costOfRevenue": 3301600000,
        "grossProfit": 858400000,
        "grossProfitRatio": 0.2063461538,
        "researchAndDevelopmentExpenses": 0,
        "generalAndAdministrativeExpenses": 0,
        "sellingAndMarketingExpenses": 0,
        "sellingGeneralAndAdministrativeExpenses": 240200000,
        "otherExpenses": 307100000,
        "operatingExpenses": 547300000,
        "costAndExpenses": 3848900000,
        "interestIncome": 0,
        "interestExpense": 0,
        "depreciationAndAmortization": 361100000,
        "ebitda": 701000000,
        "ebitdaratio": 0.1685096154,
        "operatingIncome": 311100000,
        "operatingIncomeRatio": 0.0747836538,
        "totalOtherIncomeExpensesNet": -44800000,
        "incomeBeforeTax": 266300000,
        "incomeBeforeTaxRatio": 0.0640144231,
        "incomeTaxExpense": 87300000,
        "netIncome": 179000000,
        "netIncomeRatio": 0.0430288462,
        "eps": 1.07,
        "epsdiluted": 1.05,
        "weightedAverageShsOut": 167289720,
        "weightedAverageShsOutDil": 170476190,
        "link": "",
        "finalLink": ""
    },
    {
        "date": "2007-09-30",
        "symbol": "DXC",
        "reportedCurrency": "USD",
        "cik": "0001688568",
        "fillingDate": "2007-09-30",
        "acceptedDate": "2007-09-29 20:00:00",
        "calendarYear": "2008",
        "period": "Q2",
        "revenue": 4017200000,
        "costOfRevenue": 3253800000,
        "grossProfit": 763400000,
        "grossProfitRatio": 0.1900328587,
        "researchAndDevelopmentExpenses": 0,
        "generalAndAdministrativeExpenses": 0,
        "sellingAndMarketingExpenses": 0,
        "sellingGeneralAndAdministrativeExpenses": 241100000,
        "otherExpenses": 292200000,
        "operatingExpenses": 533300000,
        "costAndExpenses": 3787100000,
        "interestIncome": 0,
        "interestExpense": 0,
        "depreciationAndAmortization": 329600000,
        "ebitda": 530900000,
        "ebitdaratio": 0.1321567261,
        "operatingIncome": 230100000,
        "operatingIncomeRatio": 0.0572787016,
        "totalOtherIncomeExpensesNet": -58500000,
        "incomeBeforeTax": 171600000,
        "incomeBeforeTaxRatio": 0.0427163198,
        "incomeTaxExpense": 95800000,
        "netIncome": 75800000,
        "netIncomeRatio": 0.0188688639,
        "eps": 0.44,
        "epsdiluted": 0.43,
        "weightedAverageShsOut": 172272727,
        "weightedAverageShsOutDil": 176279070,
        "link": "",
        "finalLink": ""
    },
    {
        "date": "2007-06-30",
        "symbol": "DXC",
        "reportedCurrency": "USD",
        "cik": "0001688568",
        "fillingDate": "2007-06-30",
        "acceptedDate": "2007-06-29 20:00:00",
        "calendarYear": "2008",
        "period": "Q1",
        "revenue": 3837900000,
        "costOfRevenue": 3098100000,
        "grossProfit": 739800000,
        "grossProfitRatio": 0.1927616665,
        "researchAndDevelopmentExpenses": 0,
        "generalAndAdministrativeExpenses": 0,
        "sellingAndMarketingExpenses": 0,
        "sellingGeneralAndAdministrativeExpenses": 240600000,
        "otherExpenses": 279000000,
        "operatingExpenses": 519600000,
        "costAndExpenses": 3617700000,
        "interestIncome": 0,
        "interestExpense": 0,
        "depreciationAndAmortization": 303600000,
        "ebitda": 523800000,
        "ebitdaratio": 0.136480888,
        "operatingIncome": 220200000,
        "operatingIncomeRatio": 0.057375127,
        "totalOtherIncomeExpensesNet": -50500000,
        "incomeBeforeTax": 169700000,
        "incomeBeforeTaxRatio": 0.0442168894,
        "incomeTaxExpense": 61600000,
        "netIncome": 108100000,
        "netIncomeRatio": 0.0281664452,
        "eps": 0.62,
        "epsdiluted": 0.61,
        "weightedAverageShsOut": 174354839,
        "weightedAverageShsOutDil": 177213115,
        "link": "",
        "finalLink": ""
    },
    {
        "date": "2007-03-31",
        "symbol": "DXC",
        "reportedCurrency": "USD",
        "cik": "0001688568",
        "fillingDate": "2007-03-31",
        "acceptedDate": "2007-03-30 20:00:00",
        "calendarYear": "2007",
        "period": "Q4",
        "revenue": 4058300000,
        "costOfRevenue": 3135300000,
        "grossProfit": 923000000,
        "grossProfitRatio": 0.2274351329,
        "researchAndDevelopmentExpenses": 0,
        "generalAndAdministrativeExpenses": 0,
        "sellingAndMarketingExpenses": 0,
        "sellingGeneralAndAdministrativeExpenses": 234400000,
        "otherExpenses": 284400000,
        "operatingExpenses": 518800000,
        "costAndExpenses": 3654100000,
        "interestIncome": 0,
        "interestExpense": 0,
        "depreciationAndAmortization": 255400000,
        "ebitda": 458200000,
        "ebitdaratio": 0.1129044181,
        "operatingIncome": 404200000,
        "operatingIncomeRatio": 0.099598354,
        "totalOtherIncomeExpensesNet": -96300000,
        "incomeBeforeTax": 307900000,
        "incomeBeforeTaxRatio": 0.0758692063,
        "incomeTaxExpense": 72100000,
        "netIncome": 235800000,
        "netIncomeRatio": 0.0581031466,
        "eps": 1.38,
        "epsdiluted": 1.38,
        "weightedAverageShsOut": 171343284,
        "weightedAverageShsOutDil": 171343284,
        "link": "",
        "finalLink": ""
    },
    {
        "date": "2006-12-31",
        "symbol": "DXC",
        "reportedCurrency": "USD",
        "cik": "0001688568",
        "fillingDate": "2006-12-31",
        "acceptedDate": "2006-12-30 19:00:00",
        "calendarYear": "2007",
        "period": "Q3",
        "revenue": 3636900000,
        "costOfRevenue": 2903100000,
        "grossProfit": 733800000,
        "grossProfitRatio": 0.2017652396,
        "researchAndDevelopmentExpenses": 0,
        "generalAndAdministrativeExpenses": 0,
        "sellingAndMarketingExpenses": 0,
        "sellingGeneralAndAdministrativeExpenses": 227900000,
        "otherExpenses": 262000000,
        "operatingExpenses": 489900000,
        "costAndExpenses": 3393000000,
        "interestIncome": 0,
        "interestExpense": 0,
        "depreciationAndAmortization": 298800000,
        "ebitda": 560000000,
        "ebitdaratio": 0.1539772883,
        "operatingIncome": 243900000,
        "operatingIncomeRatio": 0.0670626083,
        "totalOtherIncomeExpensesNet": -69700000,
        "incomeBeforeTax": 171900000,
        "incomeBeforeTaxRatio": 0.0472655283,
        "incomeTaxExpense": 57100000,
        "netIncome": 114800000,
        "netIncomeRatio": 0.0315653441,
        "eps": 0.67,
        "epsdiluted": 0.66,
        "weightedAverageShsOut": 171969697,
        "weightedAverageShsOutDil": 174615385,
        "link": "",
        "finalLink": ""
    },
    {
        "date": "2006-09-30",
        "symbol": "DXC",
        "reportedCurrency": "USD",
        "cik": "0001688568",
        "fillingDate": "2006-09-30",
        "acceptedDate": "2006-09-29 20:00:00",
        "calendarYear": "2007",
        "period": "Q2",
        "revenue": 3605200000,
        "costOfRevenue": 2896400000,
        "grossProfit": 708800000,
        "grossProfitRatio": 0.196604904,
        "researchAndDevelopmentExpenses": 0,
        "generalAndAdministrativeExpenses": 0,
        "sellingAndMarketingExpenses": 0,
        "sellingGeneralAndAdministrativeExpenses": 226500000,
        "otherExpenses": 266300000,
        "operatingExpenses": 492800000,
        "costAndExpenses": 3389200000,
        "interestIncome": 0,
        "interestExpense": 0,
        "depreciationAndAmortization": 308700000,
        "ebitda": 529600000,
        "ebitdaratio": 0.1468989238,
        "operatingIncome": 216000000,
        "operatingIncomeRatio": 0.0599134583,
        "totalOtherIncomeExpensesNet": -81200000,
        "incomeBeforeTax": 144200000,
        "incomeBeforeTaxRatio": 0.039997781,
        "incomeTaxExpense": 50800000,
        "netIncome": 93400000,
        "netIncomeRatio": 0.0259070232,
        "eps": 0.54,
        "epsdiluted": 0.53,
        "weightedAverageShsOut": 172115385,
        "weightedAverageShsOutDil": 175490196,
        "link": "",
        "finalLink": ""
    },
    {
        "date": "2006-06-30",
        "symbol": "DXC",
        "reportedCurrency": "USD",
        "cik": "0001688568",
        "fillingDate": "2006-06-30",
        "acceptedDate": "2006-06-29 20:00:00",
        "calendarYear": "2007",
        "period": "Q1",
        "revenue": 3556200000,
        "costOfRevenue": 2883300000,
        "grossProfit": 672900000,
        "grossProfitRatio": 0.1892188291,
        "researchAndDevelopmentExpenses": 0,
        "generalAndAdministrativeExpenses": 0,
        "sellingAndMarketingExpenses": 0,
        "sellingGeneralAndAdministrativeExpenses": 227600000,
        "otherExpenses": 260900000,
        "operatingExpenses": 488500000,
        "costAndExpenses": 3371800000,
        "interestIncome": 0,
        "interestExpense": 0,
        "depreciationAndAmortization": 299100000,
        "ebitda": 484100000,
        "ebitdaratio": 0.1361284517,
        "operatingIncome": 184400000,
        "operatingIncomeRatio": 0.0518531016,
        "totalOtherIncomeExpensesNet": -205500000,
        "incomeBeforeTax": -17200000,
        "incomeBeforeTaxRatio": -0.0048366234,
        "incomeTaxExpense": 38100000,
        "netIncome": -55300000,
        "netIncomeRatio": -0.0155503065,
        "eps": -0.3,
        "epsdiluted": -0.3,
        "weightedAverageShsOut": 187187500,
        "weightedAverageShsOutDil": 187187500,
        "link": "",
        "finalLink": ""
    },
    {
        "date": "2006-03-31",
        "symbol": "DXC",
        "reportedCurrency": "USD",
        "cik": "0001688568",
        "fillingDate": "2006-03-31",
        "acceptedDate": "2006-03-30 19:00:00",
        "calendarYear": "2006",
        "period": "Q4",
        "revenue": 3883500000,
        "costOfRevenue": 3066400000,
        "grossProfit": 817100000,
        "grossProfitRatio": 0.210402987,
        "researchAndDevelopmentExpenses": 0,
        "generalAndAdministrativeExpenses": 0,
        "sellingAndMarketingExpenses": 0,
        "sellingGeneralAndAdministrativeExpenses": 221600000,
        "otherExpenses": 279500000,
        "operatingExpenses": 501100000,
        "costAndExpenses": 3567500000,
        "interestIncome": 0,
        "interestExpense": 0,
        "depreciationAndAmortization": 316100000,
        "ebitda": 595600000,
        "ebitdaratio": 0.1533668083,
        "operatingIncome": 316000000,
        "operatingIncomeRatio": 0.0813698983,
        "totalOtherIncomeExpensesNet": -42200000,
        "incomeBeforeTax": 273800000,
        "incomeBeforeTaxRatio": 0.0705034119,
        "incomeTaxExpense": 70100000,
        "netIncome": 199400000,
        "netIncomeRatio": 0.0513454358,
        "eps": 1.08,
        "epsdiluted": 1.08,
        "weightedAverageShsOut": 185000000,
        "weightedAverageShsOutDil": 185000000,
        "link": "",
        "finalLink": ""
    },
    {
        "date": "2005-12-31",
        "symbol": "DXC",
        "reportedCurrency": "USD",
        "cik": "0001688568",
        "fillingDate": "2005-12-31",
        "acceptedDate": "2005-12-30 19:00:00",
        "calendarYear": "2006",
        "period": "Q3",
        "revenue": 3577000000,
        "costOfRevenue": 2850000000,
        "grossProfit": 727000000,
        "grossProfitRatio": 0.203242941,
        "researchAndDevelopmentExpenses": 0,
        "generalAndAdministrativeExpenses": 0,
        "sellingAndMarketingExpenses": 0,
        "sellingGeneralAndAdministrativeExpenses": 207700000,
        "otherExpenses": 267900000,
        "operatingExpenses": 475600000,
        "costAndExpenses": 3325600000,
        "interestIncome": 0,
        "interestExpense": 0,
        "depreciationAndAmortization": 259200000,
        "ebitda": 512200000,
        "ebitdaratio": 0.1431926195,
        "operatingIncome": 251400000,
        "operatingIncomeRatio": 0.0702823595,
        "totalOtherIncomeExpensesNet": -17900000,
        "incomeBeforeTax": 240600000,
        "incomeBeforeTaxRatio": 0.0672630696,
        "incomeTaxExpense": 75500000,
        "netIncome": 203500000,
        "netIncomeRatio": 0.0568912497,
        "eps": 1.1,
        "epsdiluted": 1.08,
        "weightedAverageShsOut": 184859813,
        "weightedAverageShsOutDil": 188380952,
        "link": "",
        "finalLink": ""
    },
    {
        "date": "2005-09-30",
        "symbol": "DXC",
        "reportedCurrency": "USD",
        "cik": "0001688568",
        "fillingDate": "2005-09-30",
        "acceptedDate": "2005-09-29 20:00:00",
        "calendarYear": "2006",
        "period": "Q2",
        "revenue": 3572600000,
        "costOfRevenue": 2876700000,
        "grossProfit": 695900000,
        "grossProfitRatio": 0.1947881095,
        "researchAndDevelopmentExpenses": 0,
        "generalAndAdministrativeExpenses": 0,
        "sellingAndMarketingExpenses": 0,
        "sellingGeneralAndAdministrativeExpenses": 207800000,
        "otherExpenses": 274700000,
        "operatingExpenses": 482500000,
        "costAndExpenses": 3359200000,
        "interestIncome": 0,
        "interestExpense": 0,
        "depreciationAndAmortization": 315900000,
        "ebitda": 550700000,
        "ebitdaratio": 0.1541454403,
        "operatingIncome": 213400000,
        "operatingIncomeRatio": 0.0597324078,
        "totalOtherIncomeExpensesNet": -63800000,
        "incomeBeforeTax": 144500000,
        "incomeBeforeTaxRatio": 0.0404467335,
        "incomeTaxExpense": 45000000,
        "netIncome": 99500000,
        "netIncomeRatio": 0.0278508649,
        "eps": 0.54,
        "epsdiluted": 0.53,
        "weightedAverageShsOut": 184807692,
        "weightedAverageShsOutDil": 188431373,
        "link": "",
        "finalLink": ""
    },
    {
        "date": "2005-06-30",
        "symbol": "DXC",
        "reportedCurrency": "USD",
        "cik": "0001688568",
        "fillingDate": "2005-06-30",
        "acceptedDate": "2005-06-29 20:00:00",
        "calendarYear": "2006",
        "period": "Q1",
        "revenue": 3582500000,
        "costOfRevenue": 2926700000,
        "grossProfit": 655800000,
        "grossProfitRatio": 0.1830565248,
        "researchAndDevelopmentExpenses": 0,
        "generalAndAdministrativeExpenses": 0,
        "sellingAndMarketingExpenses": 0,
        "sellingGeneralAndAdministrativeExpenses": 205100000,
        "otherExpenses": 269700000,
        "operatingExpenses": 474800000,
        "costAndExpenses": 3401500000,
        "interestIncome": 0,
        "interestExpense": 0,
        "depreciationAndAmortization": 296300000,
        "ebitda": 477300000,
        "ebitdaratio": 0.1332309839,
        "operatingIncome": 181000000,
        "operatingIncomeRatio": 0.0505233775,
        "totalOtherIncomeExpensesNet": -18800000,
        "incomeBeforeTax": 162200000,
        "incomeBeforeTaxRatio": 0.0452756455,
        "incomeTaxExpense": 53500000,
        "netIncome": 131600000,
        "netIncomeRatio": 0.0367341242,
        "eps": 0.71,
        "epsdiluted": 0.7,
        "weightedAverageShsOut": 185352113,
        "weightedAverageShsOutDil": 188000000,
        "link": "",
        "finalLink": ""
    },
    {
        "date": "2005-03-31",
        "symbol": "DXC",
        "reportedCurrency": "USD",
        "cik": "0001688568",
        "fillingDate": "2005-03-31",
        "acceptedDate": "2005-03-30 19:00:00",
        "calendarYear": "2005",
        "period": "Q4",
        "revenue": 3797800000,
        "costOfRevenue": 3038600000,
        "grossProfit": 759200000,
        "grossProfitRatio": 0.1999052083,
        "researchAndDevelopmentExpenses": 0,
        "generalAndAdministrativeExpenses": 0,
        "sellingAndMarketingExpenses": 0,
        "sellingGeneralAndAdministrativeExpenses": 205700000,
        "otherExpenses": 269500000,
        "operatingExpenses": 475200000,
        "costAndExpenses": 3513800000,
        "interestIncome": 0,
        "interestExpense": 0,
        "depreciationAndAmortization": 296300000,
        "ebitda": 567800000,
        "ebitdaratio": 0.1495076097,
        "operatingIncome": 284000000,
        "operatingIncomeRatio": 0.0747801359,
        "totalOtherIncomeExpensesNet": -58000000,
        "incomeBeforeTax": 226000000,
        "incomeBeforeTaxRatio": 0.0595081363,
        "incomeTaxExpense": 70400000,
        "netIncome": 411800000,
        "netIncomeRatio": 0.108431197,
        "eps": 2.17,
        "epsdiluted": 2.17,
        "weightedAverageShsOut": 189759036,
        "weightedAverageShsOutDil": 189759036,
        "link": "",
        "finalLink": ""
    },
    {
        "date": "2004-12-31",
        "symbol": "DXC",
        "reportedCurrency": "USD",
        "cik": "0001688568",
        "fillingDate": "2004-12-31",
        "acceptedDate": "2004-12-30 19:00:00",
        "calendarYear": "2005",
        "period": "Q3",
        "revenue": 3516800000,
        "costOfRevenue": 2822200000,
        "grossProfit": 694600000,
        "grossProfitRatio": 0.1975090992,
        "researchAndDevelopmentExpenses": 0,
        "generalAndAdministrativeExpenses": 0,
        "sellingAndMarketingExpenses": 0,
        "sellingGeneralAndAdministrativeExpenses": 198900000,
        "otherExpenses": 268100000,
        "operatingExpenses": 467000000,
        "costAndExpenses": 3289200000,
        "interestIncome": 0,
        "interestExpense": 0,
        "depreciationAndAmortization": 291100000,
        "ebitda": 518700000,
        "ebitdaratio": 0.1474920382,
        "operatingIncome": 227600000,
        "operatingIncomeRatio": 0.0647179254,
        "totalOtherIncomeExpensesNet": -36300000,
        "incomeBeforeTax": 191200000,
        "incomeBeforeTaxRatio": 0.0543676069,
        "incomeTaxExpense": 57200000,
        "netIncome": 157500000,
        "netIncomeRatio": 0.0447850318,
        "eps": 0.83,
        "epsdiluted": 0.82,
        "weightedAverageShsOut": 189759036,
        "weightedAverageShsOutDil": 192073171,
        "link": "",
        "finalLink": ""
    },
    {
        "date": "2004-09-30",
        "symbol": "DXC",
        "reportedCurrency": "USD",
        "cik": "0001688568",
        "fillingDate": "2004-09-30",
        "acceptedDate": "2004-09-29 20:00:00",
        "calendarYear": "2005",
        "period": "Q2",
        "revenue": 3934500000,
        "costOfRevenue": 3241300000,
        "grossProfit": 693200000,
        "grossProfitRatio": 0.1761850299,
        "researchAndDevelopmentExpenses": 0,
        "generalAndAdministrativeExpenses": 0,
        "sellingAndMarketingExpenses": 0,
        "sellingGeneralAndAdministrativeExpenses": 201600000,
        "otherExpenses": 262800000,
        "operatingExpenses": 464400000,
        "costAndExpenses": 3705700000,
        "interestIncome": 0,
        "interestExpense": 0,
        "depreciationAndAmortization": 284100000,
        "ebitda": 512900000,
        "ebitdaratio": 0.1303596391,
        "operatingIncome": 228800000,
        "operatingIncomeRatio": 0.058152243,
        "totalOtherIncomeExpensesNet": -38100000,
        "incomeBeforeTax": 190800000,
        "incomeBeforeTaxRatio": 0.0484940907,
        "incomeTaxExpense": 60300000,
        "netIncome": 130500000,
        "netIncomeRatio": 0.0331681281,
        "eps": 0.84,
        "epsdiluted": 0.82,
        "weightedAverageShsOut": 156231884,
        "weightedAverageShsOutDil": 158529412,
        "link": "",
        "finalLink": ""
    },
    {
        "date": "2004-06-30",
        "symbol": "DXC",
        "reportedCurrency": "USD",
        "cik": "0001688568",
        "fillingDate": "2004-06-30",
        "acceptedDate": "2004-06-29 20:00:00",
        "calendarYear": "2005",
        "period": "Q1",
        "revenue": 3736400000,
        "costOfRevenue": 3053600000,
        "grossProfit": 682800000,
        "grossProfitRatio": 0.182742747,
        "researchAndDevelopmentExpenses": 0,
        "generalAndAdministrativeExpenses": 0,
        "sellingAndMarketingExpenses": 0,
        "sellingGeneralAndAdministrativeExpenses": 228500000,
        "otherExpenses": 254600000,
        "operatingExpenses": 483100000,
        "costAndExpenses": 3536700000,
        "interestIncome": 0,
        "interestExpense": 0,
        "depreciationAndAmortization": 274000000,
        "ebitda": 473700000,
        "ebitdaratio": 0.126779788,
        "operatingIncome": 199700000,
        "operatingIncomeRatio": 0.0534471684,
        "totalOtherIncomeExpensesNet": -36900000,
        "incomeBeforeTax": 162800000,
        "incomeBeforeTaxRatio": 0.0435713521,
        "incomeTaxExpense": 52400000,
        "netIncome": 110400000,
        "netIncomeRatio": 0.0295471577,
        "eps": 0.59,
        "epsdiluted": 0.58,
        "weightedAverageShsOut": 187118644,
        "weightedAverageShsOutDil": 190344828,
        "link": "",
        "finalLink": ""
    },
    {
        "date": "2004-03-31",
        "symbol": "DXC",
        "reportedCurrency": "USD",
        "cik": "0001688568",
        "fillingDate": "2004-03-31",
        "acceptedDate": "2004-03-30 19:00:00",
        "calendarYear": "2004",
        "period": "Q4",
        "revenue": 4000400000,
        "costOfRevenue": 3186400000,
        "grossProfit": 814000000,
        "grossProfitRatio": 0.203479652,
        "researchAndDevelopmentExpenses": 0,
        "generalAndAdministrativeExpenses": 0,
        "sellingAndMarketingExpenses": 0,
        "sellingGeneralAndAdministrativeExpenses": 236700000,
        "otherExpenses": 264400000,
        "operatingExpenses": 501100000,
        "costAndExpenses": 3687500000,
        "interestIncome": 0,
        "interestExpense": 0,
        "depreciationAndAmortization": 262600000,
        "ebitda": 563800000,
        "ebitdaratio": 0.1409359064,
        "operatingIncome": 312900000,
        "operatingIncomeRatio": 0.0782171783,
        "totalOtherIncomeExpensesNet": -40400000,
        "incomeBeforeTax": 272500000,
        "incomeBeforeTaxRatio": 0.0681181882,
        "incomeTaxExpense": 81900000,
        "netIncome": 190600000,
        "netIncomeRatio": 0.0476452355,
        "eps": 1.02,
        "epsdiluted": 1.02,
        "weightedAverageShsOut": 186086957,
        "weightedAverageShsOutDil": 186086957,
        "link": "",
        "finalLink": ""
    },
    {
        "date": "2003-12-31",
        "symbol": "DXC",
        "reportedCurrency": "USD",
        "cik": "0001688568",
        "fillingDate": "2003-12-31",
        "acceptedDate": "2003-12-30 19:00:00",
        "calendarYear": "2004",
        "period": "Q3",
        "revenue": 3621200000,
        "costOfRevenue": 2930100000,
        "grossProfit": 691100000,
        "grossProfitRatio": 0.1908483376,
        "researchAndDevelopmentExpenses": 0,
        "generalAndAdministrativeExpenses": 0,
        "sellingAndMarketingExpenses": 0,
        "sellingGeneralAndAdministrativeExpenses": 205000000,
        "otherExpenses": 251900000,
        "operatingExpenses": 456900000,
        "costAndExpenses": 3387000000,
        "interestIncome": 0,
        "interestExpense": 0,
        "depreciationAndAmortization": 280600000,
        "ebitda": 506300000,
        "ebitdaratio": 0.1398155308,
        "operatingIncome": 234200000,
        "operatingIncomeRatio": 0.0646746935,
        "totalOtherIncomeExpensesNet": -39800000,
        "incomeBeforeTax": 185900000,
        "incomeBeforeTaxRatio": 0.0513365735,
        "incomeTaxExpense": 57500000,
        "netIncome": 128400000,
        "netIncomeRatio": 0.0354578593,
        "eps": 0.69,
        "epsdiluted": 0.68,
        "weightedAverageShsOut": 186086957,
        "weightedAverageShsOutDil": 188823529,
        "link": "",
        "finalLink": ""
    },
    {
        "date": "2003-09-30",
        "symbol": "DXC",
        "reportedCurrency": "USD",
        "cik": "0001688568",
        "fillingDate": "2003-09-30",
        "acceptedDate": "2003-09-29 20:00:00",
        "calendarYear": "2004",
        "period": "Q2",
        "revenue": 3591200000,
        "costOfRevenue": 2958600000,
        "grossProfit": 632600000,
        "grossProfitRatio": 0.176152818,
        "researchAndDevelopmentExpenses": 0,
        "generalAndAdministrativeExpenses": 0,
        "sellingAndMarketingExpenses": 0,
        "sellingGeneralAndAdministrativeExpenses": 199900000,
        "otherExpenses": 229000000,
        "operatingExpenses": 428900000,
        "costAndExpenses": 3387500000,
        "interestIncome": 0,
        "interestExpense": 0,
        "depreciationAndAmortization": 242700000,
        "ebitda": 446400000,
        "ebitdaratio": 0.1243038539,
        "operatingIncome": 203700000,
        "operatingIncomeRatio": 0.0567219871,
        "totalOtherIncomeExpensesNet": -48300000,
        "incomeBeforeTax": 155400000,
        "incomeBeforeTaxRatio": 0.0432724438,
        "incomeTaxExpense": 47300000,
        "netIncome": 108100000,
        "netIncomeRatio": 0.0301013589,
        "eps": 0.58,
        "epsdiluted": 0.57,
        "weightedAverageShsOut": 186379310,
        "weightedAverageShsOutDil": 189649123,
        "link": "",
        "finalLink": ""
    },
    {
        "date": "2003-06-30",
        "symbol": "DXC",
        "reportedCurrency": "USD",
        "cik": "0001688568",
        "fillingDate": "2003-06-30",
        "acceptedDate": "2003-06-29 20:00:00",
        "calendarYear": "2004",
        "period": "Q1",
        "revenue": 3554800000,
        "costOfRevenue": 2931700000,
        "grossProfit": 623100000,
        "grossProfitRatio": 0.1752841229,
        "researchAndDevelopmentExpenses": 0,
        "generalAndAdministrativeExpenses": 0,
        "sellingAndMarketingExpenses": 0,
        "sellingGeneralAndAdministrativeExpenses": 208700000,
        "otherExpenses": 235000000,
        "operatingExpenses": 443700000,
        "costAndExpenses": 3375400000,
        "interestIncome": 0,
        "interestExpense": 0,
        "depreciationAndAmortization": 252200000,
        "ebitda": 431600000,
        "ebitdaratio": 0.1214133003,
        "operatingIncome": 179400000,
        "operatingIncomeRatio": 0.0504669742,
        "totalOtherIncomeExpensesNet": -46300000,
        "incomeBeforeTax": 133100000,
        "incomeBeforeTaxRatio": 0.0374423315,
        "incomeTaxExpense": 40800000,
        "netIncome": 92300000,
        "netIncomeRatio": 0.0259648925,
        "eps": 0.49,
        "epsdiluted": 0.49,
        "weightedAverageShsOut": 188367347,
        "weightedAverageShsOutDil": 188367347,
        "link": "",
        "finalLink": ""
    },
    {
        "date": "2003-03-31",
        "symbol": "DXC",
        "reportedCurrency": "USD",
        "cik": "0001688568",
        "fillingDate": "2003-03-31",
        "acceptedDate": "2003-03-30 19:00:00",
        "calendarYear": "2003",
        "period": "Q4",
        "revenue": 3079100000,
        "costOfRevenue": 2402900000,
        "grossProfit": 676200000,
        "grossProfitRatio": 0.2196096262,
        "researchAndDevelopmentExpenses": 0,
        "generalAndAdministrativeExpenses": 0,
        "sellingAndMarketingExpenses": 0,
        "sellingGeneralAndAdministrativeExpenses": 192400000,
        "otherExpenses": 221800000,
        "operatingExpenses": 414200000,
        "costAndExpenses": 2817100000,
        "interestIncome": 0,
        "interestExpense": 0,
        "depreciationAndAmortization": 226500000,
        "ebitda": 491800000,
        "ebitdaratio": 0.1597219967,
        "operatingIncome": 262000000,
        "operatingIncomeRatio": 0.085089799,
        "totalOtherIncomeExpensesNet": -38600000,
        "incomeBeforeTax": 223400000,
        "incomeBeforeTaxRatio": 0.0725536683,
        "incomeTaxExpense": 60700000,
        "netIncome": 162700000,
        "netIncomeRatio": 0.0528401156,
        "eps": 0.95,
        "epsdiluted": 0.95,
        "weightedAverageShsOut": 170483871,
        "weightedAverageShsOutDil": 170483871,
        "link": "",
        "finalLink": ""
    },
    {
        "date": "2002-12-31",
        "symbol": "DXC",
        "reportedCurrency": "USD",
        "cik": "0001688568",
        "fillingDate": "2002-12-31",
        "acceptedDate": "2002-12-30 19:00:00",
        "calendarYear": "2003",
        "period": "Q3",
        "revenue": 2793600000,
        "costOfRevenue": 2248500000,
        "grossProfit": 545100000,
        "grossProfitRatio": 0.1951245704,
        "researchAndDevelopmentExpenses": 0,
        "generalAndAdministrativeExpenses": 0,
        "sellingAndMarketingExpenses": 0,
        "sellingGeneralAndAdministrativeExpenses": 167600000,
        "otherExpenses": 195300000,
        "operatingExpenses": 362900000,
        "costAndExpenses": 2611400000,
        "interestIncome": 0,
        "interestExpense": 0,
        "depreciationAndAmortization": 208800000,
        "ebitda": 391000000,
        "ebitdaratio": 0.1399627721,
        "operatingIncome": 182200000,
        "operatingIncomeRatio": 0.065220504,
        "totalOtherIncomeExpensesNet": -34600000,
        "incomeBeforeTax": 147600000,
        "incomeBeforeTaxRatio": 0.0528350515,
        "incomeTaxExpense": 41900000,
        "netIncome": 105700000,
        "netIncomeRatio": 0.0378364834,
        "eps": 0.62,
        "epsdiluted": 0.61,
        "weightedAverageShsOut": 170483871,
        "weightedAverageShsOutDil": 173278689,
        "link": "",
        "finalLink": ""
    },
    {
        "date": "2002-09-30",
        "symbol": "DXC",
        "reportedCurrency": "USD",
        "cik": "0001688568",
        "fillingDate": "2002-09-30",
        "acceptedDate": "2002-09-30 00:00:00",
        "calendarYear": "2003",
        "period": "Q2",
        "revenue": 2732400000,
        "costOfRevenue": 2197300000,
        "grossProfit": 535100000,
        "grossProfitRatio": 0.1958351632,
        "researchAndDevelopmentExpenses": 0,
        "generalAndAdministrativeExpenses": 0,
        "sellingAndMarketingExpenses": 0,
        "sellingGeneralAndAdministrativeExpenses": 162100000,
        "otherExpenses": 209800000,
        "operatingExpenses": 371900000,
        "costAndExpenses": 2569200000,
        "interestIncome": 0,
        "interestExpense": 0,
        "depreciationAndAmortization": 215800000,
        "ebitda": 379000000,
        "ebitdaratio": 0.1387058996,
        "operatingIncome": 163200000,
        "operatingIncomeRatio": 0.0597277119,
        "totalOtherIncomeExpensesNet": -33700000,
        "incomeBeforeTax": 129500000,
        "incomeBeforeTaxRatio": 0.0473942322,
        "incomeTaxExpense": 36600000,
        "netIncome": 92900000,
        "netIncomeRatio": 0.0339994144,
        "eps": 0.54,
        "epsdiluted": 0.54,
        "weightedAverageShsOut": 171618000,
        "weightedAverageShsOutDil": 172281000,
        "link": null,
        "finalLink": null
    },
    {
        "date": "2002-06-30",
        "symbol": "DXC",
        "reportedCurrency": "USD",
        "cik": "0001688568",
        "fillingDate": "2002-06-30",
        "acceptedDate": "2002-06-30 00:00:00",
        "calendarYear": "2003",
        "period": "Q1",
        "revenue": 2764800000,
        "costOfRevenue": 2232700000,
        "grossProfit": 532100000,
        "grossProfitRatio": 0.1924551505,
        "researchAndDevelopmentExpenses": 0,
        "generalAndAdministrativeExpenses": 0,
        "sellingAndMarketingExpenses": 0,
        "sellingGeneralAndAdministrativeExpenses": 181600000,
        "otherExpenses": 206700000,
        "operatingExpenses": 388300000,
        "costAndExpenses": 2621000000,
        "interestIncome": 0,
        "interestExpense": 0,
        "depreciationAndAmortization": 206400000,
        "ebitda": 350500000,
        "ebitdaratio": 0.1267722801,
        "operatingIncome": 143800000,
        "operatingIncomeRatio": 0.0520109954,
        "totalOtherIncomeExpensesNet": -32600000,
        "incomeBeforeTax": 111200000,
        "incomeBeforeTaxRatio": 0.0402199074,
        "incomeTaxExpense": 32200000,
        "netIncome": 79000000,
        "netIncomeRatio": 0.0285734954,
        "eps": 0.46,
        "epsdiluted": 0.46,
        "weightedAverageShsOut": 171739130,
        "weightedAverageShsOutDil": 171739130,
        "link": null,
        "finalLink": null
    },
    {
        "date": "2002-03-31",
        "symbol": "DXC",
        "reportedCurrency": "USD",
        "cik": "0001688568",
        "fillingDate": "2002-03-31",
        "acceptedDate": "2002-03-31 00:00:00",
        "calendarYear": "2002",
        "period": "Q4",
        "revenue": 3046200000,
        "costOfRevenue": 2403900000,
        "grossProfit": 642300000,
        "grossProfitRatio": 0.2108528659,
        "researchAndDevelopmentExpenses": 0,
        "generalAndAdministrativeExpenses": 0,
        "sellingAndMarketingExpenses": 0,
        "sellingGeneralAndAdministrativeExpenses": 174500000,
        "otherExpenses": 230000000,
        "operatingExpenses": 404500000,
        "costAndExpenses": 2808400000,
        "interestIncome": 0,
        "interestExpense": 0,
        "depreciationAndAmortization": 213800000,
        "ebitda": 480100000,
        "ebitdaratio": 0.1576061979,
        "operatingIncome": 237800000,
        "operatingIncomeRatio": 0.0780644738,
        "totalOtherIncomeExpensesNet": -33900000,
        "incomeBeforeTax": 203900000,
        "incomeBeforeTaxRatio": 0.0669358545,
        "incomeTaxExpense": 62800000,
        "netIncome": 141100000,
        "netIncomeRatio": 0.0463200053,
        "eps": 0.83,
        "epsdiluted": 0.83,
        "weightedAverageShsOut": 170784314,
        "weightedAverageShsOutDil": 170784314,
        "link": null,
        "finalLink": null
    },
    {
        "date": "2001-12-31",
        "symbol": "DXC",
        "reportedCurrency": "USD",
        "cik": "0001688568",
        "fillingDate": "2001-12-31",
        "acceptedDate": "2001-12-31 00:00:00",
        "calendarYear": "2002",
        "period": "Q3",
        "revenue": 2900900000,
        "costOfRevenue": 2352100000,
        "grossProfit": 548800000,
        "grossProfitRatio": 0.1891826674,
        "researchAndDevelopmentExpenses": 0,
        "generalAndAdministrativeExpenses": 0,
        "sellingAndMarketingExpenses": 0,
        "sellingGeneralAndAdministrativeExpenses": 176700000,
        "otherExpenses": 211600000,
        "operatingExpenses": 388300000,
        "costAndExpenses": 2740400000,
        "interestIncome": 0,
        "interestExpense": 0,
        "depreciationAndAmortization": 218900000,
        "ebitda": 379400000,
        "ebitdaratio": 0.1307869971,
        "operatingIncome": 160500000,
        "operatingIncomeRatio": 0.0553276569,
        "totalOtherIncomeExpensesNet": -34900000,
        "incomeBeforeTax": 125600000,
        "incomeBeforeTaxRatio": 0.0432969079,
        "incomeTaxExpense": 38500000,
        "netIncome": 87100000,
        "netIncomeRatio": 0.0300251646,
        "eps": 0.51,
        "epsdiluted": 0.51,
        "weightedAverageShsOut": 170475000,
        "weightedAverageShsOutDil": 171753000,
        "link": null,
        "finalLink": null
    },
    {
        "date": "2001-09-30",
        "symbol": "DXC",
        "reportedCurrency": "USD",
        "cik": "0001688568",
        "fillingDate": "2001-09-30",
        "acceptedDate": "2001-09-30 00:00:00",
        "calendarYear": "2002",
        "period": "Q2",
        "revenue": 2765300000,
        "costOfRevenue": 2227800000,
        "grossProfit": 537500000,
        "grossProfitRatio": 0.1943731241,
        "researchAndDevelopmentExpenses": 0,
        "generalAndAdministrativeExpenses": 0,
        "sellingAndMarketingExpenses": 0,
        "sellingGeneralAndAdministrativeExpenses": 182800000,
        "otherExpenses": 216700000,
        "operatingExpenses": 399500000,
        "costAndExpenses": 2627300000,
        "interestIncome": 0,
        "interestExpense": 0,
        "depreciationAndAmortization": 215400000,
        "ebitda": 354700000,
        "ebitdaratio": 0.1282681807,
        "operatingIncome": 138000000,
        "operatingIncomeRatio": 0.0499041695,
        "totalOtherIncomeExpensesNet": -39600000,
        "incomeBeforeTax": 98400000,
        "incomeBeforeTaxRatio": 0.0355838426,
        "incomeTaxExpense": 30200000,
        "netIncome": 68200000,
        "netIncomeRatio": 0.0246627852,
        "eps": 0.4,
        "epsdiluted": 0.4,
        "weightedAverageShsOut": 170500000,
        "weightedAverageShsOutDil": 170500000,
        "link": null,
        "finalLink": null
    },
    {
        "date": "2001-06-30",
        "symbol": "DXC",
        "reportedCurrency": "USD",
        "cik": "0001688568",
        "fillingDate": "2001-06-30",
        "acceptedDate": "2001-06-30 00:00:00",
        "calendarYear": "2002",
        "period": "Q1",
        "revenue": 2713600000,
        "costOfRevenue": 2239000000,
        "grossProfit": 474600000,
        "grossProfitRatio": 0.174896816,
        "researchAndDevelopmentExpenses": 0,
        "generalAndAdministrativeExpenses": 0,
        "sellingAndMarketingExpenses": 0,
        "sellingGeneralAndAdministrativeExpenses": 172300000,
        "otherExpenses": 199300000,
        "operatingExpenses": 371600000,
        "costAndExpenses": 2610600000,
        "interestIncome": 0,
        "interestExpense": 0,
        "depreciationAndAmortization": 209500000,
        "ebitda": 312500000,
        "ebitdaratio": 0.1151606722,
        "operatingIncome": 103000000,
        "operatingIncomeRatio": 0.0379569575,
        "totalOtherIncomeExpensesNet": -34100000,
        "incomeBeforeTax": 68900000,
        "incomeBeforeTaxRatio": 0.025390625,
        "incomeTaxExpense": 21200000,
        "netIncome": 47700000,
        "netIncomeRatio": 0.017578125,
        "eps": 0.28,
        "epsdiluted": 0.28,
        "weightedAverageShsOut": 170357143,
        "weightedAverageShsOutDil": 170357143,
        "link": null,
        "finalLink": null
    },
    {
        "date": "2001-03-31",
        "symbol": "DXC",
        "reportedCurrency": "USD",
        "cik": "0001688568",
        "fillingDate": "2001-03-31",
        "acceptedDate": "2001-03-31 00:00:00",
        "calendarYear": "2001",
        "period": "Q4",
        "revenue": 3060100000,
        "costOfRevenue": 2394700000,
        "grossProfit": 665400000,
        "grossProfitRatio": 0.2174438744,
        "researchAndDevelopmentExpenses": 0,
        "generalAndAdministrativeExpenses": 0,
        "sellingAndMarketingExpenses": 0,
        "sellingGeneralAndAdministrativeExpenses": 216200000,
        "otherExpenses": 179500000,
        "operatingExpenses": 395700000,
        "costAndExpenses": 2790400000,
        "interestIncome": 0,
        "interestExpense": 0,
        "depreciationAndAmortization": 179500000,
        "ebitda": 449200000,
        "ebitdaratio": 0.1467925885,
        "operatingIncome": 269700000,
        "operatingIncomeRatio": 0.0881343747,
        "totalOtherIncomeExpensesNet": -346600000,
        "incomeBeforeTax": -76900000,
        "incomeBeforeTaxRatio": -0.0251298977,
        "incomeTaxExpense": -39500000,
        "netIncome": -37400000,
        "netIncomeRatio": -0.0122218228,
        "eps": -0.22,
        "epsdiluted": -0.22,
        "weightedAverageShsOut": 168205128,
        "weightedAverageShsOutDil": 168205128,
        "link": null,
        "finalLink": null
    },
    {
        "date": "2000-12-31",
        "symbol": "DXC",
        "reportedCurrency": "USD",
        "cik": "0001688568",
        "fillingDate": "2000-12-31",
        "acceptedDate": "2000-12-31 00:00:00",
        "calendarYear": "2001",
        "period": "Q3",
        "revenue": 2664700000,
        "costOfRevenue": 2087100000,
        "grossProfit": 577600000,
        "grossProfitRatio": 0.2167598604,
        "researchAndDevelopmentExpenses": 0,
        "generalAndAdministrativeExpenses": 0,
        "sellingAndMarketingExpenses": 0,
        "sellingGeneralAndAdministrativeExpenses": 206000000,
        "otherExpenses": 165600000,
        "operatingExpenses": 371600000,
        "costAndExpenses": 2458700000,
        "interestIncome": 0,
        "interestExpense": 0,
        "depreciationAndAmortization": 165600000,
        "ebitda": 371600000,
        "ebitdaratio": 0.1394528465,
        "operatingIncome": 206000000,
        "operatingIncomeRatio": 0.0773070139,
        "totalOtherIncomeExpensesNet": -106900000,
        "incomeBeforeTax": 99100000,
        "incomeBeforeTaxRatio": 0.0371899276,
        "incomeTaxExpense": 33500000,
        "netIncome": 65600000,
        "netIncomeRatio": 0.0246181559,
        "eps": 0.39,
        "epsdiluted": 0.38,
        "weightedAverageShsOut": 168205128,
        "weightedAverageShsOutDil": 172631579,
        "link": null,
        "finalLink": null
    },
    {
        "date": "2000-09-30",
        "symbol": "DXC",
        "reportedCurrency": "USD",
        "cik": "0001688568",
        "fillingDate": "2000-09-30",
        "acceptedDate": "2000-09-30 00:00:00",
        "calendarYear": "2001",
        "period": "Q2",
        "revenue": 2498900000,
        "costOfRevenue": 1978600000,
        "grossProfit": 520300000,
        "grossProfitRatio": 0.2082116131,
        "researchAndDevelopmentExpenses": 0,
        "generalAndAdministrativeExpenses": 0,
        "sellingAndMarketingExpenses": 0,
        "sellingGeneralAndAdministrativeExpenses": 181200000,
        "otherExpenses": 157300000,
        "operatingExpenses": 338500000,
        "costAndExpenses": 2317100000,
        "interestIncome": 0,
        "interestExpense": 0,
        "depreciationAndAmortization": 161400000,
        "ebitda": 343200000,
        "ebitdaratio": 0.1373404298,
        "operatingIncome": 181800000,
        "operatingIncomeRatio": 0.0727520109,
        "totalOtherIncomeExpensesNet": -19200000,
        "incomeBeforeTax": 162600000,
        "incomeBeforeTaxRatio": 0.0650686302,
        "incomeTaxExpense": 53600000,
        "netIncome": 109000000,
        "netIncomeRatio": 0.0436191924,
        "eps": 0.65,
        "epsdiluted": 0.64,
        "weightedAverageShsOut": 168178000,
        "weightedAverageShsOutDil": 170853000,
        "link": null,
        "finalLink": null
    },
    {
        "date": "2000-06-30",
        "symbol": "DXC",
        "reportedCurrency": "USD",
        "cik": "0001688568",
        "fillingDate": "2000-06-30",
        "acceptedDate": "2000-06-30 00:00:00",
        "calendarYear": "2001",
        "period": "Q1",
        "revenue": 2463300000,
        "costOfRevenue": 1968800000,
        "grossProfit": 494500000,
        "grossProfitRatio": 0.2007469655,
        "researchAndDevelopmentExpenses": 0,
        "generalAndAdministrativeExpenses": 0,
        "sellingAndMarketingExpenses": 0,
        "sellingGeneralAndAdministrativeExpenses": 193200000,
        "otherExpenses": 142800000,
        "operatingExpenses": 336000000,
        "costAndExpenses": 2304800000,
        "interestIncome": 0,
        "interestExpense": 0,
        "depreciationAndAmortization": 142800000,
        "ebitda": 301300000,
        "ebitdaratio": 0.1223155929,
        "operatingIncome": 158500000,
        "operatingIncomeRatio": 0.0643445784,
        "totalOtherIncomeExpensesNet": -13000000,
        "incomeBeforeTax": 145500000,
        "incomeBeforeTaxRatio": 0.0590671051,
        "incomeTaxExpense": 49500000,
        "netIncome": 96000000,
        "netIncomeRatio": 0.0389721106,
        "eps": 0.57,
        "epsdiluted": 0.56,
        "weightedAverageShsOut": 167791000,
        "weightedAverageShsOutDil": 171141000,
        "link": null,
        "finalLink": null
    },
    {
        "date": "2000-03-31",
        "symbol": "DXC",
        "reportedCurrency": "USD",
        "cik": "0001688568",
        "fillingDate": "2000-03-31",
        "acceptedDate": "2000-03-31 00:00:00",
        "calendarYear": "2000",
        "period": "Q4",
        "revenue": 2575194000,
        "costOfRevenue": 1998844000,
        "grossProfit": 576350000,
        "grossProfitRatio": 0.223808381,
        "researchAndDevelopmentExpenses": 0,
        "generalAndAdministrativeExpenses": 0,
        "sellingAndMarketingExpenses": 0,
        "sellingGeneralAndAdministrativeExpenses": 197667000,
        "otherExpenses": 151923000,
        "operatingExpenses": 349590000,
        "costAndExpenses": 2348434000,
        "interestIncome": 0,
        "interestExpense": 0,
        "depreciationAndAmortization": 151923000,
        "ebitda": 378683000,
        "ebitdaratio": 0.1470502805,
        "operatingIncome": 226760000,
        "operatingIncomeRatio": 0.0880555018,
        "totalOtherIncomeExpensesNet": -11388000,
        "incomeBeforeTax": 215372000,
        "incomeBeforeTaxRatio": 0.0836333107,
        "incomeTaxExpense": 72500000,
        "netIncome": 142872000,
        "netIncomeRatio": 0.055480092,
        "eps": 0.85,
        "epsdiluted": 0.85,
        "weightedAverageShsOut": 167959184,
        "weightedAverageShsOutDil": 167959184,
        "link": null,
        "finalLink": null
    },
    {
        "date": "1999-12-31",
        "symbol": "DXC",
        "reportedCurrency": "USD",
        "cik": "0001688568",
        "fillingDate": "1999-12-31",
        "acceptedDate": "1999-12-31 00:00:00",
        "calendarYear": "2000",
        "period": "Q3",
        "revenue": 2360100000,
        "costOfRevenue": 1835300000,
        "grossProfit": 524800000,
        "grossProfitRatio": 0.2223634592,
        "researchAndDevelopmentExpenses": 0,
        "generalAndAdministrativeExpenses": 0,
        "sellingAndMarketingExpenses": 0,
        "sellingGeneralAndAdministrativeExpenses": 192600000,
        "otherExpenses": 153200000,
        "operatingExpenses": 345800000,
        "costAndExpenses": 2181100000,
        "interestIncome": 0,
        "interestExpense": 0,
        "depreciationAndAmortization": 153200000,
        "ebitda": 323000000,
        "ebitdaratio": 0.1368586077,
        "operatingIncome": 179000000,
        "operatingIncomeRatio": 0.0758442439,
        "totalOtherIncomeExpensesNet": -51200000,
        "incomeBeforeTax": 127800000,
        "incomeBeforeTaxRatio": 0.0541502479,
        "incomeTaxExpense": 45500000,
        "netIncome": 82300000,
        "netIncomeRatio": 0.0348714038,
        "eps": 0.49,
        "epsdiluted": 0.48,
        "weightedAverageShsOut": 167959184,
        "weightedAverageShsOutDil": 171458333,
        "link": null,
        "finalLink": null
    },
    {
        "date": "1999-09-30",
        "symbol": "DXC",
        "reportedCurrency": "USD",
        "cik": "0001688568",
        "fillingDate": "1999-09-30",
        "acceptedDate": "1999-09-30 00:00:00",
        "calendarYear": "2000",
        "period": "Q2",
        "revenue": 2126100000,
        "costOfRevenue": 1676500000,
        "grossProfit": 449600000,
        "grossProfitRatio": 0.2114670053,
        "researchAndDevelopmentExpenses": 0,
        "generalAndAdministrativeExpenses": 0,
        "sellingAndMarketingExpenses": 0,
        "sellingGeneralAndAdministrativeExpenses": 178900000,
        "otherExpenses": 126000000,
        "operatingExpenses": 304900000,
        "costAndExpenses": 1981400000,
        "interestIncome": 0,
        "interestExpense": 0,
        "depreciationAndAmortization": 126000000,
        "ebitda": 270700000,
        "ebitdaratio": 0.1273223273,
        "operatingIncome": 144700000,
        "operatingIncomeRatio": 0.0680588872,
        "totalOtherIncomeExpensesNet": -10200000,
        "incomeBeforeTax": 134700000,
        "incomeBeforeTaxRatio": 0.0633554395,
        "incomeTaxExpense": 45100000,
        "netIncome": 89600000,
        "netIncomeRatio": 0.0421428907,
        "eps": 0.54,
        "epsdiluted": 0.53,
        "weightedAverageShsOut": 166250000,
        "weightedAverageShsOutDil": 169272727,
        "link": null,
        "finalLink": null
    },
    {
        "date": "1999-06-30",
        "symbol": "DXC",
        "reportedCurrency": "USD",
        "cik": "0001688568",
        "fillingDate": "1999-06-30",
        "acceptedDate": "1999-06-30 00:00:00",
        "calendarYear": "2000",
        "period": "Q1",
        "revenue": 2063400000,
        "costOfRevenue": 1635600000,
        "grossProfit": 427800000,
        "grossProfitRatio": 0.2073277115,
        "researchAndDevelopmentExpenses": 0,
        "generalAndAdministrativeExpenses": 0,
        "sellingAndMarketingExpenses": 0,
        "sellingGeneralAndAdministrativeExpenses": 187300000,
        "otherExpenses": 114600000,
        "operatingExpenses": 301900000,
        "costAndExpenses": 1937500000,
        "interestIncome": 0,
        "interestExpense": 0,
        "depreciationAndAmortization": 114600000,
        "ebitda": 255300000,
        "ebitdaratio": 0.1237278279,
        "operatingIncome": 125900000,
        "operatingIncomeRatio": 0.0610157992,
        "totalOtherIncomeExpensesNet": 1900000,
        "incomeBeforeTax": 117500000,
        "incomeBeforeTaxRatio": 0.0569448483,
        "incomeTaxExpense": 39200000,
        "netIncome": 78300000,
        "netIncomeRatio": 0.0379470776,
        "eps": 0.47,
        "epsdiluted": 0.46,
        "weightedAverageShsOut": 165882353,
        "weightedAverageShsOutDil": 169200000,
        "link": null,
        "finalLink": null
    },
    {
        "date": "1999-03-31",
        "symbol": "DXC",
        "reportedCurrency": "USD",
        "cik": "0001688568",
        "fillingDate": "1999-03-31",
        "acceptedDate": "1999-03-31 00:00:00",
        "calendarYear": "1999",
        "period": "Q4",
        "revenue": 2130400000,
        "costOfRevenue": 1644400000,
        "grossProfit": 486000000,
        "grossProfitRatio": 0.2281261735,
        "researchAndDevelopmentExpenses": 0,
        "generalAndAdministrativeExpenses": 0,
        "sellingAndMarketingExpenses": 0,
        "sellingGeneralAndAdministrativeExpenses": 180500000,
        "otherExpenses": 122500000,
        "operatingExpenses": 303000000,
        "costAndExpenses": 1947400000,
        "interestIncome": 0,
        "interestExpense": 0,
        "depreciationAndAmortization": 122500000,
        "ebitda": 305500000,
        "ebitdaratio": 0.1434003004,
        "operatingIncome": 183000000,
        "operatingIncomeRatio": 0.0858993616,
        "totalOtherIncomeExpensesNet": -8000000,
        "incomeBeforeTax": 175000000,
        "incomeBeforeTaxRatio": 0.0821441983,
        "incomeTaxExpense": 58200000,
        "netIncome": 116800000,
        "netIncomeRatio": 0.0548253849,
        "eps": 0.74,
        "epsdiluted": 0.74,
        "weightedAverageShsOut": 158181818,
        "weightedAverageShsOutDil": 158181818,
        "link": null,
        "finalLink": null
    },
    {
        "date": "1998-12-31",
        "symbol": "DXC",
        "reportedCurrency": "USD",
        "cik": "0001688568",
        "fillingDate": "1998-12-31",
        "acceptedDate": "1998-12-31 00:00:00",
        "calendarYear": "1999",
        "period": "Q3",
        "revenue": 1927900000,
        "costOfRevenue": 1496100000,
        "grossProfit": 431800000,
        "grossProfitRatio": 0.2239742725,
        "researchAndDevelopmentExpenses": 0,
        "generalAndAdministrativeExpenses": 0,
        "sellingAndMarketingExpenses": 0,
        "sellingGeneralAndAdministrativeExpenses": 179900000,
        "otherExpenses": 113100000,
        "operatingExpenses": 293000000,
        "costAndExpenses": 1789100000,
        "interestIncome": 0,
        "interestExpense": 0,
        "depreciationAndAmortization": 113100000,
        "ebitda": 268900000,
        "ebitdaratio": 0.1394781887,
        "operatingIncome": 138800000,
        "operatingIncomeRatio": 0.0719954354,
        "totalOtherIncomeExpensesNet": -500000,
        "incomeBeforeTax": 130400000,
        "incomeBeforeTaxRatio": 0.067638363,
        "incomeTaxExpense": 43400000,
        "netIncome": 87000000,
        "netIncomeRatio": 0.0451268219,
        "eps": 0.53,
        "epsdiluted": 0.52,
        "weightedAverageShsOut": 163750000,
        "weightedAverageShsOutDil": 166727273,
        "link": null,
        "finalLink": null
    },
    {
        "date": "1998-09-30",
        "symbol": "DXC",
        "reportedCurrency": "USD",
        "cik": "0001688568",
        "fillingDate": "1998-09-30",
        "acceptedDate": "1998-09-30 00:00:00",
        "calendarYear": "1999",
        "period": "Q2",
        "revenue": 1847800000,
        "costOfRevenue": 1451200000,
        "grossProfit": 396600000,
        "grossProfitRatio": 0.2146336184,
        "researchAndDevelopmentExpenses": 0,
        "generalAndAdministrativeExpenses": 0,
        "sellingAndMarketingExpenses": 0,
        "sellingGeneralAndAdministrativeExpenses": 172700000,
        "otherExpenses": 105300000,
        "operatingExpenses": 278000000,
        "costAndExpenses": 1729200000,
        "interestIncome": 0,
        "interestExpense": 0,
        "depreciationAndAmortization": 105300000,
        "ebitda": 223900000,
        "ebitdaratio": 0.1211711224,
        "operatingIncome": 118600000,
        "operatingIncomeRatio": 0.0641844355,
        "totalOtherIncomeExpensesNet": -9100000,
        "incomeBeforeTax": 109500000,
        "incomeBeforeTaxRatio": 0.0592596601,
        "incomeTaxExpense": 36500000,
        "netIncome": 73000000,
        "netIncomeRatio": 0.0395064401,
        "eps": 0.46,
        "epsdiluted": 0.45,
        "weightedAverageShsOut": 158695652,
        "weightedAverageShsOutDil": 162222222,
        "link": null,
        "finalLink": null
    },
    {
        "date": "1998-06-30",
        "symbol": "DXC",
        "reportedCurrency": "USD",
        "cik": "0001688568",
        "fillingDate": "1998-06-30",
        "acceptedDate": "1998-06-30 00:00:00",
        "calendarYear": "1999",
        "period": "Q1",
        "revenue": 1753900000,
        "costOfRevenue": 1382100000,
        "grossProfit": 371800000,
        "grossProfitRatio": 0.2119847198,
        "researchAndDevelopmentExpenses": 0,
        "generalAndAdministrativeExpenses": 0,
        "sellingAndMarketingExpenses": 0,
        "sellingGeneralAndAdministrativeExpenses": 162800000,
        "otherExpenses": 104100000,
        "operatingExpenses": 266900000,
        "costAndExpenses": 1649000000,
        "interestIncome": 0,
        "interestExpense": 0,
        "depreciationAndAmortization": 104100000,
        "ebitda": 209000000,
        "ebitdaratio": 0.1191630082,
        "operatingIncome": 104900000,
        "operatingIncomeRatio": 0.0598095673,
        "totalOtherIncomeExpensesNet": -8500000,
        "incomeBeforeTax": 96400000,
        "incomeBeforeTaxRatio": 0.0549632248,
        "incomeTaxExpense": 32100000,
        "netIncome": 64300000,
        "netIncomeRatio": 0.0366611551,
        "eps": 0.41,
        "epsdiluted": 0.4,
        "weightedAverageShsOut": 156829268,
        "weightedAverageShsOutDil": 160750000,
        "link": null,
        "finalLink": null
    },
    {
        "date": "1998-03-31",
        "symbol": "DXC",
        "reportedCurrency": "USD",
        "cik": "0001688568",
        "fillingDate": "1998-03-31",
        "acceptedDate": "1998-03-31 00:00:00",
        "calendarYear": "1998",
        "period": "Q4",
        "revenue": 1869100000,
        "costOfRevenue": 1444900000,
        "grossProfit": 424200000,
        "grossProfitRatio": 0.2269541491,
        "researchAndDevelopmentExpenses": 0,
        "generalAndAdministrativeExpenses": 0,
        "sellingAndMarketingExpenses": 0,
        "sellingGeneralAndAdministrativeExpenses": 170400000,
        "otherExpenses": 103600000,
        "operatingExpenses": 274000000,
        "costAndExpenses": 1718900000,
        "interestIncome": 0,
        "interestExpense": 0,
        "depreciationAndAmortization": 103600000,
        "ebitda": 253800000,
        "ebitdaratio": 0.1357872773,
        "operatingIncome": 150200000,
        "operatingIncomeRatio": 0.0803595313,
        "totalOtherIncomeExpensesNet": -30700000,
        "incomeBeforeTax": 119500000,
        "incomeBeforeTaxRatio": 0.0639345139,
        "incomeTaxExpense": 39400000,
        "netIncome": 80100000,
        "netIncomeRatio": 0.0428548499,
        "eps": 0.51,
        "epsdiluted": 0.51,
        "weightedAverageShsOut": 157045455,
        "weightedAverageShsOutDil": 157045455,
        "link": null,
        "finalLink": null
    },
    {
        "date": "1997-12-31",
        "symbol": "DXC",
        "reportedCurrency": "USD",
        "cik": "0001688568",
        "fillingDate": "1997-12-31",
        "acceptedDate": "1997-12-31 00:00:00",
        "calendarYear": "1998",
        "period": "Q3",
        "revenue": 1664100000,
        "costOfRevenue": 1301900000,
        "grossProfit": 362200000,
        "grossProfitRatio": 0.217655189,
        "researchAndDevelopmentExpenses": 0,
        "generalAndAdministrativeExpenses": 0,
        "sellingAndMarketingExpenses": 0,
        "sellingGeneralAndAdministrativeExpenses": 145400000,
        "otherExpenses": 98600000,
        "operatingExpenses": 244000000,
        "costAndExpenses": 1545900000,
        "interestIncome": 0,
        "interestExpense": 0,
        "depreciationAndAmortization": 98600000,
        "ebitda": 216800000,
        "ebitdaratio": 0.1302806322,
        "operatingIncome": 118200000,
        "operatingIncomeRatio": 0.0710293853,
        "totalOtherIncomeExpensesNet": -11600000,
        "incomeBeforeTax": 106600000,
        "incomeBeforeTaxRatio": 0.0640586503,
        "incomeTaxExpense": 37500000,
        "netIncome": 69100000,
        "netIncomeRatio": 0.0415239469,
        "eps": 0.44,
        "epsdiluted": 0.44,
        "weightedAverageShsOut": 157045455,
        "weightedAverageShsOutDil": 157045455,
        "link": null,
        "finalLink": null
    },
    {
        "date": "1997-09-30",
        "symbol": "DXC",
        "reportedCurrency": "USD",
        "cik": "0001688568",
        "fillingDate": "1997-09-30",
        "acceptedDate": "1997-09-30 00:00:00",
        "calendarYear": "1998",
        "period": "Q2",
        "revenue": 1578800000,
        "costOfRevenue": 1231100000,
        "grossProfit": 347700000,
        "grossProfitRatio": 0.2202305549,
        "researchAndDevelopmentExpenses": 0,
        "generalAndAdministrativeExpenses": 0,
        "sellingAndMarketingExpenses": 0,
        "sellingGeneralAndAdministrativeExpenses": 148300000,
        "otherExpenses": 96000000,
        "operatingExpenses": 244300000,
        "costAndExpenses": 1475400000,
        "interestIncome": 0,
        "interestExpense": 0,
        "depreciationAndAmortization": 95900000,
        "ebitda": 199400000,
        "ebitdaratio": 0.1262984545,
        "operatingIncome": 103400000,
        "operatingIncomeRatio": 0.0654927793,
        "totalOtherIncomeExpensesNet": -11000000,
        "incomeBeforeTax": 92400000,
        "incomeBeforeTaxRatio": 0.0585254624,
        "incomeTaxExpense": 33800000,
        "netIncome": 58600000,
        "netIncomeRatio": 0.0371167976,
        "eps": 0.38,
        "epsdiluted": 0.37,
        "weightedAverageShsOut": 154210526,
        "weightedAverageShsOutDil": 158378378,
        "link": null,
        "finalLink": null
    },
    {
        "date": "1997-06-30",
        "symbol": "DXC",
        "reportedCurrency": "USD",
        "cik": "0001688568",
        "fillingDate": "1997-06-30",
        "acceptedDate": "1997-06-30 00:00:00",
        "calendarYear": "1998",
        "period": "Q1",
        "revenue": 1488800000,
        "costOfRevenue": 1171300000,
        "grossProfit": 317500000,
        "grossProfitRatio": 0.2132590005,
        "researchAndDevelopmentExpenses": 0,
        "generalAndAdministrativeExpenses": 0,
        "sellingAndMarketingExpenses": 0,
        "sellingGeneralAndAdministrativeExpenses": 138600000,
        "otherExpenses": 88800000,
        "operatingExpenses": 227400000,
        "costAndExpenses": 1398700000,
        "interestIncome": 0,
        "interestExpense": 0,
        "depreciationAndAmortization": 88800000,
        "ebitda": 178900000,
        "ebitdaratio": 0.1201638904,
        "operatingIncome": 90100000,
        "operatingIncomeRatio": 0.0605185384,
        "totalOtherIncomeExpensesNet": -217700000,
        "incomeBeforeTax": -127600000,
        "incomeBeforeTaxRatio": -0.0857066093,
        "incomeTaxExpense": -180200000,
        "netIncome": 52600000,
        "netIncomeRatio": 0.0353304675,
        "eps": 0.34,
        "epsdiluted": 0.33,
        "weightedAverageShsOut": 154705882,
        "weightedAverageShsOutDil": 159393939,
        "link": null,
        "finalLink": null
    },
    {
        "date": "1997-03-31",
        "symbol": "DXC",
        "reportedCurrency": "USD",
        "cik": "0001688568",
        "fillingDate": "1997-03-31",
        "acceptedDate": "1997-03-31 00:00:00",
        "calendarYear": "1997",
        "period": "Q4",
        "revenue": 1535200000,
        "costOfRevenue": 1189700000,
        "grossProfit": 345500000,
        "grossProfitRatio": 0.2250521105,
        "researchAndDevelopmentExpenses": 0,
        "generalAndAdministrativeExpenses": 0,
        "sellingAndMarketingExpenses": 0,
        "sellingGeneralAndAdministrativeExpenses": 129700000,
        "otherExpenses": 91500000,
        "operatingExpenses": 221200000,
        "costAndExpenses": 1410900000,
        "interestIncome": 0,
        "interestExpense": 0,
        "depreciationAndAmortization": 91500000,
        "ebitda": 215800000,
        "ebitdaratio": 0.1405680042,
        "operatingIncome": 124300000,
        "operatingIncomeRatio": 0.0809666493,
        "totalOtherIncomeExpensesNet": -7500000,
        "incomeBeforeTax": 116800000,
        "incomeBeforeTaxRatio": 0.0760812923,
        "incomeTaxExpense": 41100000,
        "netIncome": 75700000,
        "netIncomeRatio": 0.0493095362,
        "eps": 0.5,
        "epsdiluted": 0.5,
        "weightedAverageShsOut": 151052632,
        "weightedAverageShsOutDil": 151052632,
        "link": null,
        "finalLink": null
    },
    {
        "date": "1996-12-31",
        "symbol": "DXC",
        "reportedCurrency": "USD",
        "cik": "0001688568",
        "fillingDate": "1996-12-31",
        "acceptedDate": "1996-12-31 00:00:00",
        "calendarYear": "1997",
        "period": "Q3",
        "revenue": 1421600000,
        "costOfRevenue": 1112800000,
        "grossProfit": 308800000,
        "grossProfitRatio": 0.2172200338,
        "researchAndDevelopmentExpenses": 0,
        "generalAndAdministrativeExpenses": 0,
        "sellingAndMarketingExpenses": 0,
        "sellingGeneralAndAdministrativeExpenses": 122600000,
        "otherExpenses": 89200000,
        "operatingExpenses": 211800000,
        "costAndExpenses": 1324600000,
        "interestIncome": 0,
        "interestExpense": 0,
        "depreciationAndAmortization": 89200000,
        "ebitda": 186200000,
        "ebitdaratio": 0.1309791784,
        "operatingIncome": 97000000,
        "operatingIncomeRatio": 0.0682329769,
        "totalOtherIncomeExpensesNet": -9300000,
        "incomeBeforeTax": 87700000,
        "incomeBeforeTaxRatio": 0.0616910523,
        "incomeTaxExpense": 30300000,
        "netIncome": 57400000,
        "netIncomeRatio": 0.04037704,
        "eps": 0.38,
        "epsdiluted": 0.37,
        "weightedAverageShsOut": 151052632,
        "weightedAverageShsOutDil": 155135135,
        "link": null,
        "finalLink": null
    },
    {
        "date": "1996-09-30",
        "symbol": "DXC",
        "reportedCurrency": "USD",
        "cik": "0001688568",
        "fillingDate": "1996-09-30",
        "acceptedDate": "1996-09-30 00:00:00",
        "calendarYear": "1997",
        "period": "Q2",
        "revenue": 1355300000,
        "costOfRevenue": 1073500000,
        "grossProfit": 281800000,
        "grossProfitRatio": 0.2079244448,
        "researchAndDevelopmentExpenses": 0,
        "generalAndAdministrativeExpenses": 0,
        "sellingAndMarketingExpenses": 0,
        "sellingGeneralAndAdministrativeExpenses": 116300000,
        "otherExpenses": 80900000,
        "operatingExpenses": 197200000,
        "costAndExpenses": 1270700000,
        "interestIncome": 0,
        "interestExpense": 0,
        "depreciationAndAmortization": 86300000,
        "ebitda": 165500000,
        "ebitdaratio": 0.1221131853,
        "operatingIncome": 84600000,
        "operatingIncomeRatio": 0.0624216041,
        "totalOtherIncomeExpensesNet": -57600000,
        "incomeBeforeTax": 27000000,
        "incomeBeforeTaxRatio": 0.0199217885,
        "incomeTaxExpense": 13000000,
        "netIncome": 14000000,
        "netIncomeRatio": 0.0103298163,
        "eps": 0.09,
        "epsdiluted": 0.09,
        "weightedAverageShsOut": 155555556,
        "weightedAverageShsOutDil": 155555556,
        "link": null,
        "finalLink": null
    },
    {
        "date": "1996-06-30",
        "symbol": "DXC",
        "reportedCurrency": "USD",
        "cik": "0001688568",
        "fillingDate": "1996-06-30",
        "acceptedDate": "1996-06-30 00:00:00",
        "calendarYear": "1997",
        "period": "Q1",
        "revenue": 1165100000,
        "costOfRevenue": 943500000,
        "grossProfit": 221600000,
        "grossProfitRatio": 0.1901982662,
        "researchAndDevelopmentExpenses": 0,
        "generalAndAdministrativeExpenses": 0,
        "sellingAndMarketingExpenses": 0,
        "sellingGeneralAndAdministrativeExpenses": 94700000,
        "otherExpenses": 66200000,
        "operatingExpenses": 160900000,
        "costAndExpenses": 1104400000,
        "interestIncome": 0,
        "interestExpense": 0,
        "depreciationAndAmortization": 66200000,
        "ebitda": 150200000,
        "ebitdaratio": 0.1289159729,
        "operatingIncome": 60700000,
        "operatingIncomeRatio": 0.0520985323,
        "totalOtherIncomeExpensesNet": 11100000,
        "incomeBeforeTax": 54500000,
        "incomeBeforeTaxRatio": 0.0467771007,
        "incomeTaxExpense": 21300000,
        "netIncome": 33200000,
        "netIncomeRatio": 0.0284954081,
        "eps": 0.29,
        "epsdiluted": 0.29,
        "weightedAverageShsOut": 115390000,
        "weightedAverageShsOutDil": 115390000,
        "link": null,
        "finalLink": null
    },
    {
        "date": "1996-03-31",
        "symbol": "DXC",
        "reportedCurrency": "USD",
        "cik": "0001688568",
        "fillingDate": "1996-03-31",
        "acceptedDate": "1996-03-31 00:00:00",
        "calendarYear": "1996",
        "period": "Q4",
        "revenue": 1160500000,
        "costOfRevenue": 908400000,
        "grossProfit": 252100000,
        "grossProfitRatio": 0.2172339509,
        "researchAndDevelopmentExpenses": 0,
        "generalAndAdministrativeExpenses": 0,
        "sellingAndMarketingExpenses": 0,
        "sellingGeneralAndAdministrativeExpenses": 91100000,
        "otherExpenses": 75600000,
        "operatingExpenses": 166700000,
        "costAndExpenses": 1075100000,
        "interestIncome": 0,
        "interestExpense": 0,
        "depreciationAndAmortization": 75600000,
        "ebitda": 161000000,
        "ebitdaratio": 0.1387333046,
        "operatingIncome": 85400000,
        "operatingIncomeRatio": 0.0735889703,
        "totalOtherIncomeExpensesNet": -7000000,
        "incomeBeforeTax": 78400000,
        "incomeBeforeTaxRatio": 0.0675570875,
        "incomeTaxExpense": 30800000,
        "netIncome": 47600000,
        "netIncomeRatio": 0.0410168031,
        "eps": 0.42,
        "epsdiluted": 0.42,
        "weightedAverageShsOut": 112500000,
        "weightedAverageShsOutDil": 112500000,
        "link": null,
        "finalLink": null
    },
    {
        "date": "1995-12-31",
        "symbol": "DXC",
        "reportedCurrency": "USD",
        "cik": "0001688568",
        "fillingDate": "1995-12-31",
        "acceptedDate": "1995-12-31 00:00:00",
        "calendarYear": "1996",
        "period": "Q3",
        "revenue": 1110400000,
        "costOfRevenue": 863700000,
        "grossProfit": 246700000,
        "grossProfitRatio": 0.2221721902,
        "researchAndDevelopmentExpenses": 0,
        "generalAndAdministrativeExpenses": 0,
        "sellingAndMarketingExpenses": 0,
        "sellingGeneralAndAdministrativeExpenses": 115400000,
        "otherExpenses": 64400000,
        "operatingExpenses": 179800000,
        "costAndExpenses": 1043500000,
        "interestIncome": 0,
        "interestExpense": 0,
        "depreciationAndAmortization": 64400000,
        "ebitda": 131300000,
        "ebitdaratio": 0.1182456772,
        "operatingIncome": 66900000,
        "operatingIncomeRatio": 0.0602485591,
        "totalOtherIncomeExpensesNet": -8300000,
        "incomeBeforeTax": 58600000,
        "incomeBeforeTaxRatio": 0.0527737752,
        "incomeTaxExpense": 22600000,
        "netIncome": 36000000,
        "netIncomeRatio": 0.0324207493,
        "eps": 0.32,
        "epsdiluted": 0.32,
        "weightedAverageShsOut": 112500000,
        "weightedAverageShsOutDil": 112500000,
        "link": null,
        "finalLink": null
    },
    {
        "date": "1995-09-30",
        "symbol": "DXC",
        "reportedCurrency": "USD",
        "cik": "0001688568",
        "fillingDate": "1995-09-30",
        "acceptedDate": "1995-09-30 00:00:00",
        "calendarYear": "1996",
        "period": "Q2",
        "revenue": 1004700000,
        "costOfRevenue": 803200000,
        "grossProfit": 201500000,
        "grossProfitRatio": 0.2005573803,
        "researchAndDevelopmentExpenses": 0,
        "generalAndAdministrativeExpenses": 0,
        "sellingAndMarketingExpenses": 0,
        "sellingGeneralAndAdministrativeExpenses": 86600000,
        "otherExpenses": 57500000,
        "operatingExpenses": 144100000,
        "costAndExpenses": 947300000,
        "interestIncome": 0,
        "interestExpense": 0,
        "depreciationAndAmortization": 57500000,
        "ebitda": 114900000,
        "ebitdaratio": 0.1143624963,
        "operatingIncome": 57400000,
        "operatingIncomeRatio": 0.057131482,
        "totalOtherIncomeExpensesNet": -7800000,
        "incomeBeforeTax": 49600000,
        "incomeBeforeTaxRatio": 0.0493679705,
        "incomeTaxExpense": 19200000,
        "netIncome": 30400000,
        "netIncomeRatio": 0.0302577884,
        "eps": 0.27,
        "epsdiluted": 0.27,
        "weightedAverageShsOut": 112592593,
        "weightedAverageShsOutDil": 112592593,
        "link": null,
        "finalLink": null
    },
    {
        "date": "1995-06-30",
        "symbol": "DXC",
        "reportedCurrency": "USD",
        "cik": "0001688568",
        "fillingDate": "1995-06-30",
        "acceptedDate": "1995-06-30 00:00:00",
        "calendarYear": "1996",
        "period": "Q1",
        "revenue": 966800000,
        "costOfRevenue": 774400000,
        "grossProfit": 192400000,
        "grossProfitRatio": 0.1990070335,
        "researchAndDevelopmentExpenses": 0,
        "generalAndAdministrativeExpenses": 0,
        "sellingAndMarketingExpenses": 0,
        "sellingGeneralAndAdministrativeExpenses": 85900000,
        "otherExpenses": 54600000,
        "operatingExpenses": 140500000,
        "costAndExpenses": 914900000,
        "interestIncome": 0,
        "interestExpense": 0,
        "depreciationAndAmortization": 54600000,
        "ebitda": 106500000,
        "ebitdaratio": 0.1101572197,
        "operatingIncome": 51900000,
        "operatingIncomeRatio": 0.0536822507,
        "totalOtherIncomeExpensesNet": -7100000,
        "incomeBeforeTax": 44800000,
        "incomeBeforeTaxRatio": 0.0463384361,
        "incomeTaxExpense": 17100000,
        "netIncome": 27700000,
        "netIncomeRatio": 0.0286512205,
        "eps": 0.25,
        "epsdiluted": 0.25,
        "weightedAverageShsOut": 110800000,
        "weightedAverageShsOutDil": 110800000,
        "link": null,
        "finalLink": null
    },
    {
        "date": "1995-03-31",
        "symbol": "DXC",
        "reportedCurrency": "USD",
        "cik": "0001688568",
        "fillingDate": "1995-03-31",
        "acceptedDate": "1995-03-31 00:00:00",
        "calendarYear": "1995",
        "period": "Q4",
        "revenue": 1018000000,
        "costOfRevenue": 808200000,
        "grossProfit": 209800000,
        "grossProfitRatio": 0.2060903733,
        "researchAndDevelopmentExpenses": 0,
        "generalAndAdministrativeExpenses": 0,
        "sellingAndMarketingExpenses": 0,
        "sellingGeneralAndAdministrativeExpenses": 87600000,
        "otherExpenses": 53000000,
        "operatingExpenses": 140600000,
        "costAndExpenses": 948800000,
        "interestIncome": 0,
        "interestExpense": 0,
        "depreciationAndAmortization": 53000000,
        "ebitda": 122200000,
        "ebitdaratio": 0.1200392927,
        "operatingIncome": 69200000,
        "operatingIncomeRatio": 0.0679764244,
        "totalOtherIncomeExpensesNet": -11000000,
        "incomeBeforeTax": 58200000,
        "incomeBeforeTaxRatio": 0.0571709234,
        "incomeTaxExpense": 19000000,
        "netIncome": 39200000,
        "netIncomeRatio": 0.0385068762,
        "eps": 0.38,
        "epsdiluted": 0.38,
        "weightedAverageShsOut": 102692308,
        "weightedAverageShsOutDil": 102692308,
        "link": null,
        "finalLink": null
    },
    {
        "date": "1994-12-31",
        "symbol": "DXC",
        "reportedCurrency": "USD",
        "cik": "0001688568",
        "fillingDate": "1994-12-31",
        "acceptedDate": "1994-12-31 00:00:00",
        "calendarYear": "1995",
        "period": "Q3",
        "revenue": 827900000,
        "costOfRevenue": 661800000,
        "grossProfit": 166100000,
        "grossProfitRatio": 0.2006280952,
        "researchAndDevelopmentExpenses": 0,
        "generalAndAdministrativeExpenses": 0,
        "sellingAndMarketingExpenses": 0,
        "sellingGeneralAndAdministrativeExpenses": 73500000,
        "otherExpenses": 41800000,
        "operatingExpenses": 115300000,
        "costAndExpenses": 777100000,
        "interestIncome": 0,
        "interestExpense": 0,
        "depreciationAndAmortization": 41800000,
        "ebitda": 92600000,
        "ebitdaratio": 0.1118492572,
        "operatingIncome": 50800000,
        "operatingIncomeRatio": 0.0613600676,
        "totalOtherIncomeExpensesNet": -7500000,
        "incomeBeforeTax": 43300000,
        "incomeBeforeTaxRatio": 0.0523010025,
        "incomeTaxExpense": 16600000,
        "netIncome": 26700000,
        "netIncomeRatio": 0.0322502718,
        "eps": 0.26,
        "epsdiluted": 0.26,
        "weightedAverageShsOut": 102692308,
        "weightedAverageShsOutDil": 102692308,
        "link": null,
        "finalLink": null
    },
    {
        "date": "1994-09-30",
        "symbol": "DXC",
        "reportedCurrency": "USD",
        "cik": "0001688568",
        "fillingDate": "1994-09-30",
        "acceptedDate": "1994-09-30 00:00:00",
        "calendarYear": "1995",
        "period": "Q2",
        "revenue": 788500000,
        "costOfRevenue": 631900000,
        "grossProfit": 156600000,
        "grossProfitRatio": 0.1986049461,
        "researchAndDevelopmentExpenses": 0,
        "generalAndAdministrativeExpenses": 0,
        "sellingAndMarketingExpenses": 0,
        "sellingGeneralAndAdministrativeExpenses": 74100000,
        "otherExpenses": 39900000,
        "operatingExpenses": 114000000,
        "costAndExpenses": 745900000,
        "interestIncome": 0,
        "interestExpense": 0,
        "depreciationAndAmortization": 39900000,
        "ebitda": 82500000,
        "ebitdaratio": 0.1046290425,
        "operatingIncome": 42600000,
        "operatingIncomeRatio": 0.0540266328,
        "totalOtherIncomeExpensesNet": -5600000,
        "incomeBeforeTax": 37000000,
        "incomeBeforeTaxRatio": 0.0469245403,
        "incomeTaxExpense": 14100000,
        "netIncome": 22900000,
        "netIncomeRatio": 0.0290424857,
        "eps": 0.22,
        "epsdiluted": 0.22,
        "weightedAverageShsOut": 104090909,
        "weightedAverageShsOutDil": 104090909,
        "link": null,
        "finalLink": null
    },
    {
        "date": "1994-06-30",
        "symbol": "DXC",
        "reportedCurrency": "USD",
        "cik": "0001688568",
        "fillingDate": "1994-06-30",
        "acceptedDate": "1994-06-30 00:00:00",
        "calendarYear": "1995",
        "period": "Q1",
        "revenue": 738100000,
        "costOfRevenue": 583700000,
        "grossProfit": 154400000,
        "grossProfitRatio": 0.2091857472,
        "researchAndDevelopmentExpenses": 0,
        "generalAndAdministrativeExpenses": 0,
        "sellingAndMarketingExpenses": 0,
        "sellingGeneralAndAdministrativeExpenses": 76000000,
        "otherExpenses": 37900000,
        "operatingExpenses": 113900000,
        "costAndExpenses": 697600000,
        "interestIncome": 0,
        "interestExpense": 0,
        "depreciationAndAmortization": 37900000,
        "ebitda": 78400000,
        "ebitdaratio": 0.1062186696,
        "operatingIncome": 40500000,
        "operatingIncomeRatio": 0.0548706137,
        "totalOtherIncomeExpensesNet": -5300000,
        "incomeBeforeTax": 35200000,
        "incomeBeforeTaxRatio": 0.0476900149,
        "incomeTaxExpense": 13400000,
        "netIncome": 21800000,
        "netIncomeRatio": 0.0295352933,
        "eps": 0.21,
        "epsdiluted": 0.21,
        "weightedAverageShsOut": 103809524,
        "weightedAverageShsOutDil": 103809524,
        "link": null,
        "finalLink": null
    },
    {
        "date": "1994-03-31",
        "symbol": "DXC",
        "reportedCurrency": "USD",
        "cik": "0001688568",
        "fillingDate": "1994-03-31",
        "acceptedDate": "1994-03-31 00:00:00",
        "calendarYear": "1994",
        "period": "Q4",
        "revenue": 730900000,
        "costOfRevenue": 570300000,
        "grossProfit": 160600000,
        "grossProfitRatio": 0.2197291011,
        "researchAndDevelopmentExpenses": 0,
        "generalAndAdministrativeExpenses": 0,
        "sellingAndMarketingExpenses": 0,
        "sellingGeneralAndAdministrativeExpenses": 67400000,
        "otherExpenses": 37300000,
        "operatingExpenses": 104700000,
        "costAndExpenses": 675000000,
        "interestIncome": 0,
        "interestExpense": 0,
        "depreciationAndAmortization": 37300000,
        "ebitda": 93200000,
        "ebitdaratio": 0.1275140238,
        "operatingIncome": 55900000,
        "operatingIncomeRatio": 0.0764810508,
        "totalOtherIncomeExpensesNet": -3000000,
        "incomeBeforeTax": 52900000,
        "incomeBeforeTaxRatio": 0.0723765221,
        "incomeTaxExpense": 20100000,
        "netIncome": 32800000,
        "netIncomeRatio": 0.0448761801,
        "eps": 0.32,
        "epsdiluted": 0.32,
        "weightedAverageShsOut": 101612903,
        "weightedAverageShsOutDil": 103333333,
        "link": null,
        "finalLink": null
    },
    {
        "date": "1993-12-31",
        "symbol": "DXC",
        "reportedCurrency": "USD",
        "cik": "0001688568",
        "fillingDate": "1993-12-31",
        "acceptedDate": "1993-12-31 00:00:00",
        "calendarYear": "1994",
        "period": "Q3",
        "revenue": 621400000,
        "costOfRevenue": 494200000,
        "grossProfit": 127200000,
        "grossProfitRatio": 0.2046990666,
        "researchAndDevelopmentExpenses": 0,
        "generalAndAdministrativeExpenses": 0,
        "sellingAndMarketingExpenses": 0,
        "sellingGeneralAndAdministrativeExpenses": 56100000,
        "otherExpenses": 33300000,
        "operatingExpenses": 89400000,
        "costAndExpenses": 583600000,
        "interestIncome": 0,
        "interestExpense": 0,
        "depreciationAndAmortization": 33300000,
        "ebitda": 71100000,
        "ebitdaratio": 0.1144190537,
        "operatingIncome": 37800000,
        "operatingIncomeRatio": 0.060830383,
        "totalOtherIncomeExpensesNet": -2800000,
        "incomeBeforeTax": 35000000,
        "incomeBeforeTaxRatio": 0.0563244287,
        "incomeTaxExpense": 13300000,
        "netIncome": 21700000,
        "netIncomeRatio": 0.0349211458,
        "eps": 0.21,
        "epsdiluted": 0.21,
        "weightedAverageShsOut": 103333333,
        "weightedAverageShsOutDil": 103333333,
        "link": null,
        "finalLink": null
    },
    {
        "date": "1993-09-30",
        "symbol": "DXC",
        "reportedCurrency": "USD",
        "cik": "0001688568",
        "fillingDate": "1993-09-30",
        "acceptedDate": "1993-09-30 00:00:00",
        "calendarYear": "1994",
        "period": "Q2",
        "revenue": 622300000,
        "costOfRevenue": 507800000,
        "grossProfit": 114500000,
        "grossProfitRatio": 0.1839948578,
        "researchAndDevelopmentExpenses": 0,
        "generalAndAdministrativeExpenses": 0,
        "sellingAndMarketingExpenses": 0,
        "sellingGeneralAndAdministrativeExpenses": 50800000,
        "otherExpenses": 30000000,
        "operatingExpenses": 80800000,
        "costAndExpenses": 588600000,
        "interestIncome": 0,
        "interestExpense": 0,
        "depreciationAndAmortization": 30000000,
        "ebitda": 63700000,
        "ebitdaratio": 0.1023622047,
        "operatingIncome": 33700000,
        "operatingIncomeRatio": 0.054153945,
        "totalOtherIncomeExpensesNet": -2300000,
        "incomeBeforeTax": 31400000,
        "incomeBeforeTaxRatio": 0.0504579785,
        "incomeTaxExpense": 13100000,
        "netIncome": 18300000,
        "netIncomeRatio": 0.0294070384,
        "eps": 0.18,
        "epsdiluted": 0.18,
        "weightedAverageShsOut": 101666667,
        "weightedAverageShsOutDil": 101666667,
        "link": null,
        "finalLink": null
    },
    {
        "date": "1993-06-30",
        "symbol": "DXC",
        "reportedCurrency": "USD",
        "cik": "0001688568",
        "fillingDate": "1993-06-30",
        "acceptedDate": "1993-06-30 00:00:00",
        "calendarYear": "1994",
        "period": "Q1",
        "revenue": 608100000,
        "costOfRevenue": 483800000,
        "grossProfit": 124300000,
        "grossProfitRatio": 0.2044071699,
        "researchAndDevelopmentExpenses": 0,
        "generalAndAdministrativeExpenses": 0,
        "sellingAndMarketingExpenses": 0,
        "sellingGeneralAndAdministrativeExpenses": 61700000,
        "otherExpenses": 30100000,
        "operatingExpenses": 91800000,
        "costAndExpenses": 575600000,
        "interestIncome": 0,
        "interestExpense": 0,
        "depreciationAndAmortization": 30100000,
        "ebitda": 62600000,
        "ebitdaratio": 0.1029435948,
        "operatingIncome": 32500000,
        "operatingIncomeRatio": 0.053445157,
        "totalOtherIncomeExpensesNet": -2600000,
        "incomeBeforeTax": 29900000,
        "incomeBeforeTaxRatio": 0.0491695445,
        "incomeTaxExpense": 11700000,
        "netIncome": 23100000,
        "netIncomeRatio": 0.0379871732,
        "eps": 0.23,
        "epsdiluted": 0.23,
        "weightedAverageShsOut": 100434783,
        "weightedAverageShsOutDil": 100434783,
        "link": null,
        "finalLink": null
    },
    {
        "date": "1993-03-31",
        "symbol": "DXC",
        "reportedCurrency": "USD",
        "cik": "0001688568",
        "fillingDate": "1993-03-31",
        "acceptedDate": "1993-03-31 00:00:00",
        "calendarYear": "1993",
        "period": "Q4",
        "revenue": 650300000,
        "costOfRevenue": 498900000,
        "grossProfit": 151400000,
        "grossProfitRatio": 0.2328156236,
        "researchAndDevelopmentExpenses": 0,
        "generalAndAdministrativeExpenses": 0,
        "sellingAndMarketingExpenses": 0,
        "sellingGeneralAndAdministrativeExpenses": 70800000,
        "otherExpenses": 33700000,
        "operatingExpenses": 104500000,
        "costAndExpenses": 603400000,
        "interestIncome": 0,
        "interestExpense": 0,
        "depreciationAndAmortization": 33700000,
        "ebitda": 80600000,
        "ebitdaratio": 0.1239427956,
        "operatingIncome": 46900000,
        "operatingIncomeRatio": 0.0721205597,
        "totalOtherIncomeExpensesNet": -3100000,
        "incomeBeforeTax": 43800000,
        "incomeBeforeTaxRatio": 0.0673535291,
        "incomeTaxExpense": 17700000,
        "netIncome": 26100000,
        "netIncomeRatio": 0.0401353222,
        "eps": 0.26,
        "epsdiluted": 0.26,
        "weightedAverageShsOut": 98947368,
        "weightedAverageShsOutDil": 98947368,
        "link": null,
        "finalLink": null
    },
    {
        "date": "1992-12-31",
        "symbol": "DXC",
        "reportedCurrency": "USD",
        "cik": "0001688568",
        "fillingDate": "1992-12-31",
        "acceptedDate": "1992-12-31 00:00:00",
        "calendarYear": "1993",
        "period": "Q3",
        "revenue": 608400000,
        "costOfRevenue": 489300000,
        "grossProfit": 119100000,
        "grossProfitRatio": 0.1957593688,
        "researchAndDevelopmentExpenses": 0,
        "generalAndAdministrativeExpenses": 0,
        "sellingAndMarketingExpenses": 0,
        "sellingGeneralAndAdministrativeExpenses": 55200000,
        "otherExpenses": 29800000,
        "operatingExpenses": 85000000,
        "costAndExpenses": 574300000,
        "interestIncome": 0,
        "interestExpense": 0,
        "depreciationAndAmortization": 29800000,
        "ebitda": 63900000,
        "ebitdaratio": 0.1050295858,
        "operatingIncome": 34100000,
        "operatingIncomeRatio": 0.0560486522,
        "totalOtherIncomeExpensesNet": -3600000,
        "incomeBeforeTax": 30500000,
        "incomeBeforeTaxRatio": 0.0501314924,
        "incomeTaxExpense": 11700000,
        "netIncome": 18800000,
        "netIncomeRatio": 0.0309007232,
        "eps": 0.19,
        "epsdiluted": 0.19,
        "weightedAverageShsOut": 98947368,
        "weightedAverageShsOutDil": 98947368,
        "link": null,
        "finalLink": null
    },
    {
        "date": "1992-09-30",
        "symbol": "DXC",
        "reportedCurrency": "USD",
        "cik": "0001688568",
        "fillingDate": "1992-09-30",
        "acceptedDate": "1992-09-30 00:00:00",
        "calendarYear": "1993",
        "period": "Q2",
        "revenue": 616000000,
        "costOfRevenue": 498600000,
        "grossProfit": 117400000,
        "grossProfitRatio": 0.1905844156,
        "researchAndDevelopmentExpenses": 0,
        "generalAndAdministrativeExpenses": 0,
        "sellingAndMarketingExpenses": 0,
        "sellingGeneralAndAdministrativeExpenses": 56700000,
        "otherExpenses": 28300000,
        "operatingExpenses": 85000000,
        "costAndExpenses": 583600000,
        "interestIncome": 0,
        "interestExpense": 0,
        "depreciationAndAmortization": 28300000,
        "ebitda": 60700000,
        "ebitdaratio": 0.098538961,
        "operatingIncome": 32400000,
        "operatingIncomeRatio": 0.0525974026,
        "totalOtherIncomeExpensesNet": -4700000,
        "incomeBeforeTax": 27700000,
        "incomeBeforeTaxRatio": 0.0449675325,
        "incomeTaxExpense": 10600000,
        "netIncome": 17100000,
        "netIncomeRatio": 0.0277597403,
        "eps": 0.17,
        "epsdiluted": 0.17,
        "weightedAverageShsOut": 100588235,
        "weightedAverageShsOutDil": 100588235,
        "link": null,
        "finalLink": null
    },
    {
        "date": "1992-06-30",
        "symbol": "DXC",
        "reportedCurrency": "USD",
        "cik": "0001688568",
        "fillingDate": "1992-06-30",
        "acceptedDate": "1992-06-30 00:00:00",
        "calendarYear": "1993",
        "period": "Q1",
        "revenue": 605100000,
        "costOfRevenue": 490800000,
        "grossProfit": 114300000,
        "grossProfitRatio": 0.1888943976,
        "researchAndDevelopmentExpenses": 0,
        "generalAndAdministrativeExpenses": 0,
        "sellingAndMarketingExpenses": 0,
        "sellingGeneralAndAdministrativeExpenses": 56300000,
        "otherExpenses": 26900000,
        "operatingExpenses": 83200000,
        "costAndExpenses": 574000000,
        "interestIncome": 0,
        "interestExpense": 0,
        "depreciationAndAmortization": 26900000,
        "ebitda": 58000000,
        "ebitdaratio": 0.0958519253,
        "operatingIncome": 31100000,
        "operatingIncomeRatio": 0.0513964634,
        "totalOtherIncomeExpensesNet": -4900000,
        "incomeBeforeTax": 26200000,
        "incomeBeforeTaxRatio": 0.0432986283,
        "incomeTaxExpense": 10100000,
        "netIncome": 16100000,
        "netIncomeRatio": 0.0266071724,
        "eps": 0.16,
        "epsdiluted": 0.16,
        "weightedAverageShsOut": 100625000,
        "weightedAverageShsOutDil": 100625000,
        "link": null,
        "finalLink": null
    },
    {
        "date": "1992-03-31",
        "symbol": "DXC",
        "reportedCurrency": "USD",
        "cik": "0001688568",
        "fillingDate": "1992-03-31",
        "acceptedDate": "1992-03-31 00:00:00",
        "calendarYear": "1992",
        "period": "Q4",
        "revenue": 645000000,
        "costOfRevenue": 397300000,
        "grossProfit": 247700000,
        "grossProfitRatio": 0.3840310078,
        "researchAndDevelopmentExpenses": 0,
        "generalAndAdministrativeExpenses": 0,
        "sellingAndMarketingExpenses": 0,
        "sellingGeneralAndAdministrativeExpenses": 165800000,
        "otherExpenses": 33200000,
        "operatingExpenses": 199000000,
        "costAndExpenses": 596300000,
        "interestIncome": 0,
        "interestExpense": 0,
        "depreciationAndAmortization": 33200000,
        "ebitda": 81900000,
        "ebitdaratio": 0.1269767442,
        "operatingIncome": 48700000,
        "operatingIncomeRatio": 0.075503876,
        "totalOtherIncomeExpensesNet": -9800000,
        "incomeBeforeTax": 38900000,
        "incomeBeforeTaxRatio": 0.0603100775,
        "incomeTaxExpense": 15200000,
        "netIncome": 23700000,
        "netIncomeRatio": 0.036744186,
        "eps": 0.25,
        "epsdiluted": 0.25,
        "weightedAverageShsOut": 94705882,
        "weightedAverageShsOutDil": 94705882,
        "link": null,
        "finalLink": null
    },
    {
        "date": "1991-12-31",
        "symbol": "DXC",
        "reportedCurrency": "USD",
        "cik": "0001688568",
        "fillingDate": "1991-12-31",
        "acceptedDate": "1991-12-31 00:00:00",
        "calendarYear": "1992",
        "period": "Q3",
        "revenue": 544600000,
        "costOfRevenue": 479900000,
        "grossProfit": 64700000,
        "grossProfitRatio": 0.118802791,
        "researchAndDevelopmentExpenses": 0,
        "generalAndAdministrativeExpenses": 0,
        "sellingAndMarketingExpenses": 0,
        "sellingGeneralAndAdministrativeExpenses": 6200000,
        "otherExpenses": 27600000,
        "operatingExpenses": 33800000,
        "costAndExpenses": 513700000,
        "interestIncome": 0,
        "interestExpense": 0,
        "depreciationAndAmortization": 27600000,
        "ebitda": 58500000,
        "ebitdaratio": 0.1074182887,
        "operatingIncome": 30900000,
        "operatingIncomeRatio": 0.0567388909,
        "totalOtherIncomeExpensesNet": -8100000,
        "incomeBeforeTax": 22800000,
        "incomeBeforeTaxRatio": 0.0418655894,
        "incomeTaxExpense": 6700000,
        "netIncome": 16100000,
        "netIncomeRatio": 0.029562982,
        "eps": 0.17,
        "epsdiluted": 0.17,
        "weightedAverageShsOut": 94705882,
        "weightedAverageShsOutDil": 94705882,
        "link": null,
        "finalLink": null
    },
    {
        "date": "1991-09-30",
        "symbol": "DXC",
        "reportedCurrency": "USD",
        "cik": "0001688568",
        "fillingDate": "1991-09-30",
        "acceptedDate": "1991-09-30 00:00:00",
        "calendarYear": "1992",
        "period": "Q2",
        "revenue": 467400000,
        "costOfRevenue": 425900000,
        "grossProfit": 41500000,
        "grossProfitRatio": 0.0887890458,
        "researchAndDevelopmentExpenses": 0,
        "generalAndAdministrativeExpenses": 0,
        "sellingAndMarketingExpenses": 0,
        "sellingGeneralAndAdministrativeExpenses": 6300000,
        "otherExpenses": 11000000,
        "operatingExpenses": 17300000,
        "costAndExpenses": 443200000,
        "interestIncome": 0,
        "interestExpense": 0,
        "depreciationAndAmortization": 11000000,
        "ebitda": 35200000,
        "ebitdaratio": 0.0753102268,
        "operatingIncome": 24200000,
        "operatingIncomeRatio": 0.0517757809,
        "totalOtherIncomeExpensesNet": -2000000,
        "incomeBeforeTax": 22200000,
        "incomeBeforeTaxRatio": 0.0474967908,
        "incomeTaxExpense": 8200000,
        "netIncome": 14000000,
        "netIncomeRatio": 0.0299529311,
        "eps": 0.14,
        "epsdiluted": 0.14,
        "weightedAverageShsOut": 100000000,
        "weightedAverageShsOutDil": 100000000,
        "link": null,
        "finalLink": null
    },
    {
        "date": "1991-06-30",
        "symbol": "DXC",
        "reportedCurrency": "USD",
        "cik": "0001688568",
        "fillingDate": "1991-06-30",
        "acceptedDate": "1991-06-30 00:00:00",
        "calendarYear": "1992",
        "period": "Q1",
        "revenue": 456400000,
        "costOfRevenue": 415300000,
        "grossProfit": 41100000,
        "grossProfitRatio": 0.0900525855,
        "researchAndDevelopmentExpenses": 0,
        "generalAndAdministrativeExpenses": 0,
        "sellingAndMarketingExpenses": 0,
        "sellingGeneralAndAdministrativeExpenses": 6700000,
        "otherExpenses": 9900000,
        "operatingExpenses": 16600000,
        "costAndExpenses": 431900000,
        "interestIncome": 0,
        "interestExpense": 0,
        "depreciationAndAmortization": 9900000,
        "ebitda": 34400000,
        "ebitdaratio": 0.0753724803,
        "operatingIncome": 24500000,
        "operatingIncomeRatio": 0.0536809816,
        "totalOtherIncomeExpensesNet": -2000000,
        "incomeBeforeTax": 22500000,
        "incomeBeforeTaxRatio": 0.0492988606,
        "incomeTaxExpense": 8100000,
        "netIncome": 14400000,
        "netIncomeRatio": 0.0315512708,
        "eps": 0.15,
        "epsdiluted": 0.15,
        "weightedAverageShsOut": 96000000,
        "weightedAverageShsOutDil": 96000000,
        "link": null,
        "finalLink": null
    },
    {
        "date": "1991-03-31",
        "symbol": "DXC",
        "reportedCurrency": "USD",
        "cik": "0001688568",
        "fillingDate": "1991-03-31",
        "acceptedDate": "1991-03-31 00:00:00",
        "calendarYear": "1991",
        "period": "Q4",
        "revenue": 476300000,
        "costOfRevenue": 424500000,
        "grossProfit": 51800000,
        "grossProfitRatio": 0.1087549864,
        "researchAndDevelopmentExpenses": 0,
        "generalAndAdministrativeExpenses": 0,
        "sellingAndMarketingExpenses": 0,
        "sellingGeneralAndAdministrativeExpenses": 5600000,
        "otherExpenses": 11000000,
        "operatingExpenses": 16600000,
        "costAndExpenses": 441100000,
        "interestIncome": 0,
        "interestExpense": 0,
        "depreciationAndAmortization": 11000000,
        "ebitda": 46200000,
        "ebitdaratio": 0.0969976905,
        "operatingIncome": 35200000,
        "operatingIncomeRatio": 0.0739030023,
        "totalOtherIncomeExpensesNet": -1900000,
        "incomeBeforeTax": 33300000,
        "incomeBeforeTaxRatio": 0.0699139198,
        "incomeTaxExpense": 12300000,
        "netIncome": 21000000,
        "netIncomeRatio": 0.0440898593,
        "eps": 0.22,
        "epsdiluted": 0.22,
        "weightedAverageShsOut": 97647059,
        "weightedAverageShsOutDil": 97647059,
        "link": null,
        "finalLink": null
    },
    {
        "date": "1990-12-31",
        "symbol": "DXC",
        "reportedCurrency": "USD",
        "cik": "0001688568",
        "fillingDate": "1990-12-31",
        "acceptedDate": "1990-12-31 00:00:00",
        "calendarYear": "1991",
        "period": "Q3",
        "revenue": 434200000,
        "costOfRevenue": 392900000,
        "grossProfit": 41300000,
        "grossProfitRatio": 0.0951174574,
        "researchAndDevelopmentExpenses": 0,
        "generalAndAdministrativeExpenses": 0,
        "sellingAndMarketingExpenses": 0,
        "sellingGeneralAndAdministrativeExpenses": 5700000,
        "otherExpenses": 10900000,
        "operatingExpenses": 16600000,
        "costAndExpenses": 409500000,
        "interestIncome": 0,
        "interestExpense": 0,
        "depreciationAndAmortization": 10900000,
        "ebitda": 35600000,
        "ebitdaratio": 0.0819898664,
        "operatingIncome": 24700000,
        "operatingIncomeRatio": 0.0568862275,
        "totalOtherIncomeExpensesNet": 1700000,
        "incomeBeforeTax": 26400000,
        "incomeBeforeTaxRatio": 0.060801474,
        "incomeTaxExpense": 9800000,
        "netIncome": 16600000,
        "netIncomeRatio": 0.0382312298,
        "eps": 0.17,
        "epsdiluted": 0.17,
        "weightedAverageShsOut": 97647059,
        "weightedAverageShsOutDil": 97647059,
        "link": null,
        "finalLink": null
    },
    {
        "date": "1990-09-30",
        "symbol": "DXC",
        "reportedCurrency": "USD",
        "cik": "0001688568",
        "fillingDate": "1990-09-30",
        "acceptedDate": "1990-09-30 00:00:00",
        "calendarYear": "1991",
        "period": "Q2",
        "revenue": 419800000,
        "costOfRevenue": 380700000,
        "grossProfit": 39100000,
        "grossProfitRatio": 0.0931395903,
        "researchAndDevelopmentExpenses": 0,
        "generalAndAdministrativeExpenses": 0,
        "sellingAndMarketingExpenses": 0,
        "sellingGeneralAndAdministrativeExpenses": 5900000,
        "otherExpenses": 9500000,
        "operatingExpenses": 15400000,
        "costAndExpenses": 396100000,
        "interestIncome": 0,
        "interestExpense": 0,
        "depreciationAndAmortization": 9500000,
        "ebitda": 33200000,
        "ebitdaratio": 0.0790852787,
        "operatingIncome": 23700000,
        "operatingIncomeRatio": 0.056455455,
        "totalOtherIncomeExpensesNet": -2400000,
        "incomeBeforeTax": 21300000,
        "incomeBeforeTaxRatio": 0.0507384469,
        "incomeTaxExpense": 7700000,
        "netIncome": 13600000,
        "netIncomeRatio": 0.0323963792,
        "eps": 0.14,
        "epsdiluted": 0.14,
        "weightedAverageShsOut": 97142857,
        "weightedAverageShsOutDil": 97142857,
        "link": null,
        "finalLink": null
    },
    {
        "date": "1990-06-30",
        "symbol": "DXC",
        "reportedCurrency": "USD",
        "cik": "0001688568",
        "fillingDate": "1990-06-30",
        "acceptedDate": "1990-06-30 00:00:00",
        "calendarYear": "1991",
        "period": "Q1",
        "revenue": 407600000,
        "costOfRevenue": 369400000,
        "grossProfit": 38200000,
        "grossProfitRatio": 0.0937193327,
        "researchAndDevelopmentExpenses": 0,
        "generalAndAdministrativeExpenses": 0,
        "sellingAndMarketingExpenses": 0,
        "sellingGeneralAndAdministrativeExpenses": 6200000,
        "otherExpenses": 8800000,
        "operatingExpenses": 15000000,
        "costAndExpenses": 384400000,
        "interestIncome": 0,
        "interestExpense": 0,
        "depreciationAndAmortization": 8800000,
        "ebitda": 32000000,
        "ebitdaratio": 0.0785083415,
        "operatingIncome": 23200000,
        "operatingIncomeRatio": 0.0569185476,
        "totalOtherIncomeExpensesNet": -1700000,
        "incomeBeforeTax": 21500000,
        "incomeBeforeTaxRatio": 0.052747792,
        "incomeTaxExpense": 7800000,
        "netIncome": 13700000,
        "netIncomeRatio": 0.0336113837,
        "eps": 0.14,
        "epsdiluted": 0.14,
        "weightedAverageShsOut": 97857143,
        "weightedAverageShsOutDil": 97857143,
        "link": null,
        "finalLink": null
    },
    {
        "date": "1990-03-31",
        "symbol": "DXC",
        "reportedCurrency": "USD",
        "cik": "0001688568",
        "fillingDate": "1990-03-31",
        "acceptedDate": "1990-03-31 00:00:00",
        "calendarYear": "1990",
        "period": "Q4",
        "revenue": 417700000,
        "costOfRevenue": 371600000,
        "grossProfit": 46100000,
        "grossProfitRatio": 0.1103662916,
        "researchAndDevelopmentExpenses": 0,
        "generalAndAdministrativeExpenses": 0,
        "sellingAndMarketingExpenses": 0,
        "sellingGeneralAndAdministrativeExpenses": 5800000,
        "otherExpenses": 10200000,
        "operatingExpenses": 16000000,
        "costAndExpenses": 387600000,
        "interestIncome": 0,
        "interestExpense": 0,
        "depreciationAndAmortization": 10200000,
        "ebitda": 40300000,
        "ebitdaratio": 0.0964807278,
        "operatingIncome": 30100000,
        "operatingIncomeRatio": 0.072061288,
        "totalOtherIncomeExpensesNet": 7400000,
        "incomeBeforeTax": 37500000,
        "incomeBeforeTaxRatio": 0.0897773522,
        "incomeTaxExpense": 13500000,
        "netIncome": 24000000,
        "netIncomeRatio": 0.0574575054,
        "eps": 0.26,
        "epsdiluted": 0.26,
        "weightedAverageShsOut": 93125000,
        "weightedAverageShsOutDil": 93125000,
        "link": null,
        "finalLink": null
    },
    {
        "date": "1989-12-31",
        "symbol": "DXC",
        "reportedCurrency": "USD",
        "cik": "0001688568",
        "fillingDate": "1989-12-31",
        "acceptedDate": "1989-12-31 00:00:00",
        "calendarYear": "1990",
        "period": "Q3",
        "revenue": 368900000,
        "costOfRevenue": 333100000,
        "grossProfit": 35800000,
        "grossProfitRatio": 0.0970452697,
        "researchAndDevelopmentExpenses": 0,
        "generalAndAdministrativeExpenses": 0,
        "sellingAndMarketingExpenses": 0,
        "sellingGeneralAndAdministrativeExpenses": 4700000,
        "otherExpenses": 8900000,
        "operatingExpenses": 13600000,
        "costAndExpenses": 346700000,
        "interestIncome": 0,
        "interestExpense": 0,
        "depreciationAndAmortization": 8900000,
        "ebitda": 31100000,
        "ebitdaratio": 0.0843046896,
        "operatingIncome": 22200000,
        "operatingIncomeRatio": 0.0601789103,
        "totalOtherIncomeExpensesNet": 1300000,
        "incomeBeforeTax": 23500000,
        "incomeBeforeTaxRatio": 0.0637029005,
        "incomeTaxExpense": 8600000,
        "netIncome": 14900000,
        "netIncomeRatio": 0.0403903497,
        "eps": 0.16,
        "epsdiluted": 0.16,
        "weightedAverageShsOut": 93125000,
        "weightedAverageShsOutDil": 93125000,
        "link": null,
        "finalLink": null
    },
    {
        "date": "1989-09-30",
        "symbol": "DXC",
        "reportedCurrency": "USD",
        "cik": "0001688568",
        "fillingDate": "1989-09-30",
        "acceptedDate": "1989-09-30 00:00:00",
        "calendarYear": "1990",
        "period": "Q2",
        "revenue": 371700000,
        "costOfRevenue": 335300000,
        "grossProfit": 36400000,
        "grossProfitRatio": 0.0979284369,
        "researchAndDevelopmentExpenses": 0,
        "generalAndAdministrativeExpenses": 0,
        "sellingAndMarketingExpenses": 0,
        "sellingGeneralAndAdministrativeExpenses": 5200000,
        "otherExpenses": 8300000,
        "operatingExpenses": 13500000,
        "costAndExpenses": 348800000,
        "interestIncome": 0,
        "interestExpense": 0,
        "depreciationAndAmortization": 8300000,
        "ebitda": 31200000,
        "ebitdaratio": 0.0839386602,
        "operatingIncome": 22900000,
        "operatingIncomeRatio": 0.0616088243,
        "totalOtherIncomeExpensesNet": -1400000,
        "incomeBeforeTax": 21500000,
        "incomeBeforeTaxRatio": 0.057842346,
        "incomeTaxExpense": 8000000,
        "netIncome": 13500000,
        "netIncomeRatio": 0.0363196126,
        "eps": 0.14,
        "epsdiluted": 0.14,
        "weightedAverageShsOut": 96428571,
        "weightedAverageShsOutDil": 96428571,
        "link": null,
        "finalLink": null
    },
    {
        "date": "1989-06-30",
        "symbol": "DXC",
        "reportedCurrency": "USD",
        "cik": "0001688568",
        "fillingDate": "1989-06-30",
        "acceptedDate": "1989-06-30 00:00:00",
        "calendarYear": "1990",
        "period": "Q1",
        "revenue": 342100000,
        "costOfRevenue": 309400000,
        "grossProfit": 32700000,
        "grossProfitRatio": 0.0955860859,
        "researchAndDevelopmentExpenses": 0,
        "generalAndAdministrativeExpenses": 0,
        "sellingAndMarketingExpenses": 0,
        "sellingGeneralAndAdministrativeExpenses": 5200000,
        "otherExpenses": 6600000,
        "operatingExpenses": 11800000,
        "costAndExpenses": 321200000,
        "interestIncome": 0,
        "interestExpense": 0,
        "depreciationAndAmortization": 6600000,
        "ebitda": 27500000,
        "ebitdaratio": 0.0803858521,
        "operatingIncome": 20900000,
        "operatingIncomeRatio": 0.0610932476,
        "totalOtherIncomeExpensesNet": -100000,
        "incomeBeforeTax": 20800000,
        "incomeBeforeTaxRatio": 0.0608009354,
        "incomeTaxExpense": 7700000,
        "netIncome": 13100000,
        "netIncomeRatio": 0.0382928968,
        "eps": 0.14,
        "epsdiluted": 0.14,
        "weightedAverageShsOut": 93571429,
        "weightedAverageShsOutDil": 93571429,
        "link": null,
        "finalLink": null
    },
    {
        "date": "1989-03-31",
        "symbol": "DXC",
        "reportedCurrency": "USD",
        "cik": "0001688568",
        "fillingDate": "1989-03-31",
        "acceptedDate": "1989-03-30 19:00:00",
        "calendarYear": "1989",
        "period": "Q4",
        "revenue": 360200000,
        "costOfRevenue": 0,
        "grossProfit": 360200000,
        "grossProfitRatio": 1,
        "researchAndDevelopmentExpenses": 0,
        "generalAndAdministrativeExpenses": 0,
        "sellingAndMarketingExpenses": 0,
        "sellingGeneralAndAdministrativeExpenses": 0,
        "otherExpenses": -1216600000,
        "operatingExpenses": -1216600000,
        "costAndExpenses": -1216600000,
        "interestIncome": 0,
        "interestExpense": 0,
        "depreciationAndAmortization": 0,
        "ebitda": -856400000,
        "ebitdaratio": -2.3775680178,
        "operatingIncome": -856400000,
        "operatingIncomeRatio": -2.3775680178,
        "totalOtherIncomeExpensesNet": 856400000,
        "incomeBeforeTax": 0,
        "incomeBeforeTaxRatio": 0,
        "incomeTaxExpense": 0,
        "netIncome": 16900000,
        "netIncomeRatio": 0.0469183787,
        "eps": 0.1806752336,
        "epsdiluted": 0.1806752336,
        "weightedAverageShsOut": 93538000,
        "weightedAverageShsOutDil": 93538000,
        "link": "",
        "finalLink": ""
    },
    {
        "date": "1988-12-31",
        "symbol": "DXC",
        "reportedCurrency": "USD",
        "cik": "0001688568",
        "fillingDate": "1988-12-31",
        "acceptedDate": "1988-12-30 19:00:00",
        "calendarYear": "1989",
        "period": "Q3",
        "revenue": 345500000,
        "costOfRevenue": 0,
        "grossProfit": 345500000,
        "grossProfitRatio": 1,
        "researchAndDevelopmentExpenses": 0,
        "generalAndAdministrativeExpenses": 0,
        "sellingAndMarketingExpenses": 0,
        "sellingGeneralAndAdministrativeExpenses": 0,
        "otherExpenses": 0,
        "operatingExpenses": 0,
        "costAndExpenses": 0,
        "interestIncome": 0,
        "interestExpense": 0,
        "depreciationAndAmortization": 0,
        "ebitda": 345500000,
        "ebitdaratio": 1,
        "operatingIncome": 345500000,
        "operatingIncomeRatio": 1,
        "totalOtherIncomeExpensesNet": -345500000,
        "incomeBeforeTax": 0,
        "incomeBeforeTaxRatio": 0,
        "incomeTaxExpense": 0,
        "netIncome": 12000000,
        "netIncomeRatio": 0.0347322721,
        "eps": 0.13,
        "epsdiluted": 0.13,
        "weightedAverageShsOut": 93538000,
        "weightedAverageShsOutDil": 93538000,
        "link": "",
        "finalLink": ""
    },
    {
        "date": "1988-09-30",
        "symbol": "DXC",
        "reportedCurrency": "USD",
        "cik": "0001688568",
        "fillingDate": "1988-09-30",
        "acceptedDate": "1988-09-29 20:00:00",
        "calendarYear": "1989",
        "period": "Q2",
        "revenue": 299500000,
        "costOfRevenue": 0,
        "grossProfit": 299500000,
        "grossProfitRatio": 1,
        "researchAndDevelopmentExpenses": 0,
        "generalAndAdministrativeExpenses": 0,
        "sellingAndMarketingExpenses": 0,
        "sellingGeneralAndAdministrativeExpenses": 0,
        "otherExpenses": 0,
        "operatingExpenses": 0,
        "costAndExpenses": 0,
        "interestIncome": 0,
        "interestExpense": 0,
        "depreciationAndAmortization": 0,
        "ebitda": 299500000,
        "ebitdaratio": 1,
        "operatingIncome": 299500000,
        "operatingIncomeRatio": 1,
        "totalOtherIncomeExpensesNet": -299500000,
        "incomeBeforeTax": 0,
        "incomeBeforeTaxRatio": 0,
        "incomeTaxExpense": 0,
        "netIncome": 12000000,
        "netIncomeRatio": 0.040066778,
        "eps": 0.13,
        "epsdiluted": 0.13,
        "weightedAverageShsOut": 96024000,
        "weightedAverageShsOutDil": 96024000,
        "link": "",
        "finalLink": ""
    },
    {
        "date": "1988-06-30",
        "symbol": "DXC",
        "reportedCurrency": "USD",
        "cik": "0001688568",
        "fillingDate": "1988-06-30",
        "acceptedDate": "1988-06-29 20:00:00",
        "calendarYear": "1989",
        "period": "Q1",
        "revenue": 299300000,
        "costOfRevenue": 0,
        "grossProfit": 299300000,
        "grossProfitRatio": 1,
        "researchAndDevelopmentExpenses": 0,
        "generalAndAdministrativeExpenses": 0,
        "sellingAndMarketingExpenses": 0,
        "sellingGeneralAndAdministrativeExpenses": 0,
        "otherExpenses": 0,
        "operatingExpenses": 0,
        "costAndExpenses": 0,
        "interestIncome": 0,
        "interestExpense": 0,
        "depreciationAndAmortization": 0,
        "ebitda": 299300000,
        "ebitdaratio": 1,
        "operatingIncome": 299300000,
        "operatingIncomeRatio": 1,
        "totalOtherIncomeExpensesNet": -299300000,
        "incomeBeforeTax": 0,
        "incomeBeforeTaxRatio": 0,
        "incomeTaxExpense": 0,
        "netIncome": 11700000,
        "netIncomeRatio": 0.0390912128,
        "eps": 0.12,
        "epsdiluted": 0.12,
        "weightedAverageShsOut": 95868000,
        "weightedAverageShsOutDil": 95868000,
        "link": "",
        "finalLink": ""
    },
    {
        "date": "1988-03-31",
        "symbol": "DXC",
        "reportedCurrency": "USD",
        "cik": "0001688568",
        "fillingDate": "1988-03-31",
        "acceptedDate": "1988-03-30 19:00:00",
        "calendarYear": "1988",
        "period": "Q4",
        "revenue": 309200000,
        "costOfRevenue": 0,
        "grossProfit": 309200000,
        "grossProfitRatio": 1,
        "researchAndDevelopmentExpenses": 0,
        "generalAndAdministrativeExpenses": 0,
        "sellingAndMarketingExpenses": 0,
        "sellingGeneralAndAdministrativeExpenses": 0,
        "otherExpenses": -1074700000,
        "operatingExpenses": -1074700000,
        "costAndExpenses": -1074700000,
        "interestIncome": 0,
        "interestExpense": 0,
        "depreciationAndAmortization": 0,
        "ebitda": -765500000,
        "ebitdaratio": -2.4757438551,
        "operatingIncome": -765500000,
        "operatingIncomeRatio": -2.4757438551,
        "totalOtherIncomeExpensesNet": 765500000,
        "incomeBeforeTax": 0,
        "incomeBeforeTaxRatio": 0,
        "incomeTaxExpense": 0,
        "netIncome": 13800000,
        "netIncomeRatio": 0.0446313066,
        "eps": 0.1484701123,
        "epsdiluted": 0.1484701123,
        "weightedAverageShsOut": 92948000,
        "weightedAverageShsOutDil": 92948000,
        "link": "",
        "finalLink": ""
    },
    {
        "date": "1987-12-31",
        "symbol": "DXC",
        "reportedCurrency": "USD",
        "cik": "0001688568",
        "fillingDate": "1987-12-31",
        "acceptedDate": "1987-12-30 19:00:00",
        "calendarYear": "1988",
        "period": "Q3",
        "revenue": 287300000,
        "costOfRevenue": 0,
        "grossProfit": 287300000,
        "grossProfitRatio": 1,
        "researchAndDevelopmentExpenses": 0,
        "generalAndAdministrativeExpenses": 0,
        "sellingAndMarketingExpenses": 0,
        "sellingGeneralAndAdministrativeExpenses": 0,
        "otherExpenses": 0,
        "operatingExpenses": 0,
        "costAndExpenses": 0,
        "interestIncome": 0,
        "interestExpense": 0,
        "depreciationAndAmortization": 0,
        "ebitda": 287300000,
        "ebitdaratio": 1,
        "operatingIncome": 287300000,
        "operatingIncomeRatio": 1,
        "totalOtherIncomeExpensesNet": -287300000,
        "incomeBeforeTax": 0,
        "incomeBeforeTaxRatio": 0,
        "incomeTaxExpense": 0,
        "netIncome": 10300000,
        "netIncomeRatio": 0.0358510268,
        "eps": 0.11,
        "epsdiluted": 0.11,
        "weightedAverageShsOut": 92948000,
        "weightedAverageShsOutDil": 92948000,
        "link": "",
        "finalLink": ""
    },
    {
        "date": "1987-09-30",
        "symbol": "DXC",
        "reportedCurrency": "USD",
        "cik": "0001688568",
        "fillingDate": "1987-09-30",
        "acceptedDate": "1987-09-29 20:00:00",
        "calendarYear": "1988",
        "period": "Q2",
        "revenue": 281300000,
        "costOfRevenue": 0,
        "grossProfit": 281300000,
        "grossProfitRatio": 1,
        "researchAndDevelopmentExpenses": 0,
        "generalAndAdministrativeExpenses": 0,
        "sellingAndMarketingExpenses": 0,
        "sellingGeneralAndAdministrativeExpenses": 0,
        "otherExpenses": 0,
        "operatingExpenses": 0,
        "costAndExpenses": 0,
        "interestIncome": 0,
        "interestExpense": 0,
        "depreciationAndAmortization": 0,
        "ebitda": 281300000,
        "ebitdaratio": 1,
        "operatingIncome": 281300000,
        "operatingIncomeRatio": 1,
        "totalOtherIncomeExpensesNet": -281300000,
        "incomeBeforeTax": 0,
        "incomeBeforeTaxRatio": 0,
        "incomeTaxExpense": 0,
        "netIncome": 9900000,
        "netIncomeRatio": 0.0351937433,
        "eps": 0.11,
        "epsdiluted": 0.11,
        "weightedAverageShsOut": 92702000,
        "weightedAverageShsOutDil": 92702000,
        "link": "",
        "finalLink": ""
    },
    {
        "date": "1987-06-30",
        "symbol": "DXC",
        "reportedCurrency": "USD",
        "cik": "0001688568",
        "fillingDate": "1987-06-30",
        "acceptedDate": "1987-06-29 20:00:00",
        "calendarYear": "1988",
        "period": "Q1",
        "revenue": 274600000,
        "costOfRevenue": 0,
        "grossProfit": 274600000,
        "grossProfitRatio": 1,
        "researchAndDevelopmentExpenses": 0,
        "generalAndAdministrativeExpenses": 0,
        "sellingAndMarketingExpenses": 0,
        "sellingGeneralAndAdministrativeExpenses": 0,
        "otherExpenses": 0,
        "operatingExpenses": 0,
        "costAndExpenses": 0,
        "interestIncome": 0,
        "interestExpense": 0,
        "depreciationAndAmortization": 0,
        "ebitda": 274600000,
        "ebitdaratio": 1,
        "operatingIncome": 274600000,
        "operatingIncomeRatio": 1,
        "totalOtherIncomeExpensesNet": -274600000,
        "incomeBeforeTax": 0,
        "incomeBeforeTaxRatio": 0,
        "incomeTaxExpense": 0,
        "netIncome": 9500000,
        "netIncomeRatio": 0.0345957757,
        "eps": 0.1,
        "epsdiluted": 0.1,
        "weightedAverageShsOut": 91754000,
        "weightedAverageShsOutDil": 91754000,
        "link": "",
        "finalLink": ""
    },
    {
        "date": "1987-03-31",
        "symbol": "DXC",
        "reportedCurrency": "USD",
        "cik": "0001688568",
        "fillingDate": "1987-03-31",
        "acceptedDate": "1987-03-30 19:00:00",
        "calendarYear": "1987",
        "period": "Q4",
        "revenue": 290600000,
        "costOfRevenue": 0,
        "grossProfit": 290600000,
        "grossProfitRatio": 1,
        "researchAndDevelopmentExpenses": 0,
        "generalAndAdministrativeExpenses": 0,
        "sellingAndMarketingExpenses": 0,
        "sellingGeneralAndAdministrativeExpenses": 0,
        "otherExpenses": -967800000,
        "operatingExpenses": -967800000,
        "costAndExpenses": -967800000,
        "interestIncome": 0,
        "interestExpense": 0,
        "depreciationAndAmortization": 0,
        "ebitda": -677200000,
        "ebitdaratio": -2.3303509979,
        "operatingIncome": -677200000,
        "operatingIncomeRatio": -2.3303509979,
        "totalOtherIncomeExpensesNet": 677200000,
        "incomeBeforeTax": 0,
        "incomeBeforeTaxRatio": 0,
        "incomeTaxExpense": 0,
        "netIncome": 10800000,
        "netIncomeRatio": 0.0371644873,
        "eps": 0.1177060401,
        "epsdiluted": 0.1177060401,
        "weightedAverageShsOut": 91754000,
        "weightedAverageShsOutDil": 91754000,
        "link": "",
        "finalLink": ""
    },
    {
        "date": "1986-12-31",
        "symbol": "DXC",
        "reportedCurrency": "USD",
        "cik": "0001688568",
        "fillingDate": "1986-12-31",
        "acceptedDate": "1986-12-30 19:00:00",
        "calendarYear": "1987",
        "period": "Q3",
        "revenue": 257500000,
        "costOfRevenue": 0,
        "grossProfit": 257500000,
        "grossProfitRatio": 1,
        "researchAndDevelopmentExpenses": 0,
        "generalAndAdministrativeExpenses": 0,
        "sellingAndMarketingExpenses": 0,
        "sellingGeneralAndAdministrativeExpenses": 0,
        "otherExpenses": 0,
        "operatingExpenses": 0,
        "costAndExpenses": 0,
        "interestIncome": 0,
        "interestExpense": 0,
        "depreciationAndAmortization": 0,
        "ebitda": 257500000,
        "ebitdaratio": 1,
        "operatingIncome": 257500000,
        "operatingIncomeRatio": 1,
        "totalOtherIncomeExpensesNet": -257500000,
        "incomeBeforeTax": 0,
        "incomeBeforeTaxRatio": 0,
        "incomeTaxExpense": 0,
        "netIncome": 7600000,
        "netIncomeRatio": 0.0295145631,
        "eps": 0.08,
        "epsdiluted": 0.08,
        "weightedAverageShsOut": 91754000,
        "weightedAverageShsOutDil": 91754000,
        "link": "",
        "finalLink": ""
    },
    {
        "date": "1986-09-30",
        "symbol": "DXC",
        "reportedCurrency": "USD",
        "cik": "0001688568",
        "fillingDate": "1986-09-30",
        "acceptedDate": "1986-09-29 20:00:00",
        "calendarYear": "1987",
        "period": "Q2",
        "revenue": 249400000,
        "costOfRevenue": 0,
        "grossProfit": 249400000,
        "grossProfitRatio": 1,
        "researchAndDevelopmentExpenses": 0,
        "generalAndAdministrativeExpenses": 0,
        "sellingAndMarketingExpenses": 0,
        "sellingGeneralAndAdministrativeExpenses": 0,
        "otherExpenses": 0,
        "operatingExpenses": 0,
        "costAndExpenses": 0,
        "interestIncome": 0,
        "interestExpense": 0,
        "depreciationAndAmortization": 0,
        "ebitda": 249400000,
        "ebitdaratio": 1,
        "operatingIncome": 249400000,
        "operatingIncomeRatio": 1,
        "totalOtherIncomeExpensesNet": -249400000,
        "incomeBeforeTax": 0,
        "incomeBeforeTaxRatio": 0,
        "incomeTaxExpense": 0,
        "netIncome": 7200000,
        "netIncomeRatio": 0.0288692863,
        "eps": 0.08,
        "epsdiluted": 0.08,
        "weightedAverageShsOut": 91526000,
        "weightedAverageShsOutDil": 91526000,
        "link": "",
        "finalLink": ""
    },
    {
        "date": "1986-06-30",
        "symbol": "DXC",
        "reportedCurrency": "USD",
        "cik": "0001688568",
        "fillingDate": "1986-06-30",
        "acceptedDate": "1986-06-29 20:00:00",
        "calendarYear": "1987",
        "period": "Q1",
        "revenue": 234000000,
        "costOfRevenue": 0,
        "grossProfit": 234000000,
        "grossProfitRatio": 1,
        "researchAndDevelopmentExpenses": 0,
        "generalAndAdministrativeExpenses": 0,
        "sellingAndMarketingExpenses": 0,
        "sellingGeneralAndAdministrativeExpenses": 0,
        "otherExpenses": 0,
        "operatingExpenses": 0,
        "costAndExpenses": 0,
        "interestIncome": 0,
        "interestExpense": 0,
        "depreciationAndAmortization": 0,
        "ebitda": 234000000,
        "ebitdaratio": 1,
        "operatingIncome": 234000000,
        "operatingIncomeRatio": 1,
        "totalOtherIncomeExpensesNet": -234000000,
        "incomeBeforeTax": 0,
        "incomeBeforeTaxRatio": 0,
        "incomeTaxExpense": 0,
        "netIncome": 6700000,
        "netIncomeRatio": 0.0286324786,
        "eps": 0.08,
        "epsdiluted": 0.08,
        "weightedAverageShsOut": 83772000,
        "weightedAverageShsOutDil": 83772000,
        "link": "",
        "finalLink": ""
    },
    {
        "date": "1986-03-31",
        "symbol": "DXC",
        "reportedCurrency": "USD",
        "cik": "0001688568",
        "fillingDate": "1986-03-31",
        "acceptedDate": "1986-03-30 19:00:00",
        "calendarYear": "1986",
        "period": "Q4",
        "revenue": 236800000,
        "costOfRevenue": 0,
        "grossProfit": 236800000,
        "grossProfitRatio": 1,
        "researchAndDevelopmentExpenses": 0,
        "generalAndAdministrativeExpenses": 0,
        "sellingAndMarketingExpenses": 0,
        "sellingGeneralAndAdministrativeExpenses": 0,
        "otherExpenses": -790200000,
        "operatingExpenses": -790200000,
        "costAndExpenses": -790200000,
        "interestIncome": 0,
        "interestExpense": 0,
        "depreciationAndAmortization": 0,
        "ebitda": -553400000,
        "ebitdaratio": -2.3369932432,
        "operatingIncome": -553400000,
        "operatingIncomeRatio": -2.3369932432,
        "totalOtherIncomeExpensesNet": 553400000,
        "incomeBeforeTax": 0,
        "incomeBeforeTaxRatio": 0,
        "incomeTaxExpense": 0,
        "netIncome": 8800000,
        "netIncomeRatio": 0.0371621622,
        "eps": 0.1066770111,
        "epsdiluted": 0.1066770111,
        "weightedAverageShsOut": 82492000,
        "weightedAverageShsOutDil": 82492000,
        "link": "",
        "finalLink": ""
    },
    {
        "date": "1985-12-31",
        "symbol": "DXC",
        "reportedCurrency": "USD",
        "cik": "0001688568",
        "fillingDate": "1985-12-31",
        "acceptedDate": "1985-12-30 19:00:00",
        "calendarYear": "1986",
        "period": "Q3",
        "revenue": 204900000,
        "costOfRevenue": 0,
        "grossProfit": 204900000,
        "grossProfitRatio": 1,
        "researchAndDevelopmentExpenses": 0,
        "generalAndAdministrativeExpenses": 0,
        "sellingAndMarketingExpenses": 0,
        "sellingGeneralAndAdministrativeExpenses": 0,
        "otherExpenses": 0,
        "operatingExpenses": 0,
        "costAndExpenses": 0,
        "interestIncome": 0,
        "interestExpense": 0,
        "depreciationAndAmortization": 0,
        "ebitda": 204900000,
        "ebitdaratio": 1,
        "operatingIncome": 204900000,
        "operatingIncomeRatio": 1,
        "totalOtherIncomeExpensesNet": -204900000,
        "incomeBeforeTax": 0,
        "incomeBeforeTaxRatio": 0,
        "incomeTaxExpense": 0,
        "netIncome": 5000000,
        "netIncomeRatio": 0.0244021474,
        "eps": 0.06,
        "epsdiluted": 0.06,
        "weightedAverageShsOut": 82492000,
        "weightedAverageShsOutDil": 82492000,
        "link": "",
        "finalLink": ""
    },
    {
        "date": "1985-09-30",
        "symbol": "DXC",
        "reportedCurrency": "USD",
        "cik": "0001688568",
        "fillingDate": "1985-09-30",
        "acceptedDate": "1985-09-29 20:00:00",
        "calendarYear": "1986",
        "period": "Q2",
        "revenue": 209300000,
        "costOfRevenue": 0,
        "grossProfit": 209300000,
        "grossProfitRatio": 1,
        "researchAndDevelopmentExpenses": 0,
        "generalAndAdministrativeExpenses": 0,
        "sellingAndMarketingExpenses": 0,
        "sellingGeneralAndAdministrativeExpenses": 0,
        "otherExpenses": 0,
        "operatingExpenses": 0,
        "costAndExpenses": 0,
        "interestIncome": 0,
        "interestExpense": 0,
        "depreciationAndAmortization": 0,
        "ebitda": 209300000,
        "ebitdaratio": 1,
        "operatingIncome": 209300000,
        "operatingIncomeRatio": 1,
        "totalOtherIncomeExpensesNet": -209300000,
        "incomeBeforeTax": 0,
        "incomeBeforeTaxRatio": 0,
        "incomeTaxExpense": 0,
        "netIncome": 4900000,
        "netIncomeRatio": 0.0234113712,
        "eps": 0.06,
        "epsdiluted": 0.06,
        "weightedAverageShsOut": 82492000,
        "weightedAverageShsOutDil": 82492000,
        "link": "",
        "finalLink": ""
    }
]