[
    {
        "date": "2025-09-30",
        "symbol": "EAF",
        "reportedCurrency": "USD",
        "cik": "0000931148",
        "fillingDate": "2025-10-24",
        "acceptedDate": "2025-10-24 13:02:49",
        "calendarYear": "2025",
        "period": "Q3",
        "revenue": 143998000,
        "costOfRevenue": 133689000,
        "grossProfit": 10309000,
        "grossProfitRatio": 0.071577383,
        "researchAndDevelopmentExpenses": 1639000,
        "generalAndAdministrativeExpenses": 0,
        "sellingAndMarketingExpenses": 0,
        "sellingGeneralAndAdministrativeExpenses": 13784000,
        "otherExpenses": 0,
        "operatingExpenses": 15423000,
        "costAndExpenses": 149112000,
        "interestIncome": 1383000,
        "interestExpense": 24517000,
        "depreciationAndAmortization": 16498999,
        "ebitda": 12623999,
        "ebitdaratio": 0.0876678773,
        "operatingIncome": -5114000,
        "operatingIncomeRatio": -0.0355282712,
        "totalOtherIncomeExpensesNet": -23278000,
        "incomeBeforeTax": -28392000,
        "incomeBeforeTaxRatio": -0.1971694051,
        "incomeTaxExpense": 90000,
        "netIncome": -28482000,
        "netIncomeRatio": -0.1977944138,
        "eps": -0.11,
        "epsdiluted": -0.11,
        "weightedAverageShsOut": 258965200,
        "weightedAverageShsOutDil": 258965200,
        "link": "https://www.sec.gov/Archives/edgar/data/931148/000093114825000156/0000931148-25-000156-index.htm",
        "finalLink": "https://www.sec.gov/Archives/edgar/data/931148/000093114825000156/gti-20250930.htm"
    },
    {
        "date": "2025-06-30",
        "symbol": "EAF",
        "reportedCurrency": "USD",
        "cik": "0000931148",
        "fillingDate": "2025-07-25",
        "acceptedDate": "2025-07-25 14:56:29",
        "calendarYear": "2025",
        "period": "Q2",
        "revenue": 131840000,
        "costOfRevenue": 131966000,
        "grossProfit": -125999,
        "grossProfitRatio": -0.0009556963,
        "researchAndDevelopmentExpenses": 1348000,
        "generalAndAdministrativeExpenses": 0,
        "sellingAndMarketingExpenses": 0,
        "sellingGeneralAndAdministrativeExpenses": 13267000,
        "otherExpenses": 0,
        "operatingExpenses": 14615000,
        "costAndExpenses": 146581000,
        "interestIncome": 1866000,
        "interestExpense": 25418000,
        "depreciationAndAmortization": 15562000,
        "ebitda": 5301000,
        "ebitdaratio": 0.0402078277,
        "operatingIncome": -14741000,
        "operatingIncomeRatio": -0.1118097694,
        "totalOtherIncomeExpensesNet": -20938000,
        "incomeBeforeTax": -35679000,
        "incomeBeforeTaxRatio": -0.270623483,
        "incomeTaxExpense": 51207000,
        "netIncome": -86886000,
        "netIncomeRatio": -0.6590260922,
        "eps": -0.34,
        "epsdiluted": -0.34,
        "weightedAverageShsOut": 259183478,
        "weightedAverageShsOutDil": 259183478,
        "link": "https://www.sec.gov/Archives/edgar/data/931148/000093114825000117/0000931148-25-000117-index.htm",
        "finalLink": "https://www.sec.gov/Archives/edgar/data/931148/000093114825000117/gti-20250630.htm"
    },
    {
        "date": "2025-03-31",
        "symbol": "EAF",
        "reportedCurrency": "USD",
        "cik": "0000931148",
        "fillingDate": "2025-04-25",
        "acceptedDate": "2025-04-25 12:56:52",
        "calendarYear": "2025",
        "period": "Q1",
        "revenue": 111839000,
        "costOfRevenue": 113605000,
        "grossProfit": -1766000,
        "grossProfitRatio": -0.0157905561,
        "researchAndDevelopmentExpenses": 1879000,
        "generalAndAdministrativeExpenses": 0,
        "sellingAndMarketingExpenses": 0,
        "sellingGeneralAndAdministrativeExpenses": 14622000,
        "otherExpenses": 0,
        "operatingExpenses": 16501000,
        "costAndExpenses": 130106000,
        "interestIncome": 1935000,
        "interestExpense": 29841000,
        "depreciationAndAmortization": 13783000,
        "ebitda": -2939000,
        "ebitdaratio": -0.0262788473,
        "operatingIncome": -18267000,
        "operatingIncomeRatio": -0.1633330055,
        "totalOtherIncomeExpensesNet": -28296000,
        "incomeBeforeTax": -46563000,
        "incomeBeforeTaxRatio": -0.4163395595,
        "incomeTaxExpense": -7212000,
        "netIncome": -39351000,
        "netIncomeRatio": -0.3518540044,
        "eps": -0.15,
        "epsdiluted": -0.15,
        "weightedAverageShsOut": 258369101,
        "weightedAverageShsOutDil": 258369101,
        "link": "https://www.sec.gov/Archives/edgar/data/931148/000093114825000073/0000931148-25-000073-index.htm",
        "finalLink": "https://www.sec.gov/Archives/edgar/data/931148/000093114825000073/gti-20250331.htm"
    },
    {
        "date": "2024-12-31",
        "symbol": "EAF",
        "reportedCurrency": "USD",
        "cik": "0000931148",
        "fillingDate": "2025-02-14",
        "acceptedDate": "2025-02-14 12:06:11",
        "calendarYear": "2024",
        "period": "Q4",
        "revenue": 134217000,
        "costOfRevenue": 144660000,
        "grossProfit": -10443000,
        "grossProfitRatio": -0.0778068352,
        "researchAndDevelopmentExpenses": 1387000,
        "generalAndAdministrativeExpenses": 0,
        "sellingAndMarketingExpenses": 0,
        "sellingGeneralAndAdministrativeExpenses": 13075000,
        "otherExpenses": 0,
        "operatingExpenses": 14462000,
        "costAndExpenses": 159122000,
        "interestIncome": 1226000,
        "interestExpense": 37575000,
        "depreciationAndAmortization": 16110000,
        "ebitda": -7769000,
        "ebitdaratio": -0.0578838746,
        "operatingIncome": -24905000,
        "operatingIncomeRatio": -0.1855577162,
        "totalOtherIncomeExpensesNet": -36549000,
        "incomeBeforeTax": -61454000,
        "incomeBeforeTaxRatio": -0.4578704635,
        "incomeTaxExpense": -11978000,
        "netIncome": -49476000,
        "netIncomeRatio": -0.3686269251,
        "eps": -0.19,
        "epsdiluted": -0.19,
        "weightedAverageShsOut": 257667125,
        "weightedAverageShsOutDil": 257667125,
        "link": "https://www.sec.gov/Archives/edgar/data/931148/000093114825000028/0000931148-25-000028-index.htm",
        "finalLink": "https://www.sec.gov/Archives/edgar/data/931148/000093114825000028/gti-20241231.htm"
    },
    {
        "date": "2024-09-30",
        "symbol": "EAF",
        "reportedCurrency": "USD",
        "cik": "0000931148",
        "fillingDate": "2024-11-12",
        "acceptedDate": "2024-11-12 12:27:37",
        "calendarYear": "2024",
        "period": "Q3",
        "revenue": 130654000,
        "costOfRevenue": 142972000,
        "grossProfit": -12318000,
        "grossProfitRatio": -0.0942795475,
        "researchAndDevelopmentExpenses": 1245000,
        "generalAndAdministrativeExpenses": 0,
        "sellingAndMarketingExpenses": 0,
        "sellingGeneralAndAdministrativeExpenses": 13060000,
        "otherExpenses": 0,
        "operatingExpenses": 14305000,
        "costAndExpenses": 157277000,
        "interestIncome": 1098000,
        "interestExpense": 18379000,
        "depreciationAndAmortization": 17933000,
        "ebitda": -5088000,
        "ebitdaratio": -0.0389425506,
        "operatingIncome": -26623000,
        "operatingIncomeRatio": -0.2037672019,
        "totalOtherIncomeExpensesNet": -14777000,
        "incomeBeforeTax": -41400000,
        "incomeBeforeTaxRatio": -0.3168674514,
        "incomeTaxExpense": -5332000,
        "netIncome": -36068000,
        "netIncomeRatio": -0.2760573729,
        "eps": -0.14,
        "epsdiluted": -0.14,
        "weightedAverageShsOut": 257694799,
        "weightedAverageShsOutDil": 257694799,
        "link": "https://www.sec.gov/Archives/edgar/data/931148/000093114824000121/0000931148-24-000121-index.htm",
        "finalLink": "https://www.sec.gov/Archives/edgar/data/931148/000093114824000121/gti-20240930.htm"
    },
    {
        "date": "2024-06-30",
        "symbol": "EAF",
        "reportedCurrency": "USD",
        "cik": "0000931148",
        "fillingDate": "2024-07-26",
        "acceptedDate": "2024-07-26 15:22:53",
        "calendarYear": "2024",
        "period": "Q2",
        "revenue": 137327000,
        "costOfRevenue": 132928000,
        "grossProfit": 4399000,
        "grossProfitRatio": 0.0320330306,
        "researchAndDevelopmentExpenses": 1447000,
        "generalAndAdministrativeExpenses": 0,
        "sellingAndMarketingExpenses": 0,
        "sellingGeneralAndAdministrativeExpenses": 5098000,
        "otherExpenses": 0,
        "operatingExpenses": 6545000,
        "costAndExpenses": 139473000,
        "interestIncome": 1853000,
        "interestExpense": 18380000,
        "depreciationAndAmortization": 14319000,
        "ebitda": 17355000,
        "ebitdaratio": 0.1263771873,
        "operatingIncome": -2146000,
        "operatingIncomeRatio": -0.0156269343,
        "totalOtherIncomeExpensesNet": -13198000,
        "incomeBeforeTax": -15344000,
        "incomeBeforeTaxRatio": -0.1117333081,
        "incomeTaxExpense": -592000,
        "netIncome": -14752000,
        "netIncomeRatio": -0.1074224297,
        "eps": -0.0572,
        "epsdiluted": -0.0572,
        "weightedAverageShsOut": 257772069,
        "weightedAverageShsOutDil": 257772069,
        "link": "https://www.sec.gov/Archives/edgar/data/931148/000093114824000101/0000931148-24-000101-index.htm",
        "finalLink": "https://www.sec.gov/Archives/edgar/data/931148/000093114824000101/gti-20240630.htm"
    },
    {
        "date": "2024-03-31",
        "symbol": "EAF",
        "reportedCurrency": "USD",
        "cik": "0000931148",
        "fillingDate": "2024-04-26",
        "acceptedDate": "2024-04-26 12:25:45",
        "calendarYear": "2024",
        "period": "Q1",
        "revenue": 136584000,
        "costOfRevenue": 140426000,
        "grossProfit": -3842000,
        "grossProfitRatio": -0.0281292099,
        "researchAndDevelopmentExpenses": 1627000,
        "generalAndAdministrativeExpenses": 0,
        "sellingAndMarketingExpenses": 0,
        "sellingGeneralAndAdministrativeExpenses": 15277000,
        "otherExpenses": 0,
        "operatingExpenses": 16904000,
        "costAndExpenses": 157330000,
        "interestIncome": 1524000,
        "interestExpense": 18363000,
        "depreciationAndAmortization": 13883000,
        "ebitda": -2824000,
        "ebitdaratio": -0.020675921,
        "operatingIncome": -20746000,
        "operatingIncomeRatio": -0.1518918761,
        "totalOtherIncomeExpensesNet": -14324000,
        "incomeBeforeTax": -35070000,
        "incomeBeforeTaxRatio": -0.2567650677,
        "incomeTaxExpense": -4201000,
        "netIncome": -30869000,
        "netIncomeRatio": -0.2260074386,
        "eps": -0.12,
        "epsdiluted": -0.12,
        "weightedAverageShsOut": 257399365,
        "weightedAverageShsOutDil": 257399365,
        "link": "https://www.sec.gov/Archives/edgar/data/931148/000093114824000065/0000931148-24-000065-index.htm",
        "finalLink": "https://www.sec.gov/Archives/edgar/data/931148/000093114824000065/gti-20240331.htm"
    },
    {
        "date": "2023-12-31",
        "symbol": "EAF",
        "reportedCurrency": "USD",
        "cik": "0000931148",
        "fillingDate": "2024-02-14",
        "acceptedDate": "2024-02-14 17:30:38",
        "calendarYear": "2023",
        "period": "Q4",
        "revenue": 137145000,
        "costOfRevenue": 177893000,
        "grossProfit": -40748000,
        "grossProfitRatio": -0.2971161909,
        "researchAndDevelopmentExpenses": 1837000,
        "generalAndAdministrativeExpenses": 0,
        "sellingAndMarketingExpenses": 0,
        "sellingGeneralAndAdministrativeExpenses": 15079000,
        "otherExpenses": 0,
        "operatingExpenses": 16916000,
        "costAndExpenses": 194809000,
        "interestIncome": 1681000,
        "interestExpense": 18390000,
        "depreciationAndAmortization": 13836000,
        "ebitda": -192878000,
        "ebitdaratio": -1.4063801086,
        "operatingIncome": -57664000,
        "operatingIncomeRatio": -0.420460097,
        "totalOtherIncomeExpensesNet": -167440000,
        "incomeBeforeTax": -225104000,
        "incomeBeforeTaxRatio": -1.6413576871,
        "incomeTaxExpense": -7695000,
        "netIncome": -217409000,
        "netIncomeRatio": -1.5852491888,
        "eps": -0.85,
        "epsdiluted": -0.85,
        "weightedAverageShsOut": 257205583,
        "weightedAverageShsOutDil": 257205583,
        "link": "https://www.sec.gov/Archives/edgar/data/931148/000093114824000021/0000931148-24-000021-index.htm",
        "finalLink": "https://www.sec.gov/Archives/edgar/data/931148/000093114824000021/gti-20231231.htm"
    },
    {
        "date": "2023-09-30",
        "symbol": "EAF",
        "reportedCurrency": "USD",
        "cik": "0000931148",
        "fillingDate": "2023-11-03",
        "acceptedDate": "2023-11-03 12:19:23",
        "calendarYear": "2023",
        "period": "Q3",
        "revenue": 158992000,
        "costOfRevenue": 153369000,
        "grossProfit": 5623000,
        "grossProfitRatio": 0.0353665593,
        "researchAndDevelopmentExpenses": 1295000,
        "generalAndAdministrativeExpenses": 0,
        "sellingAndMarketingExpenses": 0,
        "sellingGeneralAndAdministrativeExpenses": 18231000,
        "otherExpenses": 0,
        "operatingExpenses": 19526000,
        "costAndExpenses": 172895000,
        "interestIncome": 1144000,
        "interestExpense": 18419000,
        "depreciationAndAmortization": 16954000,
        "ebitda": 2507999,
        "ebitdaratio": 0.0157743723,
        "operatingIncome": -13903000,
        "operatingIncomeRatio": -0.0874446513,
        "totalOtherIncomeExpensesNet": -18962000,
        "incomeBeforeTax": -32865000,
        "incomeBeforeTaxRatio": -0.2067085136,
        "incomeTaxExpense": -10244000,
        "netIncome": -22621000,
        "netIncomeRatio": -0.1422775989,
        "eps": -0.088,
        "epsdiluted": -0.088,
        "weightedAverageShsOut": 257090112,
        "weightedAverageShsOutDil": 257090112,
        "link": "https://www.sec.gov/Archives/edgar/data/931148/000093114823000158/0000931148-23-000158-index.htm",
        "finalLink": "https://www.sec.gov/Archives/edgar/data/931148/000093114823000158/gti-20230930.htm"
    },
    {
        "date": "2023-06-30",
        "symbol": "EAF",
        "reportedCurrency": "USD",
        "cik": "0000931148",
        "fillingDate": "2023-08-04",
        "acceptedDate": "2023-08-04 12:16:42",
        "calendarYear": "2023",
        "period": "Q2",
        "revenue": 185561000,
        "costOfRevenue": 152746000,
        "grossProfit": 32814999,
        "grossProfitRatio": 0.1768421112,
        "researchAndDevelopmentExpenses": 1196000,
        "generalAndAdministrativeExpenses": 0,
        "sellingAndMarketingExpenses": 0,
        "sellingGeneralAndAdministrativeExpenses": 18551000,
        "otherExpenses": 0,
        "operatingExpenses": 19747000,
        "costAndExpenses": 172493000,
        "interestIncome": 242000,
        "interestExpense": 16643999,
        "depreciationAndAmortization": 15322000,
        "ebitda": 26444000,
        "ebitdaratio": 0.1425083935,
        "operatingIncome": 13068000,
        "operatingIncomeRatio": 0.070424281,
        "totalOtherIncomeExpensesNet": -18590000,
        "incomeBeforeTax": -5522000,
        "incomeBeforeTaxRatio": -0.0297584083,
        "incomeTaxExpense": 2329000,
        "netIncome": -7851000,
        "netIncomeRatio": -0.042309537,
        "eps": -0.0305,
        "epsdiluted": -0.0305,
        "weightedAverageShsOut": 257003691,
        "weightedAverageShsOutDil": 257003691,
        "link": "https://www.sec.gov/Archives/edgar/data/931148/000093114823000139/0000931148-23-000139-index.htm",
        "finalLink": "https://www.sec.gov/Archives/edgar/data/931148/000093114823000139/gti-20230630.htm"
    },
    {
        "date": "2023-03-31",
        "symbol": "EAF",
        "reportedCurrency": "USD",
        "cik": "0000931148",
        "fillingDate": "2023-04-28",
        "acceptedDate": "2023-04-28 11:36:27",
        "calendarYear": "2023",
        "period": "Q1",
        "revenue": 138802000,
        "costOfRevenue": 113422000,
        "grossProfit": 25380000,
        "grossProfitRatio": 0.1828503912,
        "researchAndDevelopmentExpenses": 1192000,
        "generalAndAdministrativeExpenses": 0,
        "sellingAndMarketingExpenses": 0,
        "sellingGeneralAndAdministrativeExpenses": 22151000,
        "otherExpenses": 0,
        "operatingExpenses": 23343000,
        "costAndExpenses": 136765000,
        "interestIncome": 372000,
        "interestExpense": 13890000,
        "depreciationAndAmortization": 10777000,
        "ebitda": 14393999,
        "ebitdaratio": 0.1037016686,
        "operatingIncome": 2037000,
        "operatingIncomeRatio": 0.014675581,
        "totalOtherIncomeExpensesNet": -12310000,
        "incomeBeforeTax": -10273000,
        "incomeBeforeTaxRatio": -0.0740119018,
        "incomeTaxExpense": -2904000,
        "netIncome": -7369000,
        "netIncomeRatio": -0.0530900131,
        "eps": -0.0287,
        "epsdiluted": -0.0287,
        "weightedAverageShsOut": 256974903,
        "weightedAverageShsOutDil": 256974903,
        "link": "https://www.sec.gov/Archives/edgar/data/931148/000093114823000076/0000931148-23-000076-index.htm",
        "finalLink": "https://www.sec.gov/Archives/edgar/data/931148/000093114823000076/gti-20230331.htm"
    },
    {
        "date": "2022-12-31",
        "symbol": "EAF",
        "reportedCurrency": "USD",
        "cik": "0000931148",
        "fillingDate": "2023-02-14",
        "acceptedDate": "2023-02-14 16:12:25",
        "calendarYear": "2022",
        "period": "Q4",
        "revenue": 247519000,
        "costOfRevenue": 183180000,
        "grossProfit": 64339000,
        "grossProfitRatio": 0.2599356009,
        "researchAndDevelopmentExpenses": 1024000,
        "generalAndAdministrativeExpenses": 0,
        "sellingAndMarketingExpenses": 0,
        "sellingGeneralAndAdministrativeExpenses": 19115000,
        "otherExpenses": 0,
        "operatingExpenses": 20139000,
        "costAndExpenses": 203319000,
        "interestIncome": 2283000,
        "interestExpense": 13424000,
        "depreciationAndAmortization": 13788000,
        "ebitda": 90639000,
        "ebitdaratio": 0.3661900703,
        "operatingIncome": 44200000,
        "operatingIncomeRatio": 0.17857215,
        "totalOtherIncomeExpensesNet": 19227000,
        "incomeBeforeTax": 63427000,
        "incomeBeforeTaxRatio": 0.2562510353,
        "incomeTaxExpense": 13096000,
        "netIncome": 50331000,
        "netIncomeRatio": 0.2033419657,
        "eps": 0.2,
        "epsdiluted": 0.2,
        "weightedAverageShsOut": 256900707,
        "weightedAverageShsOutDil": 256902384,
        "link": "https://www.sec.gov/Archives/edgar/data/931148/000093114823000035/0000931148-23-000035-index.htm",
        "finalLink": "https://www.sec.gov/Archives/edgar/data/931148/000093114823000035/gti-20221231.htm"
    },
    {
        "date": "2022-09-30",
        "symbol": "EAF",
        "reportedCurrency": "USD",
        "cik": "0000931148",
        "fillingDate": "2022-11-04",
        "acceptedDate": "2022-11-04 16:13:11",
        "calendarYear": "2022",
        "period": "Q3",
        "revenue": 303840000,
        "costOfRevenue": 165915000,
        "grossProfit": 137925000,
        "grossProfitRatio": 0.4539395735,
        "researchAndDevelopmentExpenses": 1014000,
        "generalAndAdministrativeExpenses": 0,
        "sellingAndMarketingExpenses": 0,
        "sellingGeneralAndAdministrativeExpenses": 18578000,
        "otherExpenses": 0,
        "operatingExpenses": 19592000,
        "costAndExpenses": 185507000,
        "interestIncome": 241000,
        "interestExpense": 7415000,
        "depreciationAndAmortization": 13262000,
        "ebitda": 129169000,
        "ebitdaratio": 0.4251217746,
        "operatingIncome": 118333000,
        "operatingIncomeRatio": 0.3894582675,
        "totalOtherIncomeExpensesNet": -9841000,
        "incomeBeforeTax": 108492000,
        "incomeBeforeTaxRatio": 0.3570695103,
        "incomeTaxExpense": 15041000,
        "netIncome": 93451000,
        "netIncomeRatio": 0.3075664824,
        "eps": 0.36,
        "epsdiluted": 0.36,
        "weightedAverageShsOut": 256848575,
        "weightedAverageShsOutDil": 256853454,
        "link": "https://www.sec.gov/Archives/edgar/data/931148/000093114822000143/0000931148-22-000143-index.htm",
        "finalLink": "https://www.sec.gov/Archives/edgar/data/931148/000093114822000143/gti-20220930.htm"
    },
    {
        "date": "2022-06-30",
        "symbol": "EAF",
        "reportedCurrency": "USD",
        "cik": "0000931148",
        "fillingDate": "2022-08-05",
        "acceptedDate": "2022-08-05 16:19:10",
        "calendarYear": "2022",
        "period": "Q2",
        "revenue": 363646000,
        "costOfRevenue": 198519000,
        "grossProfit": 165127000,
        "grossProfitRatio": 0.4540872167,
        "researchAndDevelopmentExpenses": 723000,
        "generalAndAdministrativeExpenses": 0,
        "sellingAndMarketingExpenses": 0,
        "sellingGeneralAndAdministrativeExpenses": 18030000,
        "otherExpenses": 0,
        "operatingExpenses": 18753000,
        "costAndExpenses": 217272000,
        "interestIncome": 1858000,
        "interestExpense": 8818000,
        "depreciationAndAmortization": 14012000,
        "ebitda": 159249000,
        "ebitdaratio": 0.437923145,
        "operatingIncome": 146374000,
        "operatingIncomeRatio": 0.4025178333,
        "totalOtherIncomeExpensesNet": -9955000,
        "incomeBeforeTax": 136419000,
        "incomeBeforeTaxRatio": 0.3751423087,
        "incomeTaxExpense": 21422000,
        "netIncome": 114997000,
        "netIncomeRatio": 0.3162333698,
        "eps": 0.44,
        "epsdiluted": 0.44,
        "weightedAverageShsOut": 258845588,
        "weightedAverageShsOutDil": 258845588,
        "link": "https://www.sec.gov/Archives/edgar/data/931148/000093114822000111/0000931148-22-000111-index.htm",
        "finalLink": "https://www.sec.gov/Archives/edgar/data/931148/000093114822000111/gti-20220630.htm"
    },
    {
        "date": "2022-03-31",
        "symbol": "EAF",
        "reportedCurrency": "USD",
        "cik": "0000931148",
        "fillingDate": "2022-05-06",
        "acceptedDate": "2022-05-06 16:40:14",
        "calendarYear": "2022",
        "period": "Q1",
        "revenue": 366245000,
        "costOfRevenue": 188236000,
        "grossProfit": 178009000,
        "grossProfitRatio": 0.4860380346,
        "researchAndDevelopmentExpenses": 880000,
        "generalAndAdministrativeExpenses": 0,
        "sellingAndMarketingExpenses": 0,
        "sellingGeneralAndAdministrativeExpenses": 21254000,
        "otherExpenses": 0,
        "operatingExpenses": 22134000,
        "costAndExpenses": 210370000,
        "interestIncome": 98000,
        "interestExpense": 8791000,
        "depreciationAndAmortization": 14434000,
        "ebitda": 167205000,
        "ebitdaratio": 0.4565386558,
        "operatingIncome": 155875000,
        "operatingIncomeRatio": 0.4256030799,
        "totalOtherIncomeExpensesNet": -11895000,
        "incomeBeforeTax": 143980000,
        "incomeBeforeTaxRatio": 0.3931248208,
        "incomeTaxExpense": 19797000,
        "netIncome": 124183000,
        "netIncomeRatio": 0.3390708406,
        "eps": 0.47,
        "epsdiluted": 0.47,
        "weightedAverageShsOut": 262592029,
        "weightedAverageShsOutDil": 262657799,
        "link": "https://www.sec.gov/Archives/edgar/data/931148/000093114822000070/0000931148-22-000070-index.htm",
        "finalLink": "https://www.sec.gov/Archives/edgar/data/931148/000093114822000070/gti-20220331.htm"
    },
    {
        "date": "2021-12-31",
        "symbol": "EAF",
        "reportedCurrency": "USD",
        "cik": "0000931148",
        "fillingDate": "2022-02-22",
        "acceptedDate": "2022-02-22 16:51:06",
        "calendarYear": "2021",
        "period": "Q4",
        "revenue": 363293000,
        "costOfRevenue": 179095000,
        "grossProfit": 184198000,
        "grossProfitRatio": 0.5070232567,
        "researchAndDevelopmentExpenses": 801000,
        "generalAndAdministrativeExpenses": 0,
        "sellingAndMarketingExpenses": 0,
        "sellingGeneralAndAdministrativeExpenses": 17666000,
        "otherExpenses": 0,
        "operatingExpenses": 18467000,
        "costAndExpenses": 197562000,
        "interestIncome": 219000,
        "interestExpense": 14551000,
        "depreciationAndAmortization": 17301000,
        "ebitda": 196057000,
        "ebitdaratio": 0.5396663299,
        "operatingIncome": 165731000,
        "operatingIncomeRatio": 0.4561910084,
        "totalOtherIncomeExpensesNet": -2117000,
        "incomeBeforeTax": 163614000,
        "incomeBeforeTaxRatio": 0.450363756,
        "incomeTaxExpense": 22134000,
        "netIncome": 141480000,
        "netIncomeRatio": 0.3894377266,
        "eps": 0.54,
        "epsdiluted": 0.54,
        "weightedAverageShsOut": 263424743,
        "weightedAverageShsOutDil": 263516311,
        "link": "https://www.sec.gov/Archives/edgar/data/931148/000093114822000027/0000931148-22-000027-index.htm",
        "finalLink": "https://www.sec.gov/Archives/edgar/data/931148/000093114822000027/gti-20211231.htm"
    },
    {
        "date": "2021-09-30",
        "symbol": "EAF",
        "reportedCurrency": "USD",
        "cik": "0000931148",
        "fillingDate": "2021-11-05",
        "acceptedDate": "2021-11-05 16:46:20",
        "calendarYear": "2021",
        "period": "Q3",
        "revenue": 347348000,
        "costOfRevenue": 169535000,
        "grossProfit": 177813000,
        "grossProfitRatio": 0.5119160035,
        "researchAndDevelopmentExpenses": 983000,
        "generalAndAdministrativeExpenses": 0,
        "sellingAndMarketingExpenses": 0,
        "sellingGeneralAndAdministrativeExpenses": 19006000,
        "otherExpenses": 0,
        "operatingExpenses": 19989000,
        "costAndExpenses": 189524000,
        "interestIncome": 417000,
        "interestExpense": 15763000,
        "depreciationAndAmortization": 15584000,
        "ebitda": 173153000,
        "ebitdaratio": 0.4985000633,
        "operatingIncome": 157824000,
        "operatingIncomeRatio": 0.4543685295,
        "totalOtherIncomeExpensesNet": -16018000,
        "incomeBeforeTax": 141806000,
        "incomeBeforeTaxRatio": 0.4082533943,
        "incomeTaxExpense": 21920000,
        "netIncome": 119886000,
        "netIncomeRatio": 0.3451466541,
        "eps": 0.45,
        "epsdiluted": 0.45,
        "weightedAverageShsOut": 267106109,
        "weightedAverageShsOutDil": 267178963,
        "link": "https://www.sec.gov/Archives/edgar/data/931148/000093114821000161/0000931148-21-000161-index.htm",
        "finalLink": "https://www.sec.gov/Archives/edgar/data/931148/000093114821000161/gti-20210930.htm"
    },
    {
        "date": "2021-06-30",
        "symbol": "EAF",
        "reportedCurrency": "USD",
        "cik": "0000931148",
        "fillingDate": "2021-08-06",
        "acceptedDate": "2021-08-06 16:54:27",
        "calendarYear": "2021",
        "period": "Q2",
        "revenue": 330750000,
        "costOfRevenue": 197611000,
        "grossProfit": 133139000,
        "grossProfitRatio": 0.4025366591,
        "researchAndDevelopmentExpenses": 1018000,
        "generalAndAdministrativeExpenses": 0,
        "sellingAndMarketingExpenses": 0,
        "sellingGeneralAndAdministrativeExpenses": 75783000,
        "otherExpenses": 0,
        "operatingExpenses": 76801000,
        "costAndExpenses": 274412000,
        "interestIncome": 199000,
        "interestExpense": 15705000,
        "depreciationAndAmortization": 16292000,
        "ebitda": 67927000,
        "ebitdaratio": 0.2053726379,
        "operatingIncome": 56338000,
        "operatingIncomeRatio": 0.1703340892,
        "totalOtherIncomeExpensesNet": -20408000,
        "incomeBeforeTax": 35930000,
        "incomeBeforeTaxRatio": 0.1086318972,
        "incomeTaxExpense": 7765000,
        "netIncome": 28165000,
        "netIncomeRatio": 0.0851549509,
        "eps": 0.11,
        "epsdiluted": 0.11,
        "weightedAverageShsOut": 267560712,
        "weightedAverageShsOutDil": 267807944,
        "link": "https://www.sec.gov/Archives/edgar/data/931148/000093114821000131/0000931148-21-000131-index.htm",
        "finalLink": "https://www.sec.gov/Archives/edgar/data/931148/000093114821000131/gti-20210630.htm"
    },
    {
        "date": "2021-03-31",
        "symbol": "EAF",
        "reportedCurrency": "USD",
        "cik": "0000931148",
        "fillingDate": "2021-05-05",
        "acceptedDate": "2021-05-05 16:53:58",
        "calendarYear": "2021",
        "period": "Q1",
        "revenue": 304397000,
        "costOfRevenue": 145847000,
        "grossProfit": 158550000,
        "grossProfitRatio": 0.520865843,
        "researchAndDevelopmentExpenses": 969000,
        "generalAndAdministrativeExpenses": 0,
        "sellingAndMarketingExpenses": 0,
        "sellingGeneralAndAdministrativeExpenses": 20153000,
        "otherExpenses": 0,
        "operatingExpenses": 21122000,
        "costAndExpenses": 166969000,
        "interestIncome": 37000,
        "interestExpense": 19971000,
        "depreciationAndAmortization": 16539000,
        "ebitda": 151566000,
        "ebitdaratio": 0.4979221214,
        "operatingIncome": 137428000,
        "operatingIncomeRatio": 0.4514761972,
        "totalOtherIncomeExpensesNet": -22372000,
        "incomeBeforeTax": 115056000,
        "incomeBeforeTaxRatio": 0.3779800721,
        "incomeTaxExpense": 16257000,
        "netIncome": 98799000,
        "netIncomeRatio": 0.324572844,
        "eps": 0.37,
        "epsdiluted": 0.37,
        "weightedAverageShsOut": 267318860,
        "weightedAverageShsOutDil": 267465319,
        "link": "https://www.sec.gov/Archives/edgar/data/931148/000093114821000091/0000931148-21-000091-index.htm",
        "finalLink": "https://www.sec.gov/Archives/edgar/data/931148/000093114821000091/gti-20210331.htm"
    },
    {
        "date": "2020-12-31",
        "symbol": "EAF",
        "reportedCurrency": "USD",
        "cik": "0000931148",
        "fillingDate": "2021-02-23",
        "acceptedDate": "2021-02-23 17:12:09",
        "calendarYear": "2020",
        "period": "Q4",
        "revenue": 338010000,
        "costOfRevenue": 160956000,
        "grossProfit": 177054000,
        "grossProfitRatio": 0.5238129049,
        "researchAndDevelopmentExpenses": 1903000,
        "generalAndAdministrativeExpenses": 17918000,
        "sellingAndMarketingExpenses": 0,
        "sellingGeneralAndAdministrativeExpenses": 17918000,
        "otherExpenses": 0,
        "operatingExpenses": 19821000,
        "costAndExpenses": 180777000,
        "interestIncome": 168000,
        "interestExpense": 29048000,
        "depreciationAndAmortization": 17889000,
        "ebitda": 184328000,
        "ebitdaratio": 0.5453329783,
        "operatingIncome": 157233000,
        "operatingIncomeRatio": 0.465172628,
        "totalOtherIncomeExpensesNet": -18304000,
        "incomeBeforeTax": 138929000,
        "incomeBeforeTaxRatio": 0.411020384,
        "incomeTaxExpense": 13833000,
        "netIncome": 125096000,
        "netIncomeRatio": 0.3700955593,
        "eps": 0.47,
        "epsdiluted": 0.47,
        "weightedAverageShsOut": 267285677,
        "weightedAverageShsOutDil": 267321380,
        "link": "https://www.sec.gov/Archives/edgar/data/931148/000093114821000035/0000931148-21-000035-index.htm",
        "finalLink": "https://www.sec.gov/Archives/edgar/data/931148/000093114821000035/gti-20201231.htm"
    },
    {
        "date": "2020-09-30",
        "symbol": "EAF",
        "reportedCurrency": "USD",
        "cik": "0000931148",
        "fillingDate": "2020-11-03",
        "acceptedDate": "2020-11-03 17:01:55",
        "calendarYear": "2020",
        "period": "Q3",
        "revenue": 286987000,
        "costOfRevenue": 133364000,
        "grossProfit": 153623000,
        "grossProfitRatio": 0.5352960239,
        "researchAndDevelopmentExpenses": 650000,
        "generalAndAdministrativeExpenses": 0,
        "sellingAndMarketingExpenses": 0,
        "sellingGeneralAndAdministrativeExpenses": 19062000,
        "otherExpenses": 0,
        "operatingExpenses": 19712000,
        "costAndExpenses": 153076000,
        "interestIncome": 93000,
        "interestExpense": 22474000,
        "depreciationAndAmortization": 16241000,
        "ebitda": 149516000,
        "ebitdaratio": 0.5209852711,
        "operatingIncome": 133911000,
        "operatingIncomeRatio": 0.4666099858,
        "totalOtherIncomeExpensesNet": -21573000,
        "incomeBeforeTax": 112338000,
        "incomeBeforeTaxRatio": 0.3914393335,
        "incomeTaxExpense": 18104000,
        "netIncome": 94234000,
        "netIncomeRatio": 0.3283563367,
        "eps": 0.35,
        "epsdiluted": 0.35,
        "weightedAverageShsOut": 267265705,
        "weightedAverageShsOutDil": 267279555,
        "link": "https://www.sec.gov/Archives/edgar/data/931148/000093114820000150/0000931148-20-000150-index.htm",
        "finalLink": "https://www.sec.gov/Archives/edgar/data/931148/000093114820000150/gti-20200930.htm"
    },
    {
        "date": "2020-06-30",
        "symbol": "EAF",
        "reportedCurrency": "USD",
        "cik": "0000931148",
        "fillingDate": "2020-08-06",
        "acceptedDate": "2020-08-06 17:19:41",
        "calendarYear": "2020",
        "period": "Q2",
        "revenue": 280718000,
        "costOfRevenue": 131705000,
        "grossProfit": 149013000,
        "grossProfitRatio": 0.5308280908,
        "researchAndDevelopmentExpenses": 710000,
        "generalAndAdministrativeExpenses": 16001000,
        "sellingAndMarketingExpenses": 0,
        "sellingGeneralAndAdministrativeExpenses": 16001000,
        "otherExpenses": 0,
        "operatingExpenses": 16710999,
        "costAndExpenses": 148416000,
        "interestIncome": 348000,
        "interestExpense": 19359000,
        "depreciationAndAmortization": 14549000,
        "ebitda": 146472000,
        "ebitdaratio": 0.5217763022,
        "operatingIncome": 132301999,
        "operatingIncomeRatio": 0.471298595,
        "totalOtherIncomeExpensesNet": -19737999,
        "incomeBeforeTax": 112564000,
        "incomeBeforeTaxRatio": 0.4009860429,
        "incomeTaxExpense": 19788000,
        "netIncome": 92776000,
        "netIncomeRatio": 0.3304953726,
        "eps": 0.35,
        "epsdiluted": 0.35,
        "weightedAverageShsOut": 267249580,
        "weightedAverageShsOutDil": 267260395,
        "link": "https://www.sec.gov/Archives/edgar/data/931148/000093114820000107/0000931148-20-000107-index.htm",
        "finalLink": "https://www.sec.gov/Archives/edgar/data/931148/000093114820000107/gti-20200630.htm"
    },
    {
        "date": "2020-03-31",
        "symbol": "EAF",
        "reportedCurrency": "USD",
        "cik": "0000931148",
        "fillingDate": "2020-05-06",
        "acceptedDate": "2020-05-06 16:48:29",
        "calendarYear": "2020",
        "period": "Q1",
        "revenue": 318646000,
        "costOfRevenue": 141865000,
        "grossProfit": 176781000,
        "grossProfitRatio": 0.554788072,
        "researchAndDevelopmentExpenses": 712000,
        "generalAndAdministrativeExpenses": 14932000,
        "sellingAndMarketingExpenses": 0,
        "sellingGeneralAndAdministrativeExpenses": 14932000,
        "otherExpenses": 0,
        "operatingExpenses": 15644000,
        "costAndExpenses": 157509000,
        "interestIncome": 1141000,
        "interestExpense": 25878000,
        "depreciationAndAmortization": 14284000,
        "ebitda": 186376000,
        "ebitdaratio": 0.5848998575,
        "operatingIncome": 161137000,
        "operatingIncomeRatio": 0.5056928378,
        "totalOtherIncomeExpensesNet": -14923000,
        "incomeBeforeTax": 146214000,
        "incomeBeforeTaxRatio": 0.4588603027,
        "incomeTaxExpense": 23946000,
        "netIncome": 122268000,
        "netIncomeRatio": 0.3837110775,
        "eps": 0.45,
        "epsdiluted": 0.45,
        "weightedAverageShsOut": 269216820,
        "weightedAverageShsOutDil": 269236562,
        "link": "https://www.sec.gov/Archives/edgar/data/931148/000093114820000071/0000931148-20-000071-index.htm",
        "finalLink": "https://www.sec.gov/Archives/edgar/data/931148/000093114820000071/a2020-q110q.htm"
    },
    {
        "date": "2019-12-31",
        "symbol": "EAF",
        "reportedCurrency": "USD",
        "cik": "0000931148",
        "fillingDate": "2020-02-21",
        "acceptedDate": "2020-02-21 17:32:27",
        "calendarYear": "2019",
        "period": "Q4",
        "revenue": 414612000,
        "costOfRevenue": 181443000,
        "grossProfit": 233169000,
        "grossProfitRatio": 0.5623788024,
        "researchAndDevelopmentExpenses": 723000,
        "generalAndAdministrativeExpenses": 17346000,
        "sellingAndMarketingExpenses": 0,
        "sellingGeneralAndAdministrativeExpenses": 17346000,
        "otherExpenses": 0,
        "operatingExpenses": 18069000,
        "costAndExpenses": 199512000,
        "interestIncome": 1799000,
        "interestExpense": 28859000,
        "depreciationAndAmortization": 15432000,
        "ebitda": 227225000,
        "ebitdaratio": 0.5480425072,
        "operatingIncome": 215100000,
        "operatingIncomeRatio": 0.5187982982,
        "totalOtherIncomeExpensesNet": -32893000,
        "incomeBeforeTax": 182207000,
        "incomeBeforeTaxRatio": 0.4394638843,
        "incomeTaxExpense": 7285000,
        "netIncome": 174922000,
        "netIncomeRatio": 0.4218932399,
        "eps": 0.61,
        "epsdiluted": 0.61,
        "weightedAverageShsOut": 285040356,
        "weightedAverageShsOutDil": 285079866,
        "link": "https://www.sec.gov/Archives/edgar/data/931148/000093114820000024/0000931148-20-000024-index.htm",
        "finalLink": "https://www.sec.gov/Archives/edgar/data/931148/000093114820000024/a201910-k.htm"
    },
    {
        "date": "2019-09-30",
        "symbol": "EAF",
        "reportedCurrency": "USD",
        "cik": "0000931148",
        "fillingDate": "2019-11-07",
        "acceptedDate": "2019-11-07 16:51:50",
        "calendarYear": "2019",
        "period": "Q3",
        "revenue": 420797000,
        "costOfRevenue": 181642000,
        "grossProfit": 239155000,
        "grossProfitRatio": 0.5683381773,
        "researchAndDevelopmentExpenses": 611000,
        "generalAndAdministrativeExpenses": 15708000,
        "sellingAndMarketingExpenses": 0,
        "sellingGeneralAndAdministrativeExpenses": 15708000,
        "otherExpenses": 0,
        "operatingExpenses": 16318999,
        "costAndExpenses": 197961000,
        "interestIncome": 1765000,
        "interestExpense": 32125999,
        "depreciationAndAmortization": 15357000,
        "ebitda": 244114000,
        "ebitdaratio": 0.5801229572,
        "operatingIncome": 222836000,
        "operatingIncomeRatio": 0.5295570073,
        "totalOtherIncomeExpensesNet": -26205000,
        "incomeBeforeTax": 196631000,
        "incomeBeforeTaxRatio": 0.4672823238,
        "incomeTaxExpense": 20755000,
        "netIncome": 175876000,
        "netIncomeRatio": 0.4179592535,
        "eps": 0.61,
        "epsdiluted": 0.61,
        "weightedAverageShsOut": 290112233,
        "weightedAverageShsOutDil": 290127296,
        "link": "https://www.sec.gov/Archives/edgar/data/931148/000093114819000050/0000931148-19-000050-index.htm",
        "finalLink": "https://www.sec.gov/Archives/edgar/data/931148/000093114819000050/a2019-q310q.htm"
    },
    {
        "date": "2019-06-30",
        "symbol": "EAF",
        "reportedCurrency": "USD",
        "cik": "0000931148",
        "fillingDate": "2019-07-31",
        "acceptedDate": "2019-07-31 16:36:29",
        "calendarYear": "2019",
        "period": "Q2",
        "revenue": 480390000,
        "costOfRevenue": 195047000,
        "grossProfit": 285343000,
        "grossProfitRatio": 0.593981973,
        "researchAndDevelopmentExpenses": 713000,
        "generalAndAdministrativeExpenses": 15394000,
        "sellingAndMarketingExpenses": 0,
        "sellingGeneralAndAdministrativeExpenses": 15394000,
        "otherExpenses": 0,
        "operatingExpenses": 16107000,
        "costAndExpenses": 211154000,
        "interestIncome": 731000,
        "interestExpense": 32969000,
        "depreciationAndAmortization": 15445000,
        "ebitda": 282549000,
        "ebitdaratio": 0.5881658652,
        "operatingIncome": 269236000,
        "operatingIncomeRatio": 0.5604529653,
        "totalOtherIncomeExpensesNet": -35101000,
        "incomeBeforeTax": 234135000,
        "incomeBeforeTaxRatio": 0.4873852495,
        "incomeTaxExpense": 37767000,
        "netIncome": 196368000,
        "netIncomeRatio": 0.4087678761,
        "eps": 0.68,
        "epsdiluted": 0.68,
        "weightedAverageShsOut": 290565408,
        "weightedAverageShsOutDil": 290574153,
        "link": "https://www.sec.gov/Archives/edgar/data/931148/000093114819000031/0000931148-19-000031-index.htm",
        "finalLink": "https://www.sec.gov/Archives/edgar/data/931148/000093114819000031/a2019-q210q.htm"
    },
    {
        "date": "2019-03-31",
        "symbol": "EAF",
        "reportedCurrency": "USD",
        "cik": "0000931148",
        "fillingDate": "2019-05-01",
        "acceptedDate": "2019-05-01 16:33:47",
        "calendarYear": "2019",
        "period": "Q1",
        "revenue": 474994000,
        "costOfRevenue": 197372000,
        "grossProfit": 277622000,
        "grossProfitRatio": 0.5844747513,
        "researchAndDevelopmentExpenses": 637000,
        "generalAndAdministrativeExpenses": 15226000,
        "sellingAndMarketingExpenses": 0,
        "sellingGeneralAndAdministrativeExpenses": 15226000,
        "otherExpenses": 0,
        "operatingExpenses": 15863000,
        "costAndExpenses": 213235000,
        "interestIncome": 414000,
        "interestExpense": 33700000,
        "depreciationAndAmortization": 15585000,
        "ebitda": 279139000,
        "ebitdaratio": 0.5876684758,
        "operatingIncome": 261759000,
        "operatingIncomeRatio": 0.5510785399,
        "totalOtherIncomeExpensesNet": -31905000,
        "incomeBeforeTax": 229854000,
        "incomeBeforeTaxRatio": 0.4839092704,
        "incomeTaxExpense": 32418000,
        "netIncome": 197436000,
        "netIncomeRatio": 0.4156599873,
        "eps": 0.68,
        "epsdiluted": 0.68,
        "weightedAverageShsOut": 290559025,
        "weightedAverageShsOutDil": 290566163,
        "link": "https://www.sec.gov/Archives/edgar/data/931148/000093114819000025/0000931148-19-000025-index.htm",
        "finalLink": "https://www.sec.gov/Archives/edgar/data/931148/000093114819000025/a2019-q110q.htm"
    },
    {
        "date": "2018-12-31",
        "symbol": "EAF",
        "reportedCurrency": "USD",
        "cik": "0000931148",
        "fillingDate": "2019-02-22",
        "acceptedDate": "2019-02-22 16:25:11",
        "calendarYear": "2018",
        "period": "Q4",
        "revenue": 532789000,
        "costOfRevenue": 215699000,
        "grossProfit": 317090000,
        "grossProfitRatio": 0.5951511762,
        "researchAndDevelopmentExpenses": 601000,
        "generalAndAdministrativeExpenses": 15683000,
        "sellingAndMarketingExpenses": 0,
        "sellingGeneralAndAdministrativeExpenses": 15683000,
        "otherExpenses": 0,
        "operatingExpenses": 16283999,
        "costAndExpenses": 231983000,
        "interestIncome": 589000,
        "interestExpense": 34674000,
        "depreciationAndAmortization": 18667000,
        "ebitda": 295897000,
        "ebitdaratio": 0.5553737033,
        "operatingIncome": 300806000,
        "operatingIncomeRatio": 0.5645874821,
        "totalOtherIncomeExpensesNet": -58250000,
        "incomeBeforeTax": 242556000,
        "incomeBeforeTaxRatio": 0.4552571468,
        "incomeTaxExpense": 12670000,
        "netIncome": 229632000,
        "netIncomeRatio": 0.4309998893,
        "eps": 0.79,
        "epsdiluted": 0.79,
        "weightedAverageShsOut": 290550907,
        "weightedAverageShsOutDil": 290557637,
        "link": "https://www.sec.gov/Archives/edgar/data/931148/000093114819000009/0000931148-19-000009-index.htm",
        "finalLink": "https://www.sec.gov/Archives/edgar/data/931148/000093114819000009/a201810-k.htm"
    },
    {
        "date": "2018-09-30",
        "symbol": "EAF",
        "reportedCurrency": "USD",
        "cik": "0000931148",
        "fillingDate": "2018-11-02",
        "acceptedDate": "2018-11-02 13:57:44",
        "calendarYear": "2018",
        "period": "Q3",
        "revenue": 454890000,
        "costOfRevenue": 179859000,
        "grossProfit": 275031000,
        "grossProfitRatio": 0.6046099057,
        "researchAndDevelopmentExpenses": 518000,
        "generalAndAdministrativeExpenses": 14234000,
        "sellingAndMarketingExpenses": 0,
        "sellingGeneralAndAdministrativeExpenses": 14234000,
        "otherExpenses": 0,
        "operatingExpenses": 14752000,
        "costAndExpenses": 194611000,
        "interestIncome": 562000,
        "interestExpense": 33855000,
        "depreciationAndAmortization": 16050000,
        "ebitda": 274968000,
        "ebitdaratio": 0.6044714107,
        "operatingIncome": 260279000,
        "operatingIncomeRatio": 0.5721800875,
        "totalOtherIncomeExpensesNet": -35216000,
        "incomeBeforeTax": 225063000,
        "incomeBeforeTaxRatio": 0.4947635692,
        "incomeTaxExpense": 24871000,
        "netIncome": 199466000,
        "netIncomeRatio": 0.4384928224,
        "eps": 0.67,
        "epsdiluted": 0.67,
        "weightedAverageShsOut": 296136564,
        "weightedAverageShsOutDil": 296145453,
        "link": "https://www.sec.gov/Archives/edgar/data/931148/000093114818000034/0000931148-18-000034-index.htm",
        "finalLink": "https://www.sec.gov/Archives/edgar/data/931148/000093114818000034/a2018-q3.htm"
    },
    {
        "date": "2018-06-30",
        "symbol": "EAF",
        "reportedCurrency": "USD",
        "cik": "0000931148",
        "fillingDate": "2018-08-03",
        "acceptedDate": "2018-08-03 17:13:01",
        "calendarYear": "2018",
        "period": "Q2",
        "revenue": 456332000,
        "costOfRevenue": 165910000,
        "grossProfit": 290422000,
        "grossProfitRatio": 0.6364269874,
        "researchAndDevelopmentExpenses": 581000,
        "generalAndAdministrativeExpenses": 16239000,
        "sellingAndMarketingExpenses": 0,
        "sellingGeneralAndAdministrativeExpenses": 16239000,
        "otherExpenses": 0,
        "operatingExpenses": 16820000,
        "costAndExpenses": 182730000,
        "interestIncome": 391000,
        "interestExpense": 28667000,
        "depreciationAndAmortization": 15368000,
        "ebitda": 228534000,
        "ebitdaratio": 0.5008064304,
        "operatingIncome": 273602000,
        "operatingIncomeRatio": 0.5995678585,
        "totalOtherIncomeExpensesNet": -89103000,
        "incomeBeforeTax": 184499000,
        "incomeBeforeTaxRatio": 0.4043087051,
        "incomeTaxExpense": -17264000,
        "netIncome": 201448000,
        "netIncomeRatio": 0.4414505229,
        "eps": 0.67,
        "epsdiluted": 0.67,
        "weightedAverageShsOut": 302225923,
        "weightedAverageShsOutDil": 302231431,
        "link": "https://www.sec.gov/Archives/edgar/data/931148/000093114818000019/0000931148-18-000019-index.htm",
        "finalLink": "https://www.sec.gov/Archives/edgar/data/931148/000093114818000019/a2018-q2.htm"
    },
    {
        "date": "2018-03-31",
        "symbol": "EAF",
        "reportedCurrency": "USD",
        "cik": "0000931148",
        "fillingDate": "2018-05-07",
        "acceptedDate": "2018-05-07 16:33:43",
        "calendarYear": "2018",
        "period": "Q1",
        "revenue": 451899000,
        "costOfRevenue": 145149000,
        "grossProfit": 306750000,
        "grossProfitRatio": 0.6788021217,
        "researchAndDevelopmentExpenses": 429000,
        "generalAndAdministrativeExpenses": 15876000,
        "sellingAndMarketingExpenses": 0,
        "sellingGeneralAndAdministrativeExpenses": 15876000,
        "otherExpenses": 0,
        "operatingExpenses": 16305000,
        "costAndExpenses": 161454000,
        "interestIncome": 115000,
        "interestExpense": 37865000,
        "depreciationAndAmortization": 16328000,
        "ebitda": 304883000,
        "ebitdaratio": 0.6746706676,
        "operatingIncome": 290445000,
        "operatingIncomeRatio": 0.6427210505,
        "totalOtherIncomeExpensesNet": -39755000,
        "incomeBeforeTax": 250690000,
        "incomeBeforeTaxRatio": 0.5547478529,
        "incomeTaxExpense": 28643000,
        "netIncome": 223673000,
        "netIncomeRatio": 0.4949623699,
        "eps": 0.74,
        "epsdiluted": 0.74,
        "weightedAverageShsOut": 302225923,
        "weightedAverageShsOutDil": 302225923,
        "link": "https://www.sec.gov/Archives/edgar/data/931148/000093114818000008/0000931148-18-000008-index.htm",
        "finalLink": "https://www.sec.gov/Archives/edgar/data/931148/000093114818000008/a2018-q1.htm"
    },
    {
        "date": "2017-12-31",
        "symbol": "EAF",
        "reportedCurrency": "USD",
        "cik": "0000931148",
        "fillingDate": "2017-12-31",
        "acceptedDate": "2017-12-30 19:00:00",
        "calendarYear": "2017",
        "period": "Q4",
        "revenue": 192473000,
        "costOfRevenue": 132684000,
        "grossProfit": 59789000,
        "grossProfitRatio": 0.3106357775,
        "researchAndDevelopmentExpenses": -159000,
        "generalAndAdministrativeExpenses": 12279000,
        "sellingAndMarketingExpenses": 0,
        "sellingGeneralAndAdministrativeExpenses": 12279000,
        "otherExpenses": 0,
        "operatingExpenses": 15762000,
        "costAndExpenses": 148446000,
        "interestIncome": 75000,
        "interestExpense": 7583000,
        "depreciationAndAmortization": 15461000,
        "ebitda": 65989000,
        "ebitdaratio": 0.3428480878,
        "operatingIncome": 44027000,
        "operatingIncomeRatio": 0.2287437719,
        "totalOtherIncomeExpensesNet": -1082000,
        "incomeBeforeTax": 42946000,
        "incomeBeforeTaxRatio": 0.2231273997,
        "incomeTaxExpense": -14030000,
        "netIncome": 55629000,
        "netIncomeRatio": 0.2890223564,
        "eps": 0.18,
        "epsdiluted": 0.18,
        "weightedAverageShsOut": 302225923,
        "weightedAverageShsOutDil": 302225923,
        "link": "",
        "finalLink": ""
    },
    {
        "date": "2017-09-30",
        "symbol": "EAF",
        "reportedCurrency": "USD",
        "cik": "0000931148",
        "fillingDate": "2017-10-25",
        "acceptedDate": "2017-10-25 15:24:42",
        "calendarYear": "2017",
        "period": "Q3",
        "revenue": 137245000,
        "costOfRevenue": 120483000,
        "grossProfit": 16762000,
        "grossProfitRatio": 0.1221319538,
        "researchAndDevelopmentExpenses": 1338000,
        "generalAndAdministrativeExpenses": 13322000,
        "sellingAndMarketingExpenses": 0,
        "sellingGeneralAndAdministrativeExpenses": 13322000,
        "otherExpenses": 0,
        "operatingExpenses": 14622000,
        "costAndExpenses": 135105000,
        "interestIncome": 58000,
        "interestExpense": 7792000,
        "depreciationAndAmortization": 17688000,
        "ebitda": 20290000,
        "ebitdaratio": 0.1478378083,
        "operatingIncome": 2140000,
        "operatingIncomeRatio": 0.0155925535,
        "totalOtherIncomeExpensesNet": -7330000,
        "incomeBeforeTax": -5190000,
        "incomeBeforeTaxRatio": -0.0378155853,
        "incomeTaxExpense": 1963000,
        "netIncome": -3919000,
        "netIncomeRatio": -0.0285547743,
        "eps": -0.013,
        "epsdiluted": -0.013,
        "weightedAverageShsOut": 302225923,
        "weightedAverageShsOutDil": 302225923,
        "link": "https://www.sec.gov/Archives/edgar/data/931148/000093114817000021/0000931148-17-000021-index.htm",
        "finalLink": "https://www.sec.gov/Archives/edgar/data/931148/000093114817000021/a2017-q310xq.htm"
    },
    {
        "date": "2017-06-30",
        "symbol": "EAF",
        "reportedCurrency": "USD",
        "cik": "0000931148",
        "fillingDate": "2017-08-02",
        "acceptedDate": "2017-08-02 16:11:28",
        "calendarYear": "2017",
        "period": "Q2",
        "revenue": 116314000,
        "costOfRevenue": 106434000,
        "grossProfit": 9880000,
        "grossProfitRatio": 0.0849424833,
        "researchAndDevelopmentExpenses": 943000,
        "generalAndAdministrativeExpenses": 12195000,
        "sellingAndMarketingExpenses": 0,
        "sellingGeneralAndAdministrativeExpenses": 12195000,
        "otherExpenses": 0,
        "operatingExpenses": 13102000,
        "costAndExpenses": 119536000,
        "interestIncome": 139000,
        "interestExpense": 7902000,
        "depreciationAndAmortization": 15985000,
        "ebitda": 11479000,
        "ebitdaratio": 0.0986897536,
        "operatingIncome": -3222000,
        "operatingIncomeRatio": -0.0277008787,
        "totalOtherIncomeExpensesNet": -9186000,
        "incomeBeforeTax": -12408000,
        "incomeBeforeTaxRatio": -0.1066767543,
        "incomeTaxExpense": 925000,
        "netIncome": -17383000,
        "netIncomeRatio": -0.1494489055,
        "eps": -0.0575,
        "epsdiluted": -0.0575,
        "weightedAverageShsOut": 302225923,
        "weightedAverageShsOutDil": 302225923,
        "link": "https://www.sec.gov/Archives/edgar/data/931148/000093114817000017/0000931148-17-000017-index.htm",
        "finalLink": "https://www.sec.gov/Archives/edgar/data/931148/000093114817000017/a2017-q210xq.htm"
    },
    {
        "date": "2017-03-31",
        "symbol": "EAF",
        "reportedCurrency": "USD",
        "cik": "0000931148",
        "fillingDate": "2017-04-27",
        "acceptedDate": "2017-04-27 13:27:09",
        "calendarYear": "2017",
        "period": "Q1",
        "revenue": 104739000,
        "costOfRevenue": 103654000,
        "grossProfit": 1085000,
        "grossProfitRatio": 0.0103590831,
        "researchAndDevelopmentExpenses": 829000,
        "generalAndAdministrativeExpenses": 11683000,
        "sellingAndMarketingExpenses": 0,
        "sellingGeneralAndAdministrativeExpenses": 11683000,
        "otherExpenses": 0,
        "operatingExpenses": 12512000,
        "costAndExpenses": 116166000,
        "interestIncome": 123000,
        "interestExpense": 7546000,
        "depreciationAndAmortization": 17309000,
        "ebitda": 2938000,
        "ebitdaratio": 0.0280506784,
        "operatingIncome": -11427000,
        "operatingIncomeRatio": -0.1090997623,
        "totalOtherIncomeExpensesNet": -10490000,
        "incomeBeforeTax": -21917000,
        "incomeBeforeTaxRatio": -0.2092534777,
        "incomeTaxExpense": 361000,
        "netIncome": -26344000,
        "netIncomeRatio": -0.2515204461,
        "eps": -0.0872,
        "epsdiluted": -0.0872,
        "weightedAverageShsOut": 302225923,
        "weightedAverageShsOutDil": 302225923,
        "link": "https://www.sec.gov/Archives/edgar/data/931148/000093114817000012/0000931148-17-000012-index.htm",
        "finalLink": "https://www.sec.gov/Archives/edgar/data/931148/000093114817000012/a2017-q110xq.htm"
    },
    {
        "date": "2016-12-31",
        "symbol": "EAF",
        "reportedCurrency": "USD",
        "cik": "0000931148",
        "fillingDate": "2017-02-27",
        "acceptedDate": "2017-02-27 14:27:41",
        "calendarYear": "2016",
        "period": "Q4",
        "revenue": 115433000,
        "costOfRevenue": 116170000,
        "grossProfit": -736999,
        "grossProfitRatio": -0.0063846474,
        "researchAndDevelopmentExpenses": 435000,
        "generalAndAdministrativeExpenses": 18353000,
        "sellingAndMarketingExpenses": 0,
        "sellingGeneralAndAdministrativeExpenses": 18353000,
        "otherExpenses": 0,
        "operatingExpenses": 18788000,
        "costAndExpenses": 134958000,
        "interestIncome": 189000,
        "interestExpense": 7054000,
        "depreciationAndAmortization": 20116000,
        "ebitda": -1404000,
        "ebitdaratio": -0.0121628997,
        "operatingIncome": -19525000,
        "operatingIncomeRatio": -0.1691457382,
        "totalOtherIncomeExpensesNet": -9049000,
        "incomeBeforeTax": -28574000,
        "incomeBeforeTaxRatio": -0.2475375326,
        "incomeTaxExpense": 123000,
        "netIncome": -48103000,
        "netIncomeRatio": -0.416717923,
        "eps": -0.16,
        "epsdiluted": -0.16,
        "weightedAverageShsOut": 302225923,
        "weightedAverageShsOutDil": 302225923,
        "link": "https://www.sec.gov/Archives/edgar/data/931148/000093114817000007/0000931148-17-000007-index.htm",
        "finalLink": "https://www.sec.gov/Archives/edgar/data/931148/000093114817000007/a201610-k.htm"
    },
    {
        "date": "2016-09-30",
        "symbol": "EAF",
        "reportedCurrency": "USD",
        "cik": "0000931148",
        "fillingDate": "2016-10-27",
        "acceptedDate": "2016-10-27 13:36:29",
        "calendarYear": "2016",
        "period": "Q3",
        "revenue": 111590000,
        "costOfRevenue": 118500000,
        "grossProfit": -6910000,
        "grossProfitRatio": -0.0619231114,
        "researchAndDevelopmentExpenses": 526000,
        "generalAndAdministrativeExpenses": 12215000,
        "sellingAndMarketingExpenses": 0,
        "sellingGeneralAndAdministrativeExpenses": 12215000,
        "otherExpenses": 0,
        "operatingExpenses": 12741000,
        "costAndExpenses": 131241000,
        "interestIncome": 158000,
        "interestExpense": 6964000,
        "depreciationAndAmortization": 19547000,
        "ebitda": 621000,
        "ebitdaratio": 0.0055650148,
        "operatingIncome": -19651000,
        "operatingIncomeRatio": -0.176100009,
        "totalOtherIncomeExpensesNet": -6239000,
        "incomeBeforeTax": -25890000,
        "incomeBeforeTaxRatio": -0.2320100367,
        "incomeTaxExpense": -1789000,
        "netIncome": -22967000,
        "netIncomeRatio": -0.2058159333,
        "eps": -0.076,
        "epsdiluted": -0.076,
        "weightedAverageShsOut": 302225923,
        "weightedAverageShsOutDil": 302225923,
        "link": "https://www.sec.gov/Archives/edgar/data/931148/000093114816000123/0000931148-16-000123-index.htm",
        "finalLink": "https://www.sec.gov/Archives/edgar/data/931148/000093114816000123/a2016-q310xq.htm"
    },
    {
        "date": "2016-06-30",
        "symbol": "EAF",
        "reportedCurrency": "USD",
        "cik": "0000931148",
        "fillingDate": "2016-07-28",
        "acceptedDate": "2016-07-28 16:54:00",
        "calendarYear": "2016",
        "period": "Q2",
        "revenue": 115365000,
        "costOfRevenue": 123770000,
        "grossProfit": -8405000,
        "grossProfitRatio": -0.0728557188,
        "researchAndDevelopmentExpenses": 786000,
        "generalAndAdministrativeExpenses": 13487000,
        "sellingAndMarketingExpenses": 0,
        "sellingGeneralAndAdministrativeExpenses": 13487000,
        "otherExpenses": 0,
        "operatingExpenses": 14273000,
        "costAndExpenses": 138043000,
        "interestIncome": 0,
        "interestExpense": 6436000,
        "depreciationAndAmortization": 23770000,
        "ebitda": 737000,
        "ebitdaratio": 0.0063884194,
        "operatingIncome": -22614000,
        "operatingIncomeRatio": -0.1960213236,
        "totalOtherIncomeExpensesNet": -5238000,
        "incomeBeforeTax": -27852000,
        "incomeBeforeTaxRatio": -0.2414250423,
        "incomeTaxExpense": -5591000,
        "netIncome": -128399000,
        "netIncomeRatio": -1.11298054,
        "eps": -0.42,
        "epsdiluted": -0.42,
        "weightedAverageShsOut": 302225923,
        "weightedAverageShsOutDil": 302225923,
        "link": "https://www.sec.gov/Archives/edgar/data/931148/000093114816000118/0000931148-16-000118-index.htm",
        "finalLink": "https://www.sec.gov/Archives/edgar/data/931148/000093114816000118/a2016-q210xq.htm"
    },
    {
        "date": "2016-03-31",
        "symbol": "EAF",
        "reportedCurrency": "USD",
        "cik": "0000931148",
        "fillingDate": "2016-04-28",
        "acceptedDate": "2016-04-28 16:35:43",
        "calendarYear": "2016",
        "period": "Q1",
        "revenue": 124665000,
        "costOfRevenue": 134536000,
        "grossProfit": -9871000,
        "grossProfitRatio": -0.0791802029,
        "researchAndDevelopmentExpenses": 1530000,
        "generalAndAdministrativeExpenses": 18117000,
        "sellingAndMarketingExpenses": 0,
        "sellingGeneralAndAdministrativeExpenses": 18117000,
        "otherExpenses": 0,
        "operatingExpenses": 19647000,
        "costAndExpenses": 154183000,
        "interestIncome": 12000,
        "interestExpense": 5617000,
        "depreciationAndAmortization": 19458000,
        "ebitda": -7962000,
        "ebitdaratio": -0.063867164,
        "operatingIncome": -29649000,
        "operatingIncomeRatio": -0.2378293827,
        "totalOtherIncomeExpensesNet": -6685000,
        "incomeBeforeTax": -37063000,
        "incomeBeforeTaxRatio": -0.2973007661,
        "incomeTaxExpense": -688000,
        "netIncome": -36375000,
        "netIncomeRatio": -0.2917819757,
        "eps": -0.12,
        "epsdiluted": -0.12,
        "weightedAverageShsOut": 302225923,
        "weightedAverageShsOutDil": 302225923,
        "link": "https://www.sec.gov/Archives/edgar/data/931148/000093114816000113/0000931148-16-000113-index.htm",
        "finalLink": "https://www.sec.gov/Archives/edgar/data/931148/000093114816000113/a2016-q110xq.htm"
    },
    {
        "date": "2015-12-31",
        "symbol": "EAF",
        "reportedCurrency": "USD",
        "cik": "0000931148",
        "fillingDate": "2016-03-07",
        "acceptedDate": "2016-03-08 09:04:21",
        "calendarYear": "2015",
        "period": "Q4",
        "revenue": 154150000,
        "costOfRevenue": 144312000,
        "grossProfit": 9838000,
        "grossProfitRatio": 0.0638209536,
        "researchAndDevelopmentExpenses": 1688000,
        "generalAndAdministrativeExpenses": 22309000,
        "sellingAndMarketingExpenses": 0,
        "sellingGeneralAndAdministrativeExpenses": 22309000,
        "otherExpenses": 0,
        "operatingExpenses": 23997000,
        "costAndExpenses": 168309000,
        "interestIncome": 3289000,
        "interestExpense": 7225000,
        "depreciationAndAmortization": 18014000,
        "ebitda": -68576000,
        "ebitdaratio": -0.4448653909,
        "operatingIncome": -14597000,
        "operatingIncomeRatio": -0.0946934804,
        "totalOtherIncomeExpensesNet": -5558000,
        "incomeBeforeTax": -20201000,
        "incomeBeforeTaxRatio": -0.1310476808,
        "incomeTaxExpense": 6047000,
        "netIncome": -26248000,
        "netIncomeRatio": -0.1702757055,
        "eps": -0.0868,
        "epsdiluted": -0.0868,
        "weightedAverageShsOut": 302225923,
        "weightedAverageShsOutDil": 302225923,
        "link": "https://www.sec.gov/Archives/edgar/data/931148/000093114816000108/0000931148-16-000108-index.htm",
        "finalLink": "https://www.sec.gov/Archives/edgar/data/931148/000093114816000108/a201510-k.htm"
    },
    {
        "date": "2015-06-30",
        "symbol": "EAF",
        "reportedCurrency": "USD",
        "cik": "0000931148",
        "fillingDate": "2015-07-29",
        "acceptedDate": "2015-07-29 16:50:45",
        "calendarYear": "2015",
        "period": "Q2",
        "revenue": 165122000,
        "costOfRevenue": 149183000,
        "grossProfit": 15939000,
        "grossProfitRatio": 0.0965286273,
        "researchAndDevelopmentExpenses": 1914000,
        "generalAndAdministrativeExpenses": 25253000,
        "sellingAndMarketingExpenses": 0,
        "sellingGeneralAndAdministrativeExpenses": 25253000,
        "otherExpenses": 0,
        "operatingExpenses": 27167000,
        "costAndExpenses": 176350000,
        "interestIncome": 273000,
        "interestExpense": 8543000,
        "depreciationAndAmortization": 18814000,
        "ebitda": 17173000,
        "ebitdaratio": 0.1040018895,
        "operatingIncome": -12997000,
        "operatingIncomeRatio": -0.0787114982,
        "totalOtherIncomeExpensesNet": -9262000,
        "incomeBeforeTax": -22618000,
        "incomeBeforeTaxRatio": -0.1369775075,
        "incomeTaxExpense": 199000,
        "netIncome": -22817000,
        "netIncomeRatio": -0.1381826771,
        "eps": -0.17,
        "epsdiluted": -0.17,
        "weightedAverageShsOut": 137354922,
        "weightedAverageShsOutDil": 137354922,
        "link": "https://www.sec.gov/Archives/edgar/data/931148/000093114815000043/0000931148-15-000043-index.htm",
        "finalLink": "https://www.sec.gov/Archives/edgar/data/931148/000093114815000043/a2015-q210q.htm"
    },
    {
        "date": "2015-03-31",
        "symbol": "EAF",
        "reportedCurrency": "USD",
        "cik": "0000931148",
        "fillingDate": "2015-05-01",
        "acceptedDate": "2015-05-01 16:07:28",
        "calendarYear": "2015",
        "period": "Q1",
        "revenue": 207211000,
        "costOfRevenue": 186448000,
        "grossProfit": 20763000,
        "grossProfitRatio": 0.1002022093,
        "researchAndDevelopmentExpenses": 2431000,
        "generalAndAdministrativeExpenses": 26290000,
        "sellingAndMarketingExpenses": 0,
        "sellingGeneralAndAdministrativeExpenses": 26290000,
        "otherExpenses": 0,
        "operatingExpenses": 28721000,
        "costAndExpenses": 215169000,
        "interestIncome": 73000,
        "interestExpense": 8921000,
        "depreciationAndAmortization": 20570000,
        "ebitda": -26126000,
        "ebitdaratio": -0.1260840399,
        "operatingIncome": -45833000,
        "operatingIncomeRatio": -0.2211899947,
        "totalOtherIncomeExpensesNet": -9241000,
        "incomeBeforeTax": -55074000,
        "incomeBeforeTaxRatio": -0.265787048,
        "incomeTaxExpense": 534000,
        "netIncome": -55608000,
        "netIncomeRatio": -0.2683641312,
        "eps": -0.41,
        "epsdiluted": -0.41,
        "weightedAverageShsOut": 137172914,
        "weightedAverageShsOutDil": 137172914,
        "link": "https://www.sec.gov/Archives/edgar/data/931148/000093114815000027/0000931148-15-000027-index.htm",
        "finalLink": "https://www.sec.gov/Archives/edgar/data/931148/000093114815000027/a2015-q110q.htm"
    },
    {
        "date": "2014-12-31",
        "symbol": "EAF",
        "reportedCurrency": "USD",
        "cik": "0000931148",
        "fillingDate": "2015-03-02",
        "acceptedDate": "2015-03-02 16:44:53",
        "calendarYear": "2014",
        "period": "Q4",
        "revenue": 259871000,
        "costOfRevenue": 228915000,
        "grossProfit": 30956000,
        "grossProfitRatio": 0.1191206406,
        "researchAndDevelopmentExpenses": 6300000,
        "generalAndAdministrativeExpenses": 35154000,
        "sellingAndMarketingExpenses": 0,
        "sellingGeneralAndAdministrativeExpenses": 35154000,
        "otherExpenses": 0,
        "operatingExpenses": 41454000,
        "costAndExpenses": 270369000,
        "interestIncome": 73000,
        "interestExpense": 8411000,
        "depreciationAndAmortization": 26585000,
        "ebitda": -61320000,
        "ebitdaratio": -0.2359632279,
        "operatingIncome": -86012000,
        "operatingIncomeRatio": -0.3309796014,
        "totalOtherIncomeExpensesNet": -91334000,
        "incomeBeforeTax": -96316000,
        "incomeBeforeTaxRatio": -0.3706300434,
        "incomeTaxExpense": -12833000,
        "netIncome": -83483000,
        "netIncomeRatio": -0.3212478499,
        "eps": -0.61,
        "epsdiluted": -0.61,
        "weightedAverageShsOut": 136599000,
        "weightedAverageShsOutDil": 136981000,
        "link": "https://www.sec.gov/Archives/edgar/data/931148/000093114815000007/0000931148-15-000007-index.htm",
        "finalLink": "https://www.sec.gov/Archives/edgar/data/931148/000093114815000007/a201410k.htm"
    },
    {
        "date": "2014-09-30",
        "symbol": "EAF",
        "reportedCurrency": "USD",
        "cik": "0000931148",
        "fillingDate": "2014-10-31",
        "acceptedDate": "2014-10-30 19:39:31",
        "calendarYear": "2014",
        "period": "Q3",
        "revenue": 260458000,
        "costOfRevenue": 242814000,
        "grossProfit": 17644000,
        "grossProfitRatio": 0.067742208,
        "researchAndDevelopmentExpenses": 2871000,
        "generalAndAdministrativeExpenses": 0,
        "sellingAndMarketingExpenses": 0,
        "sellingGeneralAndAdministrativeExpenses": 26980000,
        "otherExpenses": 10844000,
        "operatingExpenses": 40695000,
        "costAndExpenses": 283509000,
        "interestIncome": 144000,
        "interestExpense": 8548000,
        "depreciationAndAmortization": 26616000,
        "ebitda": 2039000,
        "ebitdaratio": 0.0078285175,
        "operatingIncome": -23051000,
        "operatingIncomeRatio": -0.088501793,
        "totalOtherIncomeExpensesNet": -10074000,
        "incomeBeforeTax": -33125000,
        "incomeBeforeTaxRatio": -0.127179814,
        "incomeTaxExpense": 1818000,
        "netIncome": -34943000,
        "netIncomeRatio": -0.1341598262,
        "eps": -0.2562273143904675,
        "epsdiluted": -0.2562273143904675,
        "weightedAverageShsOut": 136375000,
        "weightedAverageShsOutDil": 136375000,
        "link": "https://www.sec.gov/Archives/edgar/data/931148/000093114814000135/0000931148-14-000135-index.htm",
        "finalLink": "https://www.sec.gov/Archives/edgar/data/931148/000093114814000135/q3201410q.htm"
    },
    {
        "date": "2014-06-30",
        "symbol": "EAF",
        "reportedCurrency": "USD",
        "cik": "0000931148",
        "fillingDate": "2014-08-11",
        "acceptedDate": "2014-08-11 14:48:20",
        "calendarYear": "2014",
        "period": "Q2",
        "revenue": 284184000,
        "costOfRevenue": 266231000,
        "grossProfit": 17953000,
        "grossProfitRatio": 0.0631738592,
        "researchAndDevelopmentExpenses": 2903000,
        "generalAndAdministrativeExpenses": 32137000,
        "sellingAndMarketingExpenses": 0,
        "sellingGeneralAndAdministrativeExpenses": 32137000,
        "otherExpenses": 41000,
        "operatingExpenses": 35040000,
        "costAndExpenses": 301271000,
        "interestIncome": 55000,
        "interestExpense": 9155000,
        "depreciationAndAmortization": 26846000,
        "ebitda": -139488000,
        "ebitdaratio": -0.4908369226,
        "operatingIncome": -144055000,
        "operatingIncomeRatio": -0.5069074966,
        "totalOtherIncomeExpensesNet": -9059000,
        "incomeBeforeTax": -153114000,
        "incomeBeforeTaxRatio": -0.538784731,
        "incomeTaxExpense": 6853000,
        "netIncome": -159967000,
        "netIncomeRatio": -0.5628993891,
        "eps": -1.18,
        "epsdiluted": -1.18,
        "weightedAverageShsOut": 135963000,
        "weightedAverageShsOutDil": 135963000,
        "link": "https://www.sec.gov/Archives/edgar/data/931148/000093114814000125/0000931148-14-000125-index.htm",
        "finalLink": "https://www.sec.gov/Archives/edgar/data/931148/000093114814000125/gti6302014-10q.htm"
    },
    {
        "date": "2014-03-31",
        "symbol": "EAF",
        "reportedCurrency": "USD",
        "cik": "0000931148",
        "fillingDate": "2014-04-25",
        "acceptedDate": "2014-04-24 17:56:58",
        "calendarYear": "2014",
        "period": "Q1",
        "revenue": 280791000,
        "costOfRevenue": 255097000,
        "grossProfit": 25694000,
        "grossProfitRatio": 0.0915057819,
        "researchAndDevelopmentExpenses": 2770000,
        "generalAndAdministrativeExpenses": 29907000,
        "sellingAndMarketingExpenses": 0,
        "sellingGeneralAndAdministrativeExpenses": 29907000,
        "otherExpenses": 0,
        "operatingExpenses": 32677000,
        "costAndExpenses": 287774000,
        "interestIncome": 58000,
        "interestExpense": 8999000,
        "depreciationAndAmortization": 39661000,
        "ebitda": 31856000,
        "ebitdaratio": 0.1134509297,
        "operatingIncome": -7069000,
        "operatingIncomeRatio": -0.0251753083,
        "totalOtherIncomeExpensesNet": -9735000,
        "incomeBeforeTax": -16804000,
        "incomeBeforeTaxRatio": -0.059845223,
        "incomeTaxExpense": -5287000,
        "netIncome": -11517000,
        "netIncomeRatio": -0.0410162719,
        "eps": -0.0849,
        "epsdiluted": -0.0849,
        "weightedAverageShsOut": 135729809,
        "weightedAverageShsOutDil": 135729809,
        "link": "https://www.sec.gov/Archives/edgar/data/931148/000093114814000056/0000931148-14-000056-index.htm",
        "finalLink": "https://www.sec.gov/Archives/edgar/data/931148/000093114814000056/gti3312014-10q.htm"
    },
    {
        "date": "2013-12-31",
        "symbol": "EAF",
        "reportedCurrency": "USD",
        "cik": "0000931148",
        "fillingDate": "2014-02-27",
        "acceptedDate": "2014-02-27 16:40:00",
        "calendarYear": "2013",
        "period": "Q4",
        "revenue": 308502000,
        "costOfRevenue": 303551000,
        "grossProfit": 4951000,
        "grossProfitRatio": 0.0160485183,
        "researchAndDevelopmentExpenses": 1563000,
        "generalAndAdministrativeExpenses": 23543000,
        "sellingAndMarketingExpenses": 0,
        "sellingGeneralAndAdministrativeExpenses": 23543000,
        "otherExpenses": 0,
        "operatingExpenses": 25106000,
        "costAndExpenses": 328657000,
        "interestIncome": 41000,
        "interestExpense": 11236000,
        "depreciationAndAmortization": 51627000,
        "ebitda": 27257000,
        "ebitdaratio": 0.0883527497,
        "operatingIncome": -25718000,
        "operatingIncomeRatio": -0.0833641273,
        "totalOtherIncomeExpensesNet": -9888000,
        "incomeBeforeTax": -35606000,
        "incomeBeforeTaxRatio": -0.1154157834,
        "incomeTaxExpense": -7385000,
        "netIncome": -28221000,
        "netIncomeRatio": -0.0914775269,
        "eps": -0.21,
        "epsdiluted": -0.21,
        "weightedAverageShsOut": 135421000,
        "weightedAverageShsOutDil": 135730000,
        "link": "https://www.sec.gov/Archives/edgar/data/931148/000093114814000040/0000931148-14-000040-index.htm",
        "finalLink": "https://www.sec.gov/Archives/edgar/data/931148/000093114814000040/a201310k.htm"
    },
    {
        "date": "2013-09-30",
        "symbol": "EAF",
        "reportedCurrency": "USD",
        "cik": "0000931148",
        "fillingDate": "2013-10-31",
        "acceptedDate": "2013-10-31 16:56:27",
        "calendarYear": "2013",
        "period": "Q3",
        "revenue": 303084000,
        "costOfRevenue": 266440000,
        "grossProfit": 36644000,
        "grossProfitRatio": 0.1209037759,
        "researchAndDevelopmentExpenses": 2994000,
        "generalAndAdministrativeExpenses": 27626000,
        "sellingAndMarketingExpenses": 0,
        "sellingGeneralAndAdministrativeExpenses": 27626000,
        "otherExpenses": 0,
        "operatingExpenses": 30620000,
        "costAndExpenses": 297060000,
        "interestIncome": 49000,
        "interestExpense": 8269000,
        "depreciationAndAmortization": 26902000,
        "ebitda": 18325000,
        "ebitdaratio": 0.0604617862,
        "operatingIncome": -8569000,
        "operatingIncomeRatio": -0.0282726901,
        "totalOtherIncomeExpensesNet": -8277000,
        "incomeBeforeTax": -16846000,
        "incomeBeforeTaxRatio": -0.0555819509,
        "incomeTaxExpense": -9216000,
        "netIncome": -7630000,
        "netIncomeRatio": -0.0251745391,
        "eps": -0.0565,
        "epsdiluted": -0.0565,
        "weightedAverageShsOut": 135134000,
        "weightedAverageShsOutDil": 135134000,
        "link": "https://www.sec.gov/Archives/edgar/data/931148/000093114813000100/0000931148-13-000100-index.htm",
        "finalLink": "https://www.sec.gov/Archives/edgar/data/931148/000093114813000100/q32013-10q.htm"
    },
    {
        "date": "2013-06-30",
        "symbol": "EAF",
        "reportedCurrency": "USD",
        "cik": "0000931148",
        "fillingDate": "2013-07-30",
        "acceptedDate": "2013-07-30 16:46:03",
        "calendarYear": "2013",
        "period": "Q2",
        "revenue": 301361000,
        "costOfRevenue": 252440000,
        "grossProfit": 48921000,
        "grossProfitRatio": 0.1623335468,
        "researchAndDevelopmentExpenses": 2787000,
        "generalAndAdministrativeExpenses": 30161000,
        "sellingAndMarketingExpenses": 0,
        "sellingGeneralAndAdministrativeExpenses": 30161000,
        "otherExpenses": 0,
        "operatingExpenses": 32948000,
        "costAndExpenses": 285388000,
        "interestIncome": 49000,
        "interestExpense": 8282000,
        "depreciationAndAmortization": 24492000,
        "ebitda": 38874000,
        "ebitdaratio": 0.1289947936,
        "operatingIncome": 15973000,
        "operatingIncomeRatio": 0.0530028769,
        "totalOtherIncomeExpensesNet": -9873000,
        "incomeBeforeTax": 6100000,
        "incomeBeforeTaxRatio": 0.0202415044,
        "incomeTaxExpense": 1718000,
        "netIncome": 4382000,
        "netIncomeRatio": 0.0145407004,
        "eps": 0.03,
        "epsdiluted": 0.03,
        "weightedAverageShsOut": 134854000,
        "weightedAverageShsOutDil": 135056000,
        "link": "https://www.sec.gov/Archives/edgar/data/931148/000093114813000087/0000931148-13-000087-index.htm",
        "finalLink": "https://www.sec.gov/Archives/edgar/data/931148/000093114813000087/q22013-10q.htm"
    },
    {
        "date": "2013-03-31",
        "symbol": "EAF",
        "reportedCurrency": "USD",
        "cik": "0000931148",
        "fillingDate": "2013-04-25",
        "acceptedDate": "2013-04-25 16:37:15",
        "calendarYear": "2013",
        "period": "Q1",
        "revenue": 253727000,
        "costOfRevenue": 205177000,
        "grossProfit": 48550000,
        "grossProfitRatio": 0.1913473931,
        "researchAndDevelopmentExpenses": 3093000,
        "generalAndAdministrativeExpenses": 29713000,
        "sellingAndMarketingExpenses": 0,
        "sellingGeneralAndAdministrativeExpenses": 29713000,
        "otherExpenses": 0,
        "operatingExpenses": 32806000,
        "costAndExpenses": 237983000,
        "interestIncome": 64000,
        "interestExpense": 8250000,
        "depreciationAndAmortization": 20376000,
        "ebitda": 34876000,
        "ebitdaratio": 0.1374548235,
        "operatingIncome": 15744000,
        "operatingIncomeRatio": 0.0620509445,
        "totalOtherIncomeExpensesNet": -9494000,
        "incomeBeforeTax": 6250000,
        "incomeBeforeTaxRatio": 0.0246327746,
        "incomeTaxExpense": 2040000,
        "netIncome": 4210000,
        "netIncomeRatio": 0.016592637,
        "eps": 0.03,
        "epsdiluted": 0.03,
        "weightedAverageShsOut": 134646000,
        "weightedAverageShsOutDil": 134833000,
        "link": "https://www.sec.gov/Archives/edgar/data/931148/000093114813000058/0000931148-13-000058-index.htm",
        "finalLink": "https://www.sec.gov/Archives/edgar/data/931148/000093114813000058/q12013-10q.htm"
    },
    {
        "date": "2012-12-31",
        "symbol": "EAF",
        "reportedCurrency": "USD",
        "cik": "0000931148",
        "fillingDate": "2013-02-26",
        "acceptedDate": "2013-02-26 17:06:52",
        "calendarYear": "2012",
        "period": "Q4",
        "revenue": 370999000,
        "costOfRevenue": 286489000,
        "grossProfit": 84510000,
        "grossProfitRatio": 0.2277903714,
        "researchAndDevelopmentExpenses": 3877000,
        "generalAndAdministrativeExpenses": 38312000,
        "sellingAndMarketingExpenses": 0,
        "sellingGeneralAndAdministrativeExpenses": 38312000,
        "otherExpenses": 0,
        "operatingExpenses": 42189000,
        "costAndExpenses": 328678000,
        "interestIncome": 83000,
        "interestExpense": 7514000,
        "depreciationAndAmortization": 23428000,
        "ebitda": 65461000,
        "ebitdaratio": 0.1764452195,
        "operatingIncome": 42321000,
        "operatingIncomeRatio": 0.1140730838,
        "totalOtherIncomeExpensesNet": -7802000,
        "incomeBeforeTax": 34519000,
        "incomeBeforeTaxRatio": 0.0930433775,
        "incomeTaxExpense": 5880000,
        "netIncome": 28639000,
        "netIncomeRatio": 0.0771942782,
        "eps": 0.21,
        "epsdiluted": 0.21,
        "weightedAverageShsOut": 134391000,
        "weightedAverageShsOutDil": 134646000,
        "link": "https://www.sec.gov/Archives/edgar/data/931148/000093114813000030/0000931148-13-000030-index.htm",
        "finalLink": "https://www.sec.gov/Archives/edgar/data/931148/000093114813000030/gti-2013223x10k.htm"
    },
    {
        "date": "2012-09-30",
        "symbol": "EAF",
        "reportedCurrency": "USD",
        "cik": "0000931148",
        "fillingDate": "2012-10-29",
        "acceptedDate": "2012-10-29 16:49:57",
        "calendarYear": "2012",
        "period": "Q3",
        "revenue": 320716000,
        "costOfRevenue": 240730000,
        "grossProfit": 79986000,
        "grossProfitRatio": 0.2493982215,
        "researchAndDevelopmentExpenses": 2778000,
        "generalAndAdministrativeExpenses": 33645000,
        "sellingAndMarketingExpenses": 0,
        "sellingGeneralAndAdministrativeExpenses": 33645000,
        "otherExpenses": 0,
        "operatingExpenses": 36423000,
        "costAndExpenses": 277153000,
        "interestIncome": 33000,
        "interestExpense": 5839000,
        "depreciationAndAmortization": 21869000,
        "ebitda": 63257000,
        "ebitdaratio": 0.1972368076,
        "operatingIncome": 43563000,
        "operatingIncomeRatio": 0.1358304544,
        "totalOtherIncomeExpensesNet": -7459000,
        "incomeBeforeTax": 36104000,
        "incomeBeforeTaxRatio": 0.1125731176,
        "incomeTaxExpense": 6478000,
        "netIncome": 29626000,
        "netIncomeRatio": 0.0923745619,
        "eps": 0.22,
        "epsdiluted": 0.22,
        "weightedAverageShsOut": 134347000,
        "weightedAverageShsOutDil": 135001000,
        "link": "https://www.sec.gov/Archives/edgar/data/931148/000093114812000057/0000931148-12-000057-index.htm",
        "finalLink": "https://www.sec.gov/Archives/edgar/data/931148/000093114812000057/gti-2012930x10q.htm"
    },
    {
        "date": "2012-06-30",
        "symbol": "EAF",
        "reportedCurrency": "USD",
        "cik": "0000931148",
        "fillingDate": "2012-07-26",
        "acceptedDate": "2012-07-26 16:54:46",
        "calendarYear": "2012",
        "period": "Q2",
        "revenue": 315611000,
        "costOfRevenue": 231234000,
        "grossProfit": 84377000,
        "grossProfitRatio": 0.2673449278,
        "researchAndDevelopmentExpenses": 2942000,
        "generalAndAdministrativeExpenses": 34858000,
        "sellingAndMarketingExpenses": 0,
        "sellingGeneralAndAdministrativeExpenses": 34858000,
        "otherExpenses": 0,
        "operatingExpenses": 37800000,
        "costAndExpenses": 269034000,
        "interestIncome": 64000,
        "interestExpense": 5132000,
        "depreciationAndAmortization": 20276000,
        "ebitda": 65940000,
        "ebitdaratio": 0.2089280792,
        "operatingIncome": 46577000,
        "operatingIncomeRatio": 0.1475772391,
        "totalOtherIncomeExpensesNet": -5462000,
        "incomeBeforeTax": 41115000,
        "incomeBeforeTaxRatio": 0.1302711249,
        "incomeTaxExpense": -732000,
        "netIncome": 41847000,
        "netIncomeRatio": 0.1325904357,
        "eps": 0.3,
        "epsdiluted": 0.29,
        "weightedAverageShsOut": 141399000,
        "weightedAverageShsOutDil": 142054000,
        "link": "https://www.sec.gov/Archives/edgar/data/931148/000093114812000048/0000931148-12-000048-index.htm",
        "finalLink": "https://www.sec.gov/Archives/edgar/data/931148/000093114812000048/gti-2012630x10q.htm"
    },
    {
        "date": "2012-03-31",
        "symbol": "EAF",
        "reportedCurrency": "USD",
        "cik": "0000931148",
        "fillingDate": "2012-04-26",
        "acceptedDate": "2012-04-26 16:49:15",
        "calendarYear": "2012",
        "period": "Q1",
        "revenue": 240938000,
        "costOfRevenue": 174007000,
        "grossProfit": 66931000,
        "grossProfitRatio": 0.2777934572,
        "researchAndDevelopmentExpenses": 4199000,
        "generalAndAdministrativeExpenses": 38725000,
        "sellingAndMarketingExpenses": 0,
        "sellingGeneralAndAdministrativeExpenses": 38725000,
        "otherExpenses": 0,
        "operatingExpenses": 42924000,
        "costAndExpenses": 216931000,
        "interestIncome": 81000,
        "interestExpense": 4762000,
        "depreciationAndAmortization": 16087000,
        "ebitda": 43090000,
        "ebitdaratio": 0.1788426898,
        "operatingIncome": 24007000,
        "operatingIncomeRatio": 0.0996397413,
        "totalOtherIncomeExpensesNet": -1258000,
        "incomeBeforeTax": 22749000,
        "incomeBeforeTaxRatio": 0.0944184811,
        "incomeTaxExpense": 5220000,
        "netIncome": 17529000,
        "netIncomeRatio": 0.0727531564,
        "eps": 0.12,
        "epsdiluted": 0.12,
        "weightedAverageShsOut": 143795000,
        "weightedAverageShsOutDil": 144499000,
        "link": "https://www.sec.gov/Archives/edgar/data/931148/000119312512186289/0001193125-12-186289-index.htm",
        "finalLink": "https://www.sec.gov/Archives/edgar/data/931148/000119312512186289/d331275d10q.htm"
    },
    {
        "date": "2011-12-31",
        "symbol": "EAF",
        "reportedCurrency": "USD",
        "cik": "0000931148",
        "fillingDate": "2012-02-23",
        "acceptedDate": "2012-02-23 16:52:15",
        "calendarYear": "2011",
        "period": "Q4",
        "revenue": 347984000,
        "costOfRevenue": 264276000,
        "grossProfit": 83708000,
        "grossProfitRatio": 0.2405512897,
        "researchAndDevelopmentExpenses": 5120000,
        "generalAndAdministrativeExpenses": 47285000,
        "sellingAndMarketingExpenses": 0,
        "sellingGeneralAndAdministrativeExpenses": 47285000,
        "otherExpenses": 0,
        "operatingExpenses": 52405000,
        "costAndExpenses": 316681000,
        "interestIncome": 61000,
        "interestExpense": 4527000,
        "depreciationAndAmortization": 21271000,
        "ebitda": 52934000,
        "ebitdaratio": 0.1521161893,
        "operatingIncome": 31303000,
        "operatingIncomeRatio": 0.0899552853,
        "totalOtherIncomeExpensesNet": -4167000,
        "incomeBeforeTax": 27136000,
        "incomeBeforeTaxRatio": 0.0779805968,
        "incomeTaxExpense": -29919000,
        "netIncome": 57055000,
        "netIncomeRatio": 0.1639586878,
        "eps": 0.4,
        "epsdiluted": 0.4,
        "weightedAverageShsOut": 143795000,
        "weightedAverageShsOutDil": 143795000,
        "link": "https://www.sec.gov/Archives/edgar/data/931148/000119312512075483/0001193125-12-075483-index.htm",
        "finalLink": "https://www.sec.gov/Archives/edgar/data/931148/000119312512075483/d257600d10k.htm"
    },
    {
        "date": "2011-09-30",
        "symbol": "EAF",
        "reportedCurrency": "USD",
        "cik": "0000931148",
        "fillingDate": "2011-10-27",
        "acceptedDate": "2011-10-27 16:48:05",
        "calendarYear": "2011",
        "period": "Q3",
        "revenue": 345832000,
        "costOfRevenue": 253088000,
        "grossProfit": 92744000,
        "grossProfitRatio": 0.2681764556,
        "researchAndDevelopmentExpenses": 2852000,
        "generalAndAdministrativeExpenses": 32401000,
        "sellingAndMarketingExpenses": 0,
        "sellingGeneralAndAdministrativeExpenses": 32401000,
        "otherExpenses": 0,
        "operatingExpenses": 35253000,
        "costAndExpenses": 288341000,
        "interestIncome": 119000,
        "interestExpense": 4792000,
        "depreciationAndAmortization": 20361000,
        "ebitda": 72650000,
        "ebitdaratio": 0.2100730991,
        "operatingIncome": 57491000,
        "operatingIncomeRatio": 0.1662396771,
        "totalOtherIncomeExpensesNet": -9994000,
        "incomeBeforeTax": 47497000,
        "incomeBeforeTaxRatio": 0.1373412524,
        "incomeTaxExpense": 7200000,
        "netIncome": 40297000,
        "netIncomeRatio": 0.116521895,
        "eps": 0.28,
        "epsdiluted": 0.28,
        "weightedAverageShsOut": 145413000,
        "weightedAverageShsOutDil": 146181000,
        "link": "https://www.sec.gov/Archives/edgar/data/931148/000119312511284275/0001193125-11-284275-index.htm",
        "finalLink": "https://www.sec.gov/Archives/edgar/data/931148/000119312511284275/d222661d10q.htm"
    },
    {
        "date": "2011-06-30",
        "symbol": "EAF",
        "reportedCurrency": "USD",
        "cik": "0000931148",
        "fillingDate": "2011-07-28",
        "acceptedDate": "2011-07-28 16:20:57",
        "calendarYear": "2011",
        "period": "Q2",
        "revenue": 320231000,
        "costOfRevenue": 245072000,
        "grossProfit": 75159000,
        "grossProfitRatio": 0.2347024492,
        "researchAndDevelopmentExpenses": 2934000,
        "generalAndAdministrativeExpenses": 32656000,
        "sellingAndMarketingExpenses": 0,
        "sellingGeneralAndAdministrativeExpenses": 32656000,
        "otherExpenses": 0,
        "operatingExpenses": 35590000,
        "costAndExpenses": 280662000,
        "interestIncome": 115000,
        "interestExpense": 4584000,
        "depreciationAndAmortization": 20542000,
        "ebitda": 60422000,
        "ebitdaratio": 0.1886825448,
        "operatingIncome": 39569000,
        "operatingIncomeRatio": 0.1235639273,
        "totalOtherIncomeExpensesNet": -4273000,
        "incomeBeforeTax": 35296000,
        "incomeBeforeTaxRatio": 0.1102204346,
        "incomeTaxExpense": 6727000,
        "netIncome": 28569000,
        "netIncomeRatio": 0.0892137238,
        "eps": 0.2,
        "epsdiluted": 0.2,
        "weightedAverageShsOut": 145166000,
        "weightedAverageShsOutDil": 145964000,
        "link": "https://www.sec.gov/Archives/edgar/data/931148/000119312511200875/0001193125-11-200875-index.htm",
        "finalLink": "https://www.sec.gov/Archives/edgar/data/931148/000119312511200875/d10q.htm"
    },
    {
        "date": "2011-03-31",
        "symbol": "EAF",
        "reportedCurrency": "USD",
        "cik": "0000931148",
        "fillingDate": "2011-04-27",
        "acceptedDate": "2011-04-27 16:31:42",
        "calendarYear": "2011",
        "period": "Q1",
        "revenue": 306137000,
        "costOfRevenue": 233202000,
        "grossProfit": 72935000,
        "grossProfitRatio": 0.2382430088,
        "researchAndDevelopmentExpenses": 3070000,
        "generalAndAdministrativeExpenses": 32219000,
        "sellingAndMarketingExpenses": 0,
        "sellingGeneralAndAdministrativeExpenses": 32219000,
        "otherExpenses": 0,
        "operatingExpenses": 35289000,
        "costAndExpenses": 268491000,
        "interestIncome": 129000,
        "interestExpense": 4404000,
        "depreciationAndAmortization": 19779000,
        "ebitda": 57545000,
        "ebitdaratio": 0.1879713984,
        "operatingIncome": 37646000,
        "operatingIncomeRatio": 0.1229710881,
        "totalOtherIncomeExpensesNet": -4284000,
        "incomeBeforeTax": 33362000,
        "incomeBeforeTaxRatio": 0.1089773533,
        "incomeTaxExpense": 6099000,
        "netIncome": 27263000,
        "netIncomeRatio": 0.0890549003,
        "eps": 0.19,
        "epsdiluted": 0.19,
        "weightedAverageShsOut": 145098000,
        "weightedAverageShsOutDil": 145822000,
        "link": "https://www.sec.gov/Archives/edgar/data/931148/000119312511112004/0001193125-11-112004-index.htm",
        "finalLink": "https://www.sec.gov/Archives/edgar/data/931148/000119312511112004/d10q.htm"
    },
    {
        "date": "2010-12-31",
        "symbol": "EAF",
        "reportedCurrency": "USD",
        "cik": "0000931148",
        "fillingDate": "2011-02-25",
        "acceptedDate": "2011-02-24 17:38:08",
        "calendarYear": "2010",
        "period": "Q4",
        "revenue": 281239000,
        "costOfRevenue": 209745000,
        "grossProfit": 71494000,
        "grossProfitRatio": 0.2542108314,
        "researchAndDevelopmentExpenses": 3069000,
        "generalAndAdministrativeExpenses": 32432000,
        "sellingAndMarketingExpenses": 0,
        "sellingGeneralAndAdministrativeExpenses": 32432000,
        "otherExpenses": 0,
        "operatingExpenses": 35501000,
        "costAndExpenses": 245246000,
        "interestIncome": 105000,
        "interestExpense": 2013000,
        "depreciationAndAmortization": 13489000,
        "ebitda": 64785000,
        "ebitdaratio": 0.2303556761,
        "operatingIncome": 35993000,
        "operatingIncomeRatio": 0.1279801166,
        "totalOtherIncomeExpensesNet": 13290000,
        "incomeBeforeTax": 49283000,
        "incomeBeforeTaxRatio": 0.1752352981,
        "incomeTaxExpense": -28323000,
        "netIncome": 77606000,
        "netIncomeRatio": 0.2759432369,
        "eps": 0.53,
        "epsdiluted": 0.53,
        "weightedAverageShsOut": 145098000,
        "weightedAverageShsOutDil": 145098000,
        "link": "https://www.sec.gov/Archives/edgar/data/931148/000119312511045614/0001193125-11-045614-index.htm",
        "finalLink": "https://www.sec.gov/Archives/edgar/data/931148/000119312511045614/d10k.htm"
    },
    {
        "date": "2010-09-30",
        "symbol": "EAF",
        "reportedCurrency": "USD",
        "cik": "0000931148",
        "fillingDate": "2010-10-28",
        "acceptedDate": "2010-10-28 16:34:46",
        "calendarYear": "2010",
        "period": "Q3",
        "revenue": 255236000,
        "costOfRevenue": 180204000,
        "grossProfit": 75032000,
        "grossProfitRatio": 0.2939710699,
        "researchAndDevelopmentExpenses": 3535000,
        "generalAndAdministrativeExpenses": 30593000,
        "sellingAndMarketingExpenses": 0,
        "sellingGeneralAndAdministrativeExpenses": 30593000,
        "otherExpenses": 0,
        "operatingExpenses": 34128000,
        "costAndExpenses": 214332000,
        "interestIncome": 160000,
        "interestExpense": 861000,
        "depreciationAndAmortization": 10478000,
        "ebitda": 52958000,
        "ebitdaratio": 0.2074864047,
        "operatingIncome": 40904000,
        "operatingIncomeRatio": 0.1602595245,
        "totalOtherIncomeExpensesNet": -9396000,
        "incomeBeforeTax": 31508000,
        "incomeBeforeTaxRatio": 0.1234465358,
        "incomeTaxExpense": 6896000,
        "netIncome": 26037000,
        "netIncomeRatio": 0.1020114717,
        "eps": 0.22,
        "epsdiluted": 0.21,
        "weightedAverageShsOut": 120559000,
        "weightedAverageShsOutDil": 121355000,
        "link": "https://www.sec.gov/Archives/edgar/data/931148/000119312510239821/0001193125-10-239821-index.htm",
        "finalLink": "https://www.sec.gov/Archives/edgar/data/931148/000119312510239821/d10q.htm"
    },
    {
        "date": "2010-06-30",
        "symbol": "EAF",
        "reportedCurrency": "USD",
        "cik": "0000931148",
        "fillingDate": "2010-07-29",
        "acceptedDate": "2010-07-29 16:55:40",
        "calendarYear": "2010",
        "period": "Q2",
        "revenue": 254854000,
        "costOfRevenue": 180127000,
        "grossProfit": 74727000,
        "grossProfitRatio": 0.2932149387,
        "researchAndDevelopmentExpenses": 3191000,
        "generalAndAdministrativeExpenses": 32308000,
        "sellingAndMarketingExpenses": 0,
        "sellingGeneralAndAdministrativeExpenses": 32308000,
        "otherExpenses": 0,
        "operatingExpenses": 35499000,
        "costAndExpenses": 215626000,
        "interestIncome": 507000,
        "interestExpense": 1296000,
        "depreciationAndAmortization": 8613000,
        "ebitda": 41419000,
        "ebitdaratio": 0.1625205019,
        "operatingIncome": 39228000,
        "operatingIncomeRatio": 0.1539234228,
        "totalOtherIncomeExpensesNet": 9491000,
        "incomeBeforeTax": 48719000,
        "incomeBeforeTaxRatio": 0.1911643529,
        "incomeTaxExpense": 9397000,
        "netIncome": 40747000,
        "netIncomeRatio": 0.1598836981,
        "eps": 0.34,
        "epsdiluted": 0.34,
        "weightedAverageShsOut": 120340000,
        "weightedAverageShsOutDil": 121088000,
        "link": "https://www.sec.gov/Archives/edgar/data/931148/000119312510170802/0001193125-10-170802-index.htm",
        "finalLink": "https://www.sec.gov/Archives/edgar/data/931148/000119312510170802/d10q.htm"
    },
    {
        "date": "2010-03-31",
        "symbol": "EAF",
        "reportedCurrency": "USD",
        "cik": "0000931148",
        "fillingDate": "2010-04-29",
        "acceptedDate": "2010-04-29 16:17:48",
        "calendarYear": "2010",
        "period": "Q1",
        "revenue": 215664000,
        "costOfRevenue": 147561000,
        "grossProfit": 68103000,
        "grossProfitRatio": 0.3157828845,
        "researchAndDevelopmentExpenses": 2535000,
        "generalAndAdministrativeExpenses": 22511000,
        "sellingAndMarketingExpenses": 0,
        "sellingGeneralAndAdministrativeExpenses": 22511000,
        "otherExpenses": 0,
        "operatingExpenses": 25046000,
        "costAndExpenses": 172607000,
        "interestIncome": 561000,
        "interestExpense": 906000,
        "depreciationAndAmortization": 10084000,
        "ebitda": 52928000,
        "ebitdaratio": 0.2454187996,
        "operatingIncome": 43057000,
        "operatingIncomeRatio": 0.1996485273,
        "totalOtherIncomeExpensesNet": 571000,
        "incomeBeforeTax": 45197000,
        "incomeBeforeTaxRatio": 0.2095713703,
        "incomeTaxExpense": 11669000,
        "netIncome": 34953000,
        "netIncomeRatio": 0.1620715558,
        "eps": 0.29,
        "epsdiluted": 0.29,
        "weightedAverageShsOut": 120231000,
        "weightedAverageShsOutDil": 120957000,
        "link": "https://www.sec.gov/Archives/edgar/data/931148/000119312510099369/0001193125-10-099369-index.htm",
        "finalLink": "https://www.sec.gov/Archives/edgar/data/931148/000119312510099369/d10q.htm"
    },
    {
        "date": "2009-12-31",
        "symbol": "EAF",
        "reportedCurrency": "USD",
        "cik": "0000931148",
        "fillingDate": "2010-02-23",
        "acceptedDate": "2010-02-23 16:03:56",
        "calendarYear": "2009",
        "period": "Q4",
        "revenue": 202365000,
        "costOfRevenue": 135695000,
        "grossProfit": 66670000,
        "grossProfitRatio": 0.329454204,
        "researchAndDevelopmentExpenses": 2120000,
        "generalAndAdministrativeExpenses": 19006000,
        "sellingAndMarketingExpenses": 0,
        "sellingGeneralAndAdministrativeExpenses": 19006000,
        "otherExpenses": 32000,
        "operatingExpenses": 21126000,
        "costAndExpenses": 156821000,
        "interestIncome": 495000,
        "interestExpense": 1373000,
        "depreciationAndAmortization": 8832000,
        "ebitda": 60392000,
        "ebitdaratio": 0.2984310528,
        "operatingIncome": 45632000,
        "operatingIncomeRatio": 0.2254935389,
        "totalOtherIncomeExpensesNet": 4555000,
        "incomeBeforeTax": 50187000,
        "incomeBeforeTaxRatio": 0.248002372,
        "incomeTaxExpense": 15879000,
        "netIncome": 34308000,
        "netIncomeRatio": 0.1695352457,
        "eps": 0.29,
        "epsdiluted": 0.29,
        "weightedAverageShsOut": 120040000,
        "weightedAverageShsOutDil": 120231000,
        "link": "https://www.sec.gov/Archives/edgar/data/931148/000119312510037566/0001193125-10-037566-index.htm",
        "finalLink": "https://www.sec.gov/Archives/edgar/data/931148/000119312510037566/d10k.htm"
    },
    {
        "date": "2009-09-30",
        "symbol": "EAF",
        "reportedCurrency": "USD",
        "cik": "0000931148",
        "fillingDate": "2009-10-29",
        "acceptedDate": "2009-10-29 16:20:20",
        "calendarYear": "2009",
        "period": "Q3",
        "revenue": 164879000,
        "costOfRevenue": 118226000,
        "grossProfit": 46653000,
        "grossProfitRatio": 0.2829529534,
        "researchAndDevelopmentExpenses": 2871000,
        "generalAndAdministrativeExpenses": 18589000,
        "sellingAndMarketingExpenses": 0,
        "sellingGeneralAndAdministrativeExpenses": 18589000,
        "otherExpenses": 0,
        "operatingExpenses": 21460000,
        "costAndExpenses": 139686000,
        "interestIncome": 251000,
        "interestExpense": 1168000,
        "depreciationAndAmortization": 7703000,
        "ebitda": 32194000,
        "ebitdaratio": 0.195258341,
        "operatingIncome": 25073000,
        "operatingIncomeRatio": 0.1520690931,
        "totalOtherIncomeExpensesNet": -12580000,
        "incomeBeforeTax": 12493000,
        "incomeBeforeTaxRatio": 0.0757707167,
        "incomeTaxExpense": 5629000,
        "netIncome": 6864000,
        "netIncomeRatio": 0.0416305291,
        "eps": 0.06,
        "epsdiluted": 0.06,
        "weightedAverageShsOut": 119928000,
        "weightedAverageShsOutDil": 120716000,
        "link": "https://www.sec.gov/Archives/edgar/data/931148/000119312509217463/0001193125-09-217463-index.htm",
        "finalLink": "https://www.sec.gov/Archives/edgar/data/931148/000119312509217463/d10q.htm"
    },
    {
        "date": "2009-06-30",
        "symbol": "EAF",
        "reportedCurrency": "USD",
        "cik": "0000931148",
        "fillingDate": "2009-07-31",
        "acceptedDate": "2009-07-31 08:22:34",
        "calendarYear": "2009",
        "period": "Q2",
        "revenue": 157774000,
        "costOfRevenue": 112086000,
        "grossProfit": 45688000,
        "grossProfitRatio": 0.2895787646,
        "researchAndDevelopmentExpenses": 3109000,
        "generalAndAdministrativeExpenses": 23095000,
        "sellingAndMarketingExpenses": 0,
        "sellingGeneralAndAdministrativeExpenses": 23095000,
        "otherExpenses": 0,
        "operatingExpenses": 26204000,
        "costAndExpenses": 138290000,
        "interestIncome": 184000,
        "interestExpense": 1421000,
        "depreciationAndAmortization": 8174000,
        "ebitda": 19484000,
        "ebitdaratio": 0.1234930977,
        "operatingIncome": 19484000,
        "operatingIncomeRatio": 0.1234930977,
        "totalOtherIncomeExpensesNet": -59109000,
        "incomeBeforeTax": -39625000,
        "incomeBeforeTaxRatio": -0.2511503797,
        "incomeTaxExpense": -2534000,
        "netIncome": -37091000,
        "netIncomeRatio": -0.2350894317,
        "eps": -0.31,
        "epsdiluted": -0.31,
        "weightedAverageShsOut": 119893000,
        "weightedAverageShsOutDil": 119893000,
        "link": "https://www.sec.gov/Archives/edgar/data/931148/000119312509160240/0001193125-09-160240-index.htm",
        "finalLink": "https://www.sec.gov/Archives/edgar/data/931148/000119312509160240/d10q.htm"
    },
    {
        "date": "2009-03-31",
        "symbol": "EAF",
        "reportedCurrency": "USD",
        "cik": "0000931148",
        "fillingDate": "2009-04-30",
        "acceptedDate": "2009-04-30 17:20:04",
        "calendarYear": "2009",
        "period": "Q1",
        "revenue": 134026000,
        "costOfRevenue": 101932000,
        "grossProfit": 32094000,
        "grossProfitRatio": 0.2394610001,
        "researchAndDevelopmentExpenses": 2068000,
        "generalAndAdministrativeExpenses": 21635000,
        "sellingAndMarketingExpenses": 0,
        "sellingGeneralAndAdministrativeExpenses": 21635000,
        "otherExpenses": -32000,
        "operatingExpenses": 23671000,
        "costAndExpenses": 125603000,
        "interestIncome": 117000,
        "interestExpense": 1647000,
        "depreciationAndAmortization": 8028000,
        "ebitda": 23314000,
        "ebitdaratio": 0.1739513229,
        "operatingIncome": 8423000,
        "operatingIncomeRatio": 0.062846015,
        "totalOtherIncomeExpensesNet": 5216000,
        "incomeBeforeTax": 13639000,
        "incomeBeforeTaxRatio": 0.1017638369,
        "incomeTaxExpense": 5170000,
        "netIncome": 8469000,
        "netIncomeRatio": 0.0631892319,
        "eps": 0.07,
        "epsdiluted": 0.07,
        "weightedAverageShsOut": 118956000,
        "weightedAverageShsOutDil": 119245000,
        "link": "https://www.sec.gov/Archives/edgar/data/931148/000119312509094695/0001193125-09-094695-index.htm",
        "finalLink": "https://www.sec.gov/Archives/edgar/data/931148/000119312509094695/d10q.htm"
    },
    {
        "date": "2008-12-31",
        "symbol": "EAF",
        "reportedCurrency": "USD",
        "cik": "0000931148",
        "fillingDate": "2009-02-27",
        "acceptedDate": "2009-02-27 15:11:41",
        "calendarYear": "2008",
        "period": "Q4",
        "revenue": 264950000,
        "costOfRevenue": 167569000,
        "grossProfit": 97381000,
        "grossProfitRatio": 0.3675448198,
        "researchAndDevelopmentExpenses": 2407000,
        "generalAndAdministrativeExpenses": 24724000,
        "sellingAndMarketingExpenses": 0,
        "sellingGeneralAndAdministrativeExpenses": 24724000,
        "otherExpenses": 0,
        "operatingExpenses": 27131000,
        "costAndExpenses": 194700000,
        "interestIncome": 0,
        "interestExpense": 15393000,
        "depreciationAndAmortization": 8679000,
        "ebitda": 27823000,
        "ebitdaratio": 0.1050122665,
        "operatingIncome": 70250000,
        "operatingIncomeRatio": 0.2651443669,
        "totalOtherIncomeExpensesNet": -42934000,
        "incomeBeforeTax": 27316000,
        "incomeBeforeTaxRatio": 0.1030986979,
        "incomeTaxExpense": -7261000,
        "netIncome": 34577000,
        "netIncomeRatio": 0.1305038687,
        "eps": 0.29,
        "epsdiluted": 0.29,
        "weightedAverageShsOut": 118599688,
        "weightedAverageShsOutDil": 118956000,
        "link": "https://www.sec.gov/Archives/edgar/data/931148/000119312509040803/0001193125-09-040803-index.htm",
        "finalLink": "https://www.sec.gov/Archives/edgar/data/931148/000119312509040803/d10k.htm"
    },
    {
        "date": "2008-09-30",
        "symbol": "EAF",
        "reportedCurrency": "USD",
        "cik": "0000931148",
        "fillingDate": "2008-11-04",
        "acceptedDate": "2008-11-04 12:48:52",
        "calendarYear": "2008",
        "period": "Q3",
        "revenue": 315748000,
        "costOfRevenue": 201795000,
        "grossProfit": 113953000,
        "grossProfitRatio": 0.3608985647,
        "researchAndDevelopmentExpenses": 2479000,
        "generalAndAdministrativeExpenses": 24754000,
        "sellingAndMarketingExpenses": 0,
        "sellingGeneralAndAdministrativeExpenses": 24754000,
        "otherExpenses": 0,
        "operatingExpenses": 27233000,
        "costAndExpenses": 229028000,
        "interestIncome": 204000,
        "interestExpense": 3427000,
        "depreciationAndAmortization": 9332000,
        "ebitda": 79140000,
        "ebitdaratio": 0.2506429178,
        "operatingIncome": 86713000,
        "operatingIncomeRatio": 0.2746272344,
        "totalOtherIncomeExpensesNet": 13696000,
        "incomeBeforeTax": 100409000,
        "incomeBeforeTaxRatio": 0.3180035978,
        "incomeTaxExpense": 17009000,
        "netIncome": 83400000,
        "netIncomeRatio": 0.2641346897,
        "eps": 0.7,
        "epsdiluted": 0.7,
        "weightedAverageShsOut": 118764000,
        "weightedAverageShsOutDil": 119965000,
        "link": "https://www.sec.gov/Archives/edgar/data/931148/000119312508224050/0001193125-08-224050-index.htm",
        "finalLink": "https://www.sec.gov/Archives/edgar/data/931148/000119312508224050/d10q.htm"
    },
    {
        "date": "2008-06-30",
        "symbol": "EAF",
        "reportedCurrency": "USD",
        "cik": "0000931148",
        "fillingDate": "2008-07-29",
        "acceptedDate": "2008-07-29 17:17:27",
        "calendarYear": "2008",
        "period": "Q2",
        "revenue": 319538000,
        "costOfRevenue": 205188000,
        "grossProfit": 114350000,
        "grossProfitRatio": 0.357860411,
        "researchAndDevelopmentExpenses": 1835000,
        "generalAndAdministrativeExpenses": 23688000,
        "sellingAndMarketingExpenses": 0,
        "sellingGeneralAndAdministrativeExpenses": 23688000,
        "otherExpenses": 0,
        "operatingExpenses": 25523000,
        "costAndExpenses": 230711000,
        "interestIncome": 0,
        "interestExpense": 0,
        "depreciationAndAmortization": 8858000,
        "ebitda": 97685000,
        "ebitdaratio": 0.3057069895,
        "operatingIncome": 88637000,
        "operatingIncomeRatio": 0.2773911084,
        "totalOtherIncomeExpensesNet": -10563000,
        "incomeBeforeTax": 78074000,
        "incomeBeforeTaxRatio": 0.2443340072,
        "incomeTaxExpense": 24382000,
        "netIncome": 53692000,
        "netIncomeRatio": 0.1680300934,
        "eps": 0.51,
        "epsdiluted": 0.46,
        "weightedAverageShsOut": 106050000,
        "weightedAverageShsOutDil": 119521000,
        "link": "https://www.sec.gov/Archives/edgar/data/931148/000119312508160341/0001193125-08-160341-index.htm",
        "finalLink": "https://www.sec.gov/Archives/edgar/data/931148/000119312508160341/d10q.htm"
    },
    {
        "date": "2008-03-31",
        "symbol": "EAF",
        "reportedCurrency": "USD",
        "cik": "0000931148",
        "fillingDate": "2008-05-01",
        "acceptedDate": "2008-05-01 12:39:41",
        "calendarYear": "2008",
        "period": "Q1",
        "revenue": 290002000,
        "costOfRevenue": 181901000,
        "grossProfit": 108101000,
        "grossProfitRatio": 0.3727594982,
        "researchAndDevelopmentExpenses": 2265000,
        "generalAndAdministrativeExpenses": 22591000,
        "sellingAndMarketingExpenses": 0,
        "sellingGeneralAndAdministrativeExpenses": 22591000,
        "otherExpenses": 0,
        "operatingExpenses": 24856000,
        "costAndExpenses": 206757000,
        "interestIncome": 0,
        "interestExpense": 0,
        "depreciationAndAmortization": 8558000,
        "ebitda": 91803000,
        "ebitdaratio": 0.3165598858,
        "operatingIncome": 83093000,
        "operatingIncomeRatio": 0.2865256102,
        "totalOtherIncomeExpensesNet": -26349000,
        "incomeBeforeTax": 56744000,
        "incomeBeforeTaxRatio": 0.1956676161,
        "incomeTaxExpense": 18096000,
        "netIncome": 38648000,
        "netIncomeRatio": 0.1332680464,
        "eps": 0.38,
        "epsdiluted": 0.34,
        "weightedAverageShsOut": 102274000,
        "weightedAverageShsOutDil": 117599000,
        "link": "https://www.sec.gov/Archives/edgar/data/931148/000119312508098736/0001193125-08-098736-index.htm",
        "finalLink": "https://www.sec.gov/Archives/edgar/data/931148/000119312508098736/d10q.htm"
    },
    {
        "date": "2007-12-31",
        "symbol": "EAF",
        "reportedCurrency": "USD",
        "cik": "0000931148",
        "fillingDate": "2008-02-29",
        "acceptedDate": "2008-02-29 17:03:58",
        "calendarYear": "2007",
        "period": "Q4",
        "revenue": 269430000,
        "costOfRevenue": 188070000,
        "grossProfit": 81360000,
        "grossProfitRatio": 0.3019708273,
        "researchAndDevelopmentExpenses": 2147000,
        "generalAndAdministrativeExpenses": 22080000,
        "sellingAndMarketingExpenses": 0,
        "sellingGeneralAndAdministrativeExpenses": 22080000,
        "otherExpenses": 0,
        "operatingExpenses": 24227000,
        "costAndExpenses": 212297000,
        "interestIncome": 0,
        "interestExpense": 35949000,
        "depreciationAndAmortization": 13521000,
        "ebitda": 70654000,
        "ebitdaratio": 0.2622350889,
        "operatingIncome": 56570000,
        "operatingIncomeRatio": 0.2099617711,
        "totalOtherIncomeExpensesNet": 65982000,
        "incomeBeforeTax": 48085000,
        "incomeBeforeTaxRatio": 0.1784693612,
        "incomeTaxExpense": 8892000,
        "netIncome": 39970000,
        "netIncomeRatio": 0.1483502208,
        "eps": 0.39,
        "epsdiluted": 0.39,
        "weightedAverageShsOut": 102078680,
        "weightedAverageShsOutDil": 102274000,
        "link": "https://www.sec.gov/Archives/edgar/data/931148/000119312508043866/0001193125-08-043866-index.htm",
        "finalLink": "https://www.sec.gov/Archives/edgar/data/931148/000119312508043866/d10k.htm"
    },
    {
        "date": "2007-09-30",
        "symbol": "EAF",
        "reportedCurrency": "USD",
        "cik": "0000931148",
        "fillingDate": "2007-11-01",
        "acceptedDate": "2007-11-01 16:30:22",
        "calendarYear": "2007",
        "period": "Q3",
        "revenue": 251268000,
        "costOfRevenue": 171870000,
        "grossProfit": 79398000,
        "grossProfitRatio": 0.3159893023,
        "researchAndDevelopmentExpenses": 2124000,
        "generalAndAdministrativeExpenses": 20617000,
        "sellingAndMarketingExpenses": 0,
        "sellingGeneralAndAdministrativeExpenses": 20617000,
        "otherExpenses": 0,
        "operatingExpenses": 22741000,
        "costAndExpenses": 194611000,
        "interestIncome": 0,
        "interestExpense": 0,
        "depreciationAndAmortization": 9282000,
        "ebitda": 65939000,
        "ebitdaratio": 0.2624249805,
        "operatingIncome": 56597000,
        "operatingIncomeRatio": 0.2252455545,
        "totalOtherIncomeExpensesNet": -9626000,
        "incomeBeforeTax": 46971000,
        "incomeBeforeTaxRatio": 0.1869358613,
        "incomeTaxExpense": 13530000,
        "netIncome": 33433000,
        "netIncomeRatio": 0.1330571342,
        "eps": 0.33,
        "epsdiluted": 0.3,
        "weightedAverageShsOut": 101344000,
        "weightedAverageShsOutDil": 117392000,
        "link": "https://www.sec.gov/Archives/edgar/data/931148/000119312507232551/0001193125-07-232551-index.htm",
        "finalLink": "https://www.sec.gov/Archives/edgar/data/931148/000119312507232551/d10q.htm"
    },
    {
        "date": "2007-06-30",
        "symbol": "EAF",
        "reportedCurrency": "USD",
        "cik": "0000931148",
        "fillingDate": "2007-08-03",
        "acceptedDate": "2007-08-03 17:08:23",
        "calendarYear": "2007",
        "period": "Q2",
        "revenue": 255889000,
        "costOfRevenue": 161943000,
        "grossProfit": 93946000,
        "grossProfitRatio": 0.3671357503,
        "researchAndDevelopmentExpenses": 2045000,
        "generalAndAdministrativeExpenses": 25462000,
        "sellingAndMarketingExpenses": 0,
        "sellingGeneralAndAdministrativeExpenses": 25462000,
        "otherExpenses": 0,
        "operatingExpenses": 27507000,
        "costAndExpenses": 189450000,
        "interestIncome": 0,
        "interestExpense": 0,
        "depreciationAndAmortization": 8328000,
        "ebitda": 73521000,
        "ebitdaratio": 0.2873159847,
        "operatingIncome": 66577000,
        "operatingIncomeRatio": 0.2601792183,
        "totalOtherIncomeExpensesNet": 13771000,
        "incomeBeforeTax": 80348000,
        "incomeBeforeTaxRatio": 0.3139955215,
        "incomeTaxExpense": 15376000,
        "netIncome": 64970000,
        "netIncomeRatio": 0.2538991516,
        "eps": 0.65,
        "epsdiluted": 0.57,
        "weightedAverageShsOut": 99759000,
        "weightedAverageShsOutDil": 116549000,
        "link": "https://www.sec.gov/Archives/edgar/data/931148/000119312507170801/0001193125-07-170801-index.htm",
        "finalLink": "https://www.sec.gov/Archives/edgar/data/931148/000119312507170801/d10q.htm"
    },
    {
        "date": "2007-03-31",
        "symbol": "EAF",
        "reportedCurrency": "USD",
        "cik": "0000931148",
        "fillingDate": "2007-05-10",
        "acceptedDate": "2007-05-10 17:27:51",
        "calendarYear": "2007",
        "period": "Q1",
        "revenue": 228231000,
        "costOfRevenue": 151949000,
        "grossProfit": 76282000,
        "grossProfitRatio": 0.3342315461,
        "researchAndDevelopmentExpenses": 2234000,
        "generalAndAdministrativeExpenses": 22308000,
        "sellingAndMarketingExpenses": 0,
        "sellingGeneralAndAdministrativeExpenses": 22308000,
        "otherExpenses": 0,
        "operatingExpenses": 24542000,
        "costAndExpenses": 176491000,
        "interestIncome": 0,
        "interestExpense": 0,
        "depreciationAndAmortization": 7874000,
        "ebitda": 59614000,
        "ebitdaratio": 0.2612002752,
        "operatingIncome": 50856000,
        "operatingIncomeRatio": 0.2228268728,
        "totalOtherIncomeExpensesNet": -21849000,
        "incomeBeforeTax": 29007000,
        "incomeBeforeTaxRatio": 0.127094917,
        "incomeTaxExpense": 10530000,
        "netIncome": 17855000,
        "netIncomeRatio": 0.078232142,
        "eps": 0.16,
        "epsdiluted": 0.15,
        "weightedAverageShsOut": 98624000,
        "weightedAverageShsOutDil": 113606000,
        "link": "https://www.sec.gov/Archives/edgar/data/931148/000119312507110511/0001193125-07-110511-index.htm",
        "finalLink": "https://www.sec.gov/Archives/edgar/data/931148/000119312507110511/d10q.htm"
    },
    {
        "date": "2006-12-31",
        "symbol": "EAF",
        "reportedCurrency": "USD",
        "cik": "0000931148",
        "fillingDate": "2007-03-16",
        "acceptedDate": "2007-03-16 16:35:41",
        "calendarYear": "2006",
        "period": "Q4",
        "revenue": 145488000,
        "costOfRevenue": 89149000,
        "grossProfit": 56339000,
        "grossProfitRatio": 0.3872415594,
        "researchAndDevelopmentExpenses": 809000,
        "generalAndAdministrativeExpenses": 21088000,
        "sellingAndMarketingExpenses": 0,
        "sellingGeneralAndAdministrativeExpenses": 21088000,
        "otherExpenses": 0,
        "operatingExpenses": 21897000,
        "costAndExpenses": 111046000,
        "interestIncome": 0,
        "interestExpense": 46524000,
        "depreciationAndAmortization": 9174000,
        "ebitda": 43616000,
        "ebitdaratio": 0.2997910481,
        "operatingIncome": 34156000,
        "operatingIncomeRatio": 0.2347685032,
        "totalOtherIncomeExpensesNet": 1954000,
        "incomeBeforeTax": 36110000,
        "incomeBeforeTaxRatio": 0.2481991642,
        "incomeTaxExpense": 7796000,
        "netIncome": 77280000,
        "netIncomeRatio": 0.5311778291,
        "eps": 0.78,
        "epsdiluted": 0.78,
        "weightedAverageShsOut": 98624000,
        "weightedAverageShsOutDil": 98624000,
        "link": "https://www.sec.gov/Archives/edgar/data/931148/000119312507057168/0001193125-07-057168-index.htm",
        "finalLink": "https://www.sec.gov/Archives/edgar/data/931148/000119312507057168/d10k.htm"
    },
    {
        "date": "2006-09-30",
        "symbol": "EAF",
        "reportedCurrency": "USD",
        "cik": "0000931148",
        "fillingDate": "2006-11-07",
        "acceptedDate": "2006-11-07 16:29:14",
        "calendarYear": "2006",
        "period": "Q3",
        "revenue": 246590000,
        "costOfRevenue": 175748000,
        "grossProfit": 70842000,
        "grossProfitRatio": 0.2872865891,
        "researchAndDevelopmentExpenses": 3272000,
        "generalAndAdministrativeExpenses": 29661000,
        "sellingAndMarketingExpenses": 0,
        "sellingGeneralAndAdministrativeExpenses": 29661000,
        "otherExpenses": 0,
        "operatingExpenses": 32933000,
        "costAndExpenses": 208681000,
        "interestIncome": 0,
        "interestExpense": 0,
        "depreciationAndAmortization": 9458000,
        "ebitda": 45226000,
        "ebitdaratio": 0.1834056531,
        "operatingIncome": 35471000,
        "operatingIncomeRatio": 0.1438460603,
        "totalOtherIncomeExpensesNet": -16623000,
        "incomeBeforeTax": 17828000,
        "incomeBeforeTaxRatio": 0.0722981467,
        "incomeTaxExpense": 8255000,
        "netIncome": 9789000,
        "netIncomeRatio": 0.0396974735,
        "eps": 0.1,
        "epsdiluted": 0.09,
        "weightedAverageShsOut": 98132000,
        "weightedAverageShsOutDil": 112294000,
        "link": "https://www.sec.gov/Archives/edgar/data/931148/000093244006000515/0000932440-06-000515-index.htm",
        "finalLink": "https://www.sec.gov/Archives/edgar/data/931148/000093244006000515/gti10q_3qtr-2006.htm"
    },
    {
        "date": "2006-06-30",
        "symbol": "EAF",
        "reportedCurrency": "USD",
        "cik": "0000931148",
        "fillingDate": "2006-08-04",
        "acceptedDate": "2006-08-03 19:07:10",
        "calendarYear": "2006",
        "period": "Q2",
        "revenue": 254767000,
        "costOfRevenue": 188531000,
        "grossProfit": 66236000,
        "grossProfitRatio": 0.259986576,
        "researchAndDevelopmentExpenses": 3384000,
        "generalAndAdministrativeExpenses": 26362000,
        "sellingAndMarketingExpenses": 0,
        "sellingGeneralAndAdministrativeExpenses": 26362000,
        "otherExpenses": 0,
        "operatingExpenses": 29746000,
        "costAndExpenses": 218277000,
        "interestIncome": 0,
        "interestExpense": 0,
        "depreciationAndAmortization": 11246000,
        "ebitda": 44849000,
        "ebitdaratio": 0.176039283,
        "operatingIncome": 33613000,
        "operatingIncomeRatio": 0.1319362398,
        "totalOtherIncomeExpensesNet": -16378000,
        "incomeBeforeTax": 16234000,
        "incomeBeforeTaxRatio": 0.0637209686,
        "incomeTaxExpense": 7548000,
        "netIncome": 8911000,
        "netIncomeRatio": 0.0349770575,
        "eps": 0.09,
        "epsdiluted": 0.09,
        "weightedAverageShsOut": 97981000,
        "weightedAverageShsOutDil": 112177000,
        "link": "https://www.sec.gov/Archives/edgar/data/931148/000093244006000390/0000932440-06-000390-index.htm",
        "finalLink": "https://www.sec.gov/Archives/edgar/data/931148/000093244006000390/gti10q_2qtr2006.htm"
    },
    {
        "date": "2006-03-31",
        "symbol": "EAF",
        "reportedCurrency": "USD",
        "cik": "0000931148",
        "fillingDate": "2006-05-09",
        "acceptedDate": "2006-05-09 17:07:37",
        "calendarYear": "2006",
        "period": "Q1",
        "revenue": 208588000,
        "costOfRevenue": 152657000,
        "grossProfit": 55931000,
        "grossProfitRatio": 0.2681410244,
        "researchAndDevelopmentExpenses": 3093000,
        "generalAndAdministrativeExpenses": 28041000,
        "sellingAndMarketingExpenses": 0,
        "sellingGeneralAndAdministrativeExpenses": 28041000,
        "otherExpenses": 0,
        "operatingExpenses": 31134000,
        "costAndExpenses": 183791000,
        "interestIncome": 0,
        "interestExpense": 0,
        "depreciationAndAmortization": 9246000,
        "ebitda": 31356000,
        "ebitdaratio": 0.1503250427,
        "operatingIncome": 21851000,
        "operatingIncomeRatio": 0.1047567454,
        "totalOtherIncomeExpensesNet": -22120000,
        "incomeBeforeTax": -955000,
        "incomeBeforeTaxRatio": -0.0045784034,
        "incomeTaxExpense": 3487000,
        "netIncome": -4646000,
        "netIncomeRatio": -0.0222735728,
        "eps": -0.0475,
        "epsdiluted": -0.0475,
        "weightedAverageShsOut": 97912000,
        "weightedAverageShsOutDil": 97912000,
        "link": "https://www.sec.gov/Archives/edgar/data/931148/000093244006000233/0000932440-06-000233-index.htm",
        "finalLink": "https://www.sec.gov/Archives/edgar/data/931148/000093244006000233/gti10q_1qtr2006.htm"
    },
    {
        "date": "2005-12-31",
        "symbol": "EAF",
        "reportedCurrency": "USD",
        "cik": "0000931148",
        "fillingDate": "2006-03-16",
        "acceptedDate": "2006-03-16 12:07:33",
        "calendarYear": "2005",
        "period": "Q4",
        "revenue": 246699000,
        "costOfRevenue": 178342000,
        "grossProfit": 68357000,
        "grossProfitRatio": 0.2770866522,
        "researchAndDevelopmentExpenses": 2437000,
        "generalAndAdministrativeExpenses": 26439000,
        "sellingAndMarketingExpenses": 0,
        "sellingGeneralAndAdministrativeExpenses": 26439000,
        "otherExpenses": 0,
        "operatingExpenses": 28876000,
        "costAndExpenses": 207218000,
        "interestIncome": 0,
        "interestExpense": 0,
        "depreciationAndAmortization": 8926000,
        "ebitda": 48407000,
        "ebitdaratio": 0.196218874,
        "operatingIncome": 29752000,
        "operatingIncomeRatio": 0.1206004078,
        "totalOtherIncomeExpensesNet": -21440000,
        "incomeBeforeTax": 8312000,
        "incomeBeforeTaxRatio": 0.0336928808,
        "incomeTaxExpense": 156813000,
        "netIncome": -148180000,
        "netIncomeRatio": -0.6006509957,
        "eps": -1.51,
        "epsdiluted": -1.51,
        "weightedAverageShsOut": 97912000,
        "weightedAverageShsOutDil": 97912000,
        "link": "https://www.sec.gov/Archives/edgar/data/931148/000093244006000126/0000932440-06-000126-index.htm",
        "finalLink": "https://www.sec.gov/Archives/edgar/data/931148/000093244006000126/gti_10k-2005.htm"
    },
    {
        "date": "2005-09-30",
        "symbol": "EAF",
        "reportedCurrency": "USD",
        "cik": "0000931148",
        "fillingDate": "2005-11-07",
        "acceptedDate": "2005-11-07 14:30:07",
        "calendarYear": "2005",
        "period": "Q3",
        "revenue": 209000000,
        "costOfRevenue": 151000000,
        "grossProfit": 58000000,
        "grossProfitRatio": 0.2775119617,
        "researchAndDevelopmentExpenses": 3000000,
        "generalAndAdministrativeExpenses": 23000000,
        "sellingAndMarketingExpenses": 0,
        "sellingGeneralAndAdministrativeExpenses": 23000000,
        "otherExpenses": 0,
        "operatingExpenses": 26000000,
        "costAndExpenses": 177000000,
        "interestIncome": 0,
        "interestExpense": 13000000,
        "depreciationAndAmortization": 10000000,
        "ebitda": 42063000,
        "ebitdaratio": 0.2012583732,
        "operatingIncome": 32000000,
        "operatingIncomeRatio": 0.1531100478,
        "totalOtherIncomeExpensesNet": -14653000,
        "incomeBeforeTax": 18000000,
        "incomeBeforeTaxRatio": 0.0861244019,
        "incomeTaxExpense": 2000000,
        "netIncome": 15607000,
        "netIncomeRatio": 0.0746746411,
        "eps": 0.16,
        "epsdiluted": 0.15,
        "weightedAverageShsOut": 97734000,
        "weightedAverageShsOutDil": 111524000,
        "link": "https://www.sec.gov/Archives/edgar/data/931148/000093244005000556/0000932440-05-000556-index.htm",
        "finalLink": "https://www.sec.gov/Archives/edgar/data/931148/000093244005000556/gti10q_3rdqtr2005.htm"
    },
    {
        "date": "2005-06-30",
        "symbol": "EAF",
        "reportedCurrency": "USD",
        "cik": "0000931148",
        "fillingDate": "2005-08-04",
        "acceptedDate": "2005-08-04 17:06:21",
        "calendarYear": "2005",
        "period": "Q2",
        "revenue": 220000000,
        "costOfRevenue": 163000000,
        "grossProfit": 57000000,
        "grossProfitRatio": 0.2590909091,
        "researchAndDevelopmentExpenses": 2000000,
        "generalAndAdministrativeExpenses": 25000000,
        "sellingAndMarketingExpenses": 0,
        "sellingGeneralAndAdministrativeExpenses": 25000000,
        "otherExpenses": 0,
        "operatingExpenses": 27000000,
        "costAndExpenses": 190000000,
        "interestIncome": 0,
        "interestExpense": 13000000,
        "depreciationAndAmortization": 9000000,
        "ebitda": 39432000,
        "ebitdaratio": 0.1792363636,
        "operatingIncome": 30000000,
        "operatingIncomeRatio": 0.1363636364,
        "totalOtherIncomeExpensesNet": -18990000,
        "incomeBeforeTax": 11000000,
        "incomeBeforeTaxRatio": 0.05,
        "incomeTaxExpense": 6000000,
        "netIncome": 5688000,
        "netIncomeRatio": 0.0258545455,
        "eps": 0.06,
        "epsdiluted": 0.06,
        "weightedAverageShsOut": 97644000,
        "weightedAverageShsOutDil": 97849000,
        "link": "https://www.sec.gov/Archives/edgar/data/931148/000093244005000403/0000932440-05-000403-index.htm",
        "finalLink": "https://www.sec.gov/Archives/edgar/data/931148/000093244005000403/gti_10q-2ndq05.htm"
    },
    {
        "date": "2005-03-31",
        "symbol": "EAF",
        "reportedCurrency": "USD",
        "cik": "0000931148",
        "fillingDate": "2005-05-10",
        "acceptedDate": "2005-05-10 17:22:47",
        "calendarYear": "2005",
        "period": "Q1",
        "revenue": 211000000,
        "costOfRevenue": 162000000,
        "grossProfit": 49000000,
        "grossProfitRatio": 0.2322274882,
        "researchAndDevelopmentExpenses": 2000000,
        "generalAndAdministrativeExpenses": 26000000,
        "sellingAndMarketingExpenses": 0,
        "sellingGeneralAndAdministrativeExpenses": 26000000,
        "otherExpenses": 0,
        "operatingExpenses": 28000000,
        "costAndExpenses": 190000000,
        "interestIncome": 0,
        "interestExpense": 12000000,
        "depreciationAndAmortization": 9000000,
        "ebitda": 21000000,
        "ebitdaratio": 0.0995260664,
        "operatingIncome": 21000000,
        "operatingIncomeRatio": 0.0995260664,
        "totalOtherIncomeExpensesNet": -18000000,
        "incomeBeforeTax": 3000000,
        "incomeBeforeTaxRatio": 0.0142180095,
        "incomeTaxExpense": 1000000,
        "netIncome": 2000000,
        "netIncomeRatio": 0.009478673,
        "eps": 0.02,
        "epsdiluted": 0.02,
        "weightedAverageShsOut": 97566000,
        "weightedAverageShsOutDil": 98038000,
        "link": "https://www.sec.gov/Archives/edgar/data/931148/000093244005000250/0000932440-05-000250-index.htm",
        "finalLink": "https://www.sec.gov/Archives/edgar/data/931148/000093244005000250/gti10q-mar31_05.htm"
    },
    {
        "date": "2004-12-31",
        "symbol": "EAF",
        "reportedCurrency": "USD",
        "cik": "0000931148",
        "fillingDate": "2005-03-16",
        "acceptedDate": "2005-03-16 16:08:24",
        "calendarYear": "2004",
        "period": "Q4",
        "revenue": 232000000,
        "costOfRevenue": 175000000,
        "grossProfit": 57000000,
        "grossProfitRatio": 0.2456896552,
        "researchAndDevelopmentExpenses": 2000000,
        "generalAndAdministrativeExpenses": 22000000,
        "sellingAndMarketingExpenses": 0,
        "sellingGeneralAndAdministrativeExpenses": 22000000,
        "otherExpenses": 0,
        "operatingExpenses": 24000000,
        "costAndExpenses": 199000000,
        "interestIncome": 0,
        "interestExpense": 39000000,
        "depreciationAndAmortization": 9000000,
        "ebitda": 44000000,
        "ebitdaratio": 0.1896551724,
        "operatingIncome": 34000000,
        "operatingIncomeRatio": 0.1465517241,
        "totalOtherIncomeExpensesNet": -15000000,
        "incomeBeforeTax": 19000000,
        "incomeBeforeTaxRatio": 0.0818965517,
        "incomeTaxExpense": 10000000,
        "netIncome": 9000000,
        "netIncomeRatio": 0.0387931034,
        "eps": 0.0922,
        "epsdiluted": 0.0922,
        "weightedAverageShsOut": 96224000,
        "weightedAverageShsOutDil": 97566000,
        "link": "https://www.sec.gov/Archives/edgar/data/931148/000093244005000115/0000932440-05-000115-index.htm",
        "finalLink": "https://www.sec.gov/Archives/edgar/data/931148/000093244005000115/gti_10k-march05.htm"
    },
    {
        "date": "2004-09-30",
        "symbol": "EAF",
        "reportedCurrency": "USD",
        "cik": "0000931148",
        "fillingDate": "2004-11-09",
        "acceptedDate": "2004-11-09 17:00:49",
        "calendarYear": "2004",
        "period": "Q3",
        "revenue": 206000000,
        "costOfRevenue": 152000000,
        "grossProfit": 54000000,
        "grossProfitRatio": 0.2621359223,
        "researchAndDevelopmentExpenses": 2000000,
        "generalAndAdministrativeExpenses": 25000000,
        "sellingAndMarketingExpenses": 0,
        "sellingGeneralAndAdministrativeExpenses": 25000000,
        "otherExpenses": 0,
        "operatingExpenses": 27000000,
        "costAndExpenses": 179000000,
        "interestIncome": 0,
        "interestExpense": 10000000,
        "depreciationAndAmortization": 9000000,
        "ebitda": 36000000,
        "ebitdaratio": 0.1747572816,
        "operatingIncome": 30000000,
        "operatingIncomeRatio": 0.145631068,
        "totalOtherIncomeExpensesNet": -9000000,
        "incomeBeforeTax": 22000000,
        "incomeBeforeTaxRatio": 0.1067961165,
        "incomeTaxExpense": 31000000,
        "netIncome": -10000000,
        "netIncomeRatio": -0.0485436893,
        "eps": -0.1,
        "epsdiluted": -0.1,
        "weightedAverageShsOut": 97428000,
        "weightedAverageShsOutDil": 97428000,
        "link": "https://www.sec.gov/Archives/edgar/data/931148/000093244004000415/0000932440-04-000415-index.htm",
        "finalLink": "https://www.sec.gov/Archives/edgar/data/931148/000093244004000415/gti_10q-sept3004.htm"
    },
    {
        "date": "2004-06-30",
        "symbol": "EAF",
        "reportedCurrency": "USD",
        "cik": "0000931148",
        "fillingDate": "2004-08-09",
        "acceptedDate": "2004-08-09 17:08:13",
        "calendarYear": "2004",
        "period": "Q2",
        "revenue": 213000000,
        "costOfRevenue": 159000000,
        "grossProfit": 54000000,
        "grossProfitRatio": 0.2535211268,
        "researchAndDevelopmentExpenses": 2000000,
        "generalAndAdministrativeExpenses": 22000000,
        "sellingAndMarketingExpenses": 0,
        "sellingGeneralAndAdministrativeExpenses": 22000000,
        "otherExpenses": 0,
        "operatingExpenses": 24000000,
        "costAndExpenses": 183000000,
        "interestIncome": 0,
        "interestExpense": 10000000,
        "depreciationAndAmortization": 8000000,
        "ebitda": 38000000,
        "ebitdaratio": 0.1784037559,
        "operatingIncome": 27000000,
        "operatingIncomeRatio": 0.1267605634,
        "totalOtherIncomeExpensesNet": -5000000,
        "incomeBeforeTax": 22000000,
        "incomeBeforeTaxRatio": 0.103286385,
        "incomeTaxExpense": 4000000,
        "netIncome": 18000000,
        "netIncomeRatio": 0.0845070423,
        "eps": 0.18,
        "epsdiluted": 0.16,
        "weightedAverageShsOut": 97375000,
        "weightedAverageShsOutDil": 112416000,
        "link": "https://www.sec.gov/Archives/edgar/data/931148/000093244004000309/0000932440-04-000309-index.htm",
        "finalLink": "https://www.sec.gov/Archives/edgar/data/931148/000093244004000309/gti_10q-june04.htm"
    },
    {
        "date": "2004-03-31",
        "symbol": "EAF",
        "reportedCurrency": "USD",
        "cik": "0000931148",
        "fillingDate": "2004-05-10",
        "acceptedDate": "2004-05-10 16:59:02",
        "calendarYear": "2004",
        "period": "Q1",
        "revenue": 197000000,
        "costOfRevenue": 152000000,
        "grossProfit": 45000000,
        "grossProfitRatio": 0.2284263959,
        "researchAndDevelopmentExpenses": 2000000,
        "generalAndAdministrativeExpenses": 21000000,
        "sellingAndMarketingExpenses": 0,
        "sellingGeneralAndAdministrativeExpenses": 21000000,
        "otherExpenses": 0,
        "operatingExpenses": 23000000,
        "costAndExpenses": 175000000,
        "interestIncome": 0,
        "interestExpense": 7000000,
        "depreciationAndAmortization": 9000000,
        "ebitda": 22000000,
        "ebitdaratio": 0.1116751269,
        "operatingIncome": 21000000,
        "operatingIncomeRatio": 0.1065989848,
        "totalOtherIncomeExpensesNet": -20000000,
        "incomeBeforeTax": 1000000,
        "incomeBeforeTaxRatio": 0.0050761421,
        "incomeTaxExpense": 1000000,
        "netIncome": 0,
        "netIncomeRatio": 0,
        "eps": 0,
        "epsdiluted": 0,
        "weightedAverageShsOut": 93866000,
        "weightedAverageShsOutDil": 93866000,
        "link": "https://www.sec.gov/Archives/edgar/data/931148/000093244004000199/0000932440-04-000199-index.htm",
        "finalLink": "https://www.sec.gov/Archives/edgar/data/931148/000093244004000199/gti_10q1st04.htm"
    },
    {
        "date": "2003-12-31",
        "symbol": "EAF",
        "reportedCurrency": "USD",
        "cik": "0000931148",
        "fillingDate": "2004-03-15",
        "acceptedDate": "2004-03-15 17:05:34",
        "calendarYear": "2003",
        "period": "Q4",
        "revenue": 188000000,
        "costOfRevenue": 143000000,
        "grossProfit": 45000000,
        "grossProfitRatio": 0.2393617021,
        "researchAndDevelopmentExpenses": 3000000,
        "generalAndAdministrativeExpenses": 22000000,
        "sellingAndMarketingExpenses": 0,
        "sellingGeneralAndAdministrativeExpenses": 22000000,
        "otherExpenses": 0,
        "operatingExpenses": 25000000,
        "costAndExpenses": 168000000,
        "interestIncome": 0,
        "interestExpense": 45000000,
        "depreciationAndAmortization": 9000000,
        "ebitda": 29000000,
        "ebitdaratio": 0.1542553191,
        "operatingIncome": 20000000,
        "operatingIncomeRatio": 0.1063829787,
        "totalOtherIncomeExpensesNet": -46000000,
        "incomeBeforeTax": -26000000,
        "incomeBeforeTaxRatio": -0.1382978723,
        "incomeTaxExpense": 3000000,
        "netIncome": -28000000,
        "netIncomeRatio": -0.1489361702,
        "eps": -0.3,
        "epsdiluted": -0.3,
        "weightedAverageShsOut": 93866000,
        "weightedAverageShsOutDil": 93866000,
        "link": "https://www.sec.gov/Archives/edgar/data/931148/000093244004000093/0000932440-04-000093-index.htm",
        "finalLink": "https://www.sec.gov/Archives/edgar/data/931148/000093244004000093/gti_mar04-10k.htm"
    },
    {
        "date": "2003-09-30",
        "symbol": "EAF",
        "reportedCurrency": "USD",
        "cik": "0000931148",
        "fillingDate": "2003-11-14",
        "acceptedDate": "2003-11-14 16:26:50",
        "calendarYear": "2003",
        "period": "Q3",
        "revenue": 173000000,
        "costOfRevenue": 132000000,
        "grossProfit": 41000000,
        "grossProfitRatio": 0.2369942197,
        "researchAndDevelopmentExpenses": 3000000,
        "generalAndAdministrativeExpenses": 21000000,
        "sellingAndMarketingExpenses": 0,
        "sellingGeneralAndAdministrativeExpenses": 21000000,
        "otherExpenses": 0,
        "operatingExpenses": 24000000,
        "costAndExpenses": 156000000,
        "interestIncome": 0,
        "interestExpense": 9000000,
        "depreciationAndAmortization": 7000000,
        "ebitda": 24000000,
        "ebitdaratio": 0.1387283237,
        "operatingIncome": 17000000,
        "operatingIncomeRatio": 0.098265896,
        "totalOtherIncomeExpensesNet": -10000000,
        "incomeBeforeTax": 7000000,
        "incomeBeforeTaxRatio": 0.0404624277,
        "incomeTaxExpense": 1000000,
        "netIncome": 6000000,
        "netIncomeRatio": 0.0346820809,
        "eps": 0.09,
        "epsdiluted": 0.09,
        "weightedAverageShsOut": 65576000,
        "weightedAverageShsOutDil": 65803000,
        "link": "https://www.sec.gov/Archives/edgar/data/931148/000093244003000346/0000932440-03-000346-index.htm",
        "finalLink": "https://www.sec.gov/Archives/edgar/data/931148/000093244003000346/gti_nov03-10q.htm"
    },
    {
        "date": "2003-06-30",
        "symbol": "EAF",
        "reportedCurrency": "USD",
        "cik": "0000931148",
        "fillingDate": "2003-08-14",
        "acceptedDate": "2003-08-15 07:36:35",
        "calendarYear": "2003",
        "period": "Q2",
        "revenue": 181000000,
        "costOfRevenue": 138000000,
        "grossProfit": 43000000,
        "grossProfitRatio": 0.2375690608,
        "researchAndDevelopmentExpenses": 2000000,
        "generalAndAdministrativeExpenses": 21000000,
        "sellingAndMarketingExpenses": 0,
        "sellingGeneralAndAdministrativeExpenses": 21000000,
        "otherExpenses": 0,
        "operatingExpenses": 23000000,
        "costAndExpenses": 161000000,
        "interestIncome": 0,
        "interestExpense": 0,
        "depreciationAndAmortization": 8000000,
        "ebitda": 28000000,
        "ebitdaratio": 0.1546961326,
        "operatingIncome": 19000000,
        "operatingIncomeRatio": 0.1049723757,
        "totalOtherIncomeExpensesNet": -7000000,
        "incomeBeforeTax": 12000000,
        "incomeBeforeTaxRatio": 0.0662983425,
        "incomeTaxExpense": 5000000,
        "netIncome": 7000000,
        "netIncomeRatio": 0.0386740331,
        "eps": 0.12,
        "epsdiluted": 0.12,
        "weightedAverageShsOut": 57037000,
        "weightedAverageShsOutDil": 57040000,
        "link": "https://www.sec.gov/Archives/edgar/data/931148/000093244003000249/0000932440-03-000249-index.htm",
        "finalLink": "https://www.sec.gov/Archives/edgar/data/931148/000093244003000249/graftech_aug03form10q.txt"
    },
    {
        "date": "2003-03-31",
        "symbol": "EAF",
        "reportedCurrency": "USD",
        "cik": "0000931148",
        "fillingDate": "2003-05-15",
        "acceptedDate": "2003-05-15 14:57:53",
        "calendarYear": "2003",
        "period": "Q1",
        "revenue": 174000000,
        "costOfRevenue": 134000000,
        "grossProfit": 40000000,
        "grossProfitRatio": 0.2298850575,
        "researchAndDevelopmentExpenses": 3000000,
        "generalAndAdministrativeExpenses": 21000000,
        "sellingAndMarketingExpenses": 0,
        "sellingGeneralAndAdministrativeExpenses": 21000000,
        "otherExpenses": 0,
        "operatingExpenses": 24000000,
        "costAndExpenses": 158000000,
        "interestIncome": 0,
        "interestExpense": 0,
        "depreciationAndAmortization": 7000000,
        "ebitda": 22000000,
        "ebitdaratio": 0.1264367816,
        "operatingIncome": -3000000,
        "operatingIncomeRatio": -0.0172413793,
        "totalOtherIncomeExpensesNet": -11000000,
        "incomeBeforeTax": -13000000,
        "incomeBeforeTaxRatio": -0.0747126437,
        "incomeTaxExpense": -4000000,
        "netIncome": -9000000,
        "netIncomeRatio": -0.0517241379,
        "eps": -0.16,
        "epsdiluted": -0.16,
        "weightedAverageShsOut": 56621000,
        "weightedAverageShsOutDil": 56621000,
        "link": "https://www.sec.gov/Archives/edgar/data/931148/000093244003000176/0000932440-03-000176-index.htm",
        "finalLink": "https://www.sec.gov/Archives/edgar/data/931148/000093244003000176/gti10q_may03.txt"
    },
    {
        "date": "2002-12-31",
        "symbol": "EAF",
        "reportedCurrency": "USD",
        "cik": "0000931148",
        "fillingDate": "2003-03-31",
        "acceptedDate": "2003-03-31 17:00:37",
        "calendarYear": "2002",
        "period": "Q4",
        "revenue": 160000000,
        "costOfRevenue": 121000000,
        "grossProfit": 39000000,
        "grossProfitRatio": 0.24375,
        "researchAndDevelopmentExpenses": 4000000,
        "generalAndAdministrativeExpenses": 12000000,
        "sellingAndMarketingExpenses": 0,
        "sellingGeneralAndAdministrativeExpenses": 12000000,
        "otherExpenses": 0,
        "operatingExpenses": 16000000,
        "costAndExpenses": 137000000,
        "interestIncome": 0,
        "interestExpense": 0,
        "depreciationAndAmortization": 7000000,
        "ebitda": 40000000,
        "ebitdaratio": 0.25,
        "operatingIncome": 33000000,
        "operatingIncomeRatio": 0.20625,
        "totalOtherIncomeExpensesNet": -35000000,
        "incomeBeforeTax": -2000000,
        "incomeBeforeTaxRatio": -0.0125,
        "incomeTaxExpense": 0,
        "netIncome": -2000000,
        "netIncomeRatio": -0.0125,
        "eps": -0.0353,
        "epsdiluted": -0.0353,
        "weightedAverageShsOut": 56621000,
        "weightedAverageShsOutDil": 56621000,
        "link": "https://www.sec.gov/Archives/edgar/data/931148/000093244003000116/0000932440-03-000116-index.htm",
        "finalLink": "https://www.sec.gov/Archives/edgar/data/931148/000093244003000116/gti_2002k.txt"
    },
    {
        "date": "2002-09-30",
        "symbol": "EAF",
        "reportedCurrency": "USD",
        "cik": "0000931148",
        "fillingDate": "2002-11-14",
        "acceptedDate": "2002-11-14 17:46:49",
        "calendarYear": "2002",
        "period": "Q3",
        "revenue": 154000000,
        "costOfRevenue": 120000000,
        "grossProfit": 34000000,
        "grossProfitRatio": 0.2207792208,
        "researchAndDevelopmentExpenses": 3000000,
        "generalAndAdministrativeExpenses": 20000000,
        "sellingAndMarketingExpenses": 0,
        "sellingGeneralAndAdministrativeExpenses": 20000000,
        "otherExpenses": 0,
        "operatingExpenses": 23000000,
        "costAndExpenses": 143000000,
        "interestIncome": 0,
        "interestExpense": 0,
        "depreciationAndAmortization": 7000000,
        "ebitda": 18000000,
        "ebitdaratio": 0.1168831169,
        "operatingIncome": 10000000,
        "operatingIncomeRatio": 0.0649350649,
        "totalOtherIncomeExpensesNet": -17000000,
        "incomeBeforeTax": -7000000,
        "incomeBeforeTaxRatio": -0.0454545455,
        "incomeTaxExpense": -3000000,
        "netIncome": -5000000,
        "netIncomeRatio": -0.0324675325,
        "eps": -0.0894,
        "epsdiluted": -0.0894,
        "weightedAverageShsOut": 55925000,
        "weightedAverageShsOutDil": 55925000,
        "link": "https://www.sec.gov/Archives/edgar/data/931148/000093244002000445/0000932440-02-000445-index.htm",
        "finalLink": "https://www.sec.gov/Archives/edgar/data/931148/000093244002000445/graftechform10_q.txt"
    },
    {
        "date": "2002-06-30",
        "symbol": "EAF",
        "reportedCurrency": "USD",
        "cik": "0000931148",
        "fillingDate": "2002-08-14",
        "acceptedDate": "2002-08-14 18:08:27",
        "calendarYear": "2002",
        "period": "Q2",
        "revenue": 161000000,
        "costOfRevenue": 125000000,
        "grossProfit": 36000000,
        "grossProfitRatio": 0.2236024845,
        "researchAndDevelopmentExpenses": 3000000,
        "generalAndAdministrativeExpenses": 27000000,
        "sellingAndMarketingExpenses": 0,
        "sellingGeneralAndAdministrativeExpenses": 27000000,
        "otherExpenses": 0,
        "operatingExpenses": 30000000,
        "costAndExpenses": 155000000,
        "interestIncome": 0,
        "interestExpense": 0,
        "depreciationAndAmortization": 8000000,
        "ebitda": 16000000,
        "ebitdaratio": 0.099378882,
        "operatingIncome": -7000000,
        "operatingIncomeRatio": -0.0434782609,
        "totalOtherIncomeExpensesNet": -20000000,
        "incomeBeforeTax": -11000000,
        "incomeBeforeTaxRatio": -0.0683229814,
        "incomeTaxExpense": -5000000,
        "netIncome": -7000000,
        "netIncomeRatio": -0.0434782609,
        "eps": -0.13,
        "epsdiluted": -0.13,
        "weightedAverageShsOut": 55872000,
        "weightedAverageShsOutDil": 55872000,
        "link": "https://www.sec.gov/Archives/edgar/data/931148/000093244002000371/0000932440-02-000371-index.htm",
        "finalLink": "https://www.sec.gov/Archives/edgar/data/931148/000093244002000371/graftech10qaug02.txt"
    },
    {
        "date": "2002-03-31",
        "symbol": "EAF",
        "reportedCurrency": "USD",
        "cik": "0000931148",
        "fillingDate": "2002-05-14",
        "acceptedDate": "2002-05-13 21:45:46",
        "calendarYear": "2002",
        "period": "Q1",
        "revenue": 138000000,
        "costOfRevenue": 107000000,
        "grossProfit": 31000000,
        "grossProfitRatio": 0.2246376812,
        "researchAndDevelopmentExpenses": 3000000,
        "generalAndAdministrativeExpenses": 19000000,
        "sellingAndMarketingExpenses": 0,
        "sellingGeneralAndAdministrativeExpenses": 19000000,
        "otherExpenses": 2000000,
        "operatingExpenses": 24000000,
        "costAndExpenses": 131000000,
        "interestIncome": 0,
        "interestExpense": 0,
        "depreciationAndAmortization": 7000000,
        "ebitda": 14000000,
        "ebitdaratio": 0.1014492754,
        "operatingIncome": 7000000,
        "operatingIncomeRatio": 0.0507246377,
        "totalOtherIncomeExpensesNet": -13000000,
        "incomeBeforeTax": -6000000,
        "incomeBeforeTaxRatio": -0.0434782609,
        "incomeTaxExpense": -5000000,
        "netIncome": -4000000,
        "netIncomeRatio": -0.0289855072,
        "eps": -0.0717,
        "epsdiluted": -0.0717,
        "weightedAverageShsOut": 55823000,
        "weightedAverageShsOutDil": 55823000,
        "link": "https://www.sec.gov/Archives/edgar/data/931148/000093244002000242/0000932440-02-000242-index.htm",
        "finalLink": "https://www.sec.gov/Archives/edgar/data/931148/000093244002000242/graftechmay0210q.txt"
    },
    {
        "date": "2001-12-31",
        "symbol": "EAF",
        "reportedCurrency": "USD",
        "cik": "0000931148",
        "fillingDate": "2002-03-26",
        "acceptedDate": "2002-03-26 00:00:00",
        "calendarYear": "2001",
        "period": "Q4",
        "revenue": 155000000,
        "costOfRevenue": 113000000,
        "grossProfit": 42000000,
        "grossProfitRatio": 0.2709677419,
        "researchAndDevelopmentExpenses": 3000000,
        "generalAndAdministrativeExpenses": 19000000,
        "sellingAndMarketingExpenses": 0,
        "sellingGeneralAndAdministrativeExpenses": 19000000,
        "otherExpenses": 29000000,
        "operatingExpenses": 51000000,
        "costAndExpenses": 164000000,
        "interestIncome": 0,
        "interestExpense": 0,
        "depreciationAndAmortization": 9000000,
        "ebitda": 0,
        "ebitdaratio": 0,
        "operatingIncome": -18000000,
        "operatingIncomeRatio": -0.1161290323,
        "totalOtherIncomeExpensesNet": -13000000,
        "incomeBeforeTax": -31000000,
        "incomeBeforeTaxRatio": -0.2,
        "incomeTaxExpense": 26000000,
        "netIncome": -55000000,
        "netIncomeRatio": -0.3548387097,
        "eps": -0.99,
        "epsdiluted": -0.99,
        "weightedAverageShsOut": 55820143,
        "weightedAverageShsOutDil": 55823000,
        "link": "https://www.sec.gov/Archives/edgar/data/931148/000093244002000147/0000932440-02-000147-index.htm",
        "finalLink": "https://www.sec.gov/Archives/edgar/data/931148/000093244002000147/ucar10kmar02.txt"
    },
    {
        "date": "2001-09-30",
        "symbol": "EAF",
        "reportedCurrency": "USD",
        "cik": "0000931148",
        "fillingDate": "2001-11-14",
        "acceptedDate": "2001-11-14 00:00:00",
        "calendarYear": "2001",
        "period": "Q3",
        "revenue": 157000000,
        "costOfRevenue": 114000000,
        "grossProfit": 43000000,
        "grossProfitRatio": 0.2738853503,
        "researchAndDevelopmentExpenses": 3000000,
        "generalAndAdministrativeExpenses": 19000000,
        "sellingAndMarketingExpenses": 0,
        "sellingGeneralAndAdministrativeExpenses": 19000000,
        "otherExpenses": -1000000,
        "operatingExpenses": 21000000,
        "costAndExpenses": 135000000,
        "interestIncome": 0,
        "interestExpense": 0,
        "depreciationAndAmortization": 8000000,
        "ebitda": 30000000,
        "ebitdaratio": 0.1910828025,
        "operatingIncome": 22000000,
        "operatingIncomeRatio": 0.1401273885,
        "totalOtherIncomeExpensesNet": -14000000,
        "incomeBeforeTax": 8000000,
        "incomeBeforeTaxRatio": 0.050955414,
        "incomeTaxExpense": 3000000,
        "netIncome": 4000000,
        "netIncomeRatio": 0.025477707,
        "eps": 0.07,
        "epsdiluted": 0.07,
        "weightedAverageShsOut": 52389000,
        "weightedAverageShsOutDil": 53203000,
        "link": "https://www.sec.gov/Archives/edgar/data/931148/000093244001500262/0000932440-01-500262-index.htm",
        "finalLink": "https://www.sec.gov/Archives/edgar/data/931148/000093244001500262/ucar_10q9-2001.txt"
    },
    {
        "date": "2001-06-30",
        "symbol": "EAF",
        "reportedCurrency": "USD",
        "cik": "0000931148",
        "fillingDate": "2001-08-08",
        "acceptedDate": "2001-08-08 00:00:00",
        "calendarYear": "2001",
        "period": "Q2",
        "revenue": 171000000,
        "costOfRevenue": 120000000,
        "grossProfit": 51000000,
        "grossProfitRatio": 0.298245614,
        "researchAndDevelopmentExpenses": 3000000,
        "generalAndAdministrativeExpenses": 19000000,
        "sellingAndMarketingExpenses": 0,
        "sellingGeneralAndAdministrativeExpenses": 19000000,
        "otherExpenses": 63000000,
        "operatingExpenses": 85000000,
        "costAndExpenses": 205000000,
        "interestIncome": 0,
        "interestExpense": 0,
        "depreciationAndAmortization": 9000000,
        "ebitda": -25000000,
        "ebitdaratio": -0.1461988304,
        "operatingIncome": -39000000,
        "operatingIncomeRatio": -0.2280701754,
        "totalOtherIncomeExpensesNet": -16000000,
        "incomeBeforeTax": -55000000,
        "incomeBeforeTaxRatio": -0.3216374269,
        "incomeTaxExpense": -16000000,
        "netIncome": -39000000,
        "netIncomeRatio": -0.2280701754,
        "eps": -0.86,
        "epsdiluted": -0.86,
        "weightedAverageShsOut": 45346000,
        "weightedAverageShsOutDil": 45346000,
        "link": "https://www.sec.gov/Archives/edgar/data/931148/000093244001500166/0000932440-01-500166-index.htm",
        "finalLink": "https://www.sec.gov/Archives/edgar/data/931148/000093244001500166/ucarform10q_8-2001.txt"
    },
    {
        "date": "2001-03-31",
        "symbol": "EAF",
        "reportedCurrency": "USD",
        "cik": "0000931148",
        "fillingDate": "2001-05-08",
        "acceptedDate": "2001-05-08 00:00:00",
        "calendarYear": "2001",
        "period": "Q1",
        "revenue": 171000000,
        "costOfRevenue": 122000000,
        "grossProfit": 49000000,
        "grossProfitRatio": 0.2865497076,
        "researchAndDevelopmentExpenses": 3000000,
        "generalAndAdministrativeExpenses": 21000000,
        "sellingAndMarketingExpenses": 0,
        "sellingGeneralAndAdministrativeExpenses": 21000000,
        "otherExpenses": 0,
        "operatingExpenses": 24000000,
        "costAndExpenses": 146000000,
        "interestIncome": 0,
        "interestExpense": 0,
        "depreciationAndAmortization": 10000000,
        "ebitda": 35000000,
        "ebitdaratio": 0.2046783626,
        "operatingIncome": 25000000,
        "operatingIncomeRatio": 0.1461988304,
        "totalOtherIncomeExpensesNet": -19000000,
        "incomeBeforeTax": 6000000,
        "incomeBeforeTaxRatio": 0.0350877193,
        "incomeTaxExpense": 2000000,
        "netIncome": 3000000,
        "netIncomeRatio": 0.0175438596,
        "eps": 0.07,
        "epsdiluted": 0.07,
        "weightedAverageShsOut": 45222000,
        "weightedAverageShsOutDil": 46033000,
        "link": "https://www.sec.gov/Archives/edgar/data/931148/000093244001500042/0000932440-01-500042-index.htm",
        "finalLink": "https://www.sec.gov/Archives/edgar/data/931148/000093244001500042/ucar_form10q-doc.txt"
    },
    {
        "date": "2000-12-31",
        "symbol": "EAF",
        "reportedCurrency": "USD",
        "cik": "0000931148",
        "fillingDate": "2001-03-20",
        "acceptedDate": "2001-03-20 00:00:00",
        "calendarYear": "2000",
        "period": "Q4",
        "revenue": 190000000,
        "costOfRevenue": 172000000,
        "grossProfit": 18000000,
        "grossProfitRatio": 0.0947368421,
        "researchAndDevelopmentExpenses": 3000000,
        "generalAndAdministrativeExpenses": 19000000,
        "sellingAndMarketingExpenses": 0,
        "sellingGeneralAndAdministrativeExpenses": 19000000,
        "otherExpenses": -32000000,
        "operatingExpenses": -10000000,
        "costAndExpenses": 162000000,
        "interestIncome": 0,
        "interestExpense": 0,
        "depreciationAndAmortization": 11000000,
        "ebitda": 39000000,
        "ebitdaratio": 0.2052631579,
        "operatingIncome": 28000000,
        "operatingIncomeRatio": 0.1473684211,
        "totalOtherIncomeExpensesNet": -24000000,
        "incomeBeforeTax": 4000000,
        "incomeBeforeTaxRatio": 0.0210526316,
        "incomeTaxExpense": 1000000,
        "netIncome": 3000000,
        "netIncomeRatio": 0.0157894737,
        "eps": 0.0663,
        "epsdiluted": 0.0663,
        "weightedAverageShsOut": 45222000,
        "weightedAverageShsOutDil": 45222000,
        "link": "https://www.sec.gov/Archives/edgar/data/931148/000093244001000116/0000932440-01-000116-index.htm",
        "finalLink": "https://www.sec.gov/Archives/edgar/data/931148/000093244001000116/0000932440-01-000116-0001.txt"
    },
    {
        "date": "2000-09-30",
        "symbol": "EAF",
        "reportedCurrency": "USD",
        "cik": "0000931148",
        "fillingDate": "2000-11-08",
        "acceptedDate": "2000-11-08 00:00:00",
        "calendarYear": "2000",
        "period": "Q3",
        "revenue": 192000000,
        "costOfRevenue": 129000000,
        "grossProfit": 63000000,
        "grossProfitRatio": 0.328125,
        "researchAndDevelopmentExpenses": 3000000,
        "generalAndAdministrativeExpenses": 20000000,
        "sellingAndMarketingExpenses": 0,
        "sellingGeneralAndAdministrativeExpenses": 20000000,
        "otherExpenses": 10000000,
        "operatingExpenses": 33000000,
        "costAndExpenses": 162000000,
        "interestIncome": 0,
        "interestExpense": 0,
        "depreciationAndAmortization": 10000000,
        "ebitda": 40000000,
        "ebitdaratio": 0.2083333333,
        "operatingIncome": 30000000,
        "operatingIncomeRatio": 0.15625,
        "totalOtherIncomeExpensesNet": -18000000,
        "incomeBeforeTax": 12000000,
        "incomeBeforeTaxRatio": 0.0625,
        "incomeTaxExpense": 5000000,
        "netIncome": 7000000,
        "netIncomeRatio": 0.0364583333,
        "eps": 0.16,
        "epsdiluted": 0.16,
        "weightedAverageShsOut": 45152000,
        "weightedAverageShsOutDil": 45813000,
        "link": "https://www.sec.gov/Archives/edgar/data/931148/000093244000000368/0000932440-00-000368-index.htm",
        "finalLink": "https://www.sec.gov/Archives/edgar/data/931148/000093244000000368/0000932440-00-000368-0001.txt"
    },
    {
        "date": "2000-06-30",
        "symbol": "EAF",
        "reportedCurrency": "USD",
        "cik": "0000931148",
        "fillingDate": "2000-08-14",
        "acceptedDate": "2000-08-14 00:00:00",
        "calendarYear": "2000",
        "period": "Q2",
        "revenue": 199000000,
        "costOfRevenue": 132000000,
        "grossProfit": 67000000,
        "grossProfitRatio": 0.3366834171,
        "researchAndDevelopmentExpenses": 2000000,
        "generalAndAdministrativeExpenses": 23000000,
        "sellingAndMarketingExpenses": 0,
        "sellingGeneralAndAdministrativeExpenses": 23000000,
        "otherExpenses": 11000000,
        "operatingExpenses": 36000000,
        "costAndExpenses": 168000000,
        "interestIncome": 0,
        "interestExpense": 0,
        "depreciationAndAmortization": 11000000,
        "ebitda": 42000000,
        "ebitdaratio": 0.2110552764,
        "operatingIncome": 31000000,
        "operatingIncomeRatio": 0.1557788945,
        "totalOtherIncomeExpensesNet": -16000000,
        "incomeBeforeTax": 15000000,
        "incomeBeforeTaxRatio": 0.0753768844,
        "incomeTaxExpense": 4000000,
        "netIncome": 11000000,
        "netIncomeRatio": 0.0552763819,
        "eps": 0.24,
        "epsdiluted": 0.24,
        "weightedAverageShsOut": 45138000,
        "weightedAverageShsOutDil": 45734000,
        "link": "https://www.sec.gov/Archives/edgar/data/931148/000093244000000332/0000932440-00-000332-index.htm",
        "finalLink": "https://www.sec.gov/Archives/edgar/data/931148/000093244000000332/0000932440-00-000332-0001.txt"
    },
    {
        "date": "2000-03-31",
        "symbol": "EAF",
        "reportedCurrency": "USD",
        "cik": "0000931148",
        "fillingDate": "2000-05-15",
        "acceptedDate": "2000-05-15 00:00:00",
        "calendarYear": "2000",
        "period": "Q1",
        "revenue": 195000000,
        "costOfRevenue": 127000000,
        "grossProfit": 68000000,
        "grossProfitRatio": 0.3487179487,
        "researchAndDevelopmentExpenses": 3000000,
        "generalAndAdministrativeExpenses": 24000000,
        "sellingAndMarketingExpenses": 0,
        "sellingGeneralAndAdministrativeExpenses": 24000000,
        "otherExpenses": 11000000,
        "operatingExpenses": 38000000,
        "costAndExpenses": 165000000,
        "interestIncome": 0,
        "interestExpense": 0,
        "depreciationAndAmortization": 11000000,
        "ebitda": 41000000,
        "ebitdaratio": 0.2102564103,
        "operatingIncome": 30000000,
        "operatingIncomeRatio": 0.1538461538,
        "totalOtherIncomeExpensesNet": -6000000,
        "incomeBeforeTax": 24000000,
        "incomeBeforeTaxRatio": 0.1230769231,
        "incomeTaxExpense": 41000000,
        "netIncome": -11000000,
        "netIncomeRatio": -0.0564102564,
        "eps": -0.24,
        "epsdiluted": -0.24,
        "weightedAverageShsOut": 45116000,
        "weightedAverageShsOutDil": 46183000,
        "link": "https://www.sec.gov/Archives/edgar/data/931148/000093244000000187/0000932440-00-000187-index.html",
        "finalLink": "https://www.sec.gov/Archives/edgar/data/931148/000093244000000187/0000932440-00-000187.txt"
    },
    {
        "date": "1999-12-31",
        "symbol": "EAF",
        "reportedCurrency": "USD",
        "cik": "0000931148",
        "fillingDate": "2000-03-30",
        "acceptedDate": "2000-03-30 00:00:00",
        "calendarYear": "1999",
        "period": "Q4",
        "revenue": 208000000,
        "costOfRevenue": 145000000,
        "grossProfit": 63000000,
        "grossProfitRatio": 0.3028846154,
        "researchAndDevelopmentExpenses": 2000000,
        "generalAndAdministrativeExpenses": 21000000,
        "sellingAndMarketingExpenses": 0,
        "sellingGeneralAndAdministrativeExpenses": 21000000,
        "otherExpenses": 11000000,
        "operatingExpenses": 34000000,
        "costAndExpenses": 179000000,
        "interestIncome": 0,
        "interestExpense": 0,
        "depreciationAndAmortization": 11000000,
        "ebitda": 40000000,
        "ebitdaratio": 0.1923076923,
        "operatingIncome": 29000000,
        "operatingIncomeRatio": 0.1394230769,
        "totalOtherIncomeExpensesNet": -54000000,
        "incomeBeforeTax": -25000000,
        "incomeBeforeTaxRatio": -0.1201923077,
        "incomeTaxExpense": -12000000,
        "netIncome": -13000000,
        "netIncomeRatio": -0.0625,
        "eps": -0.3,
        "epsdiluted": -0.29,
        "weightedAverageShsOut": 43477503,
        "weightedAverageShsOutDil": 45116000,
        "link": "https://www.sec.gov/Archives/edgar/data/931148/000093244000000137/0000932440-00-000137-index.html",
        "finalLink": "https://www.sec.gov/Archives/edgar/data/931148/000093244000000137/0000932440-00-000137.txt"
    },
    {
        "date": "1999-09-30",
        "symbol": "EAF",
        "reportedCurrency": "USD",
        "cik": "0000931148",
        "fillingDate": "1999-11-15",
        "acceptedDate": "1999-11-15 00:00:00",
        "calendarYear": "1999",
        "period": "Q3",
        "revenue": 210000000,
        "costOfRevenue": 129000000,
        "grossProfit": 81000000,
        "grossProfitRatio": 0.3857142857,
        "researchAndDevelopmentExpenses": 3000000,
        "generalAndAdministrativeExpenses": 20000000,
        "sellingAndMarketingExpenses": 0,
        "sellingGeneralAndAdministrativeExpenses": 20000000,
        "otherExpenses": 11000000,
        "operatingExpenses": 34000000,
        "costAndExpenses": 163000000,
        "interestIncome": 0,
        "interestExpense": 0,
        "depreciationAndAmortization": 11000000,
        "ebitda": 58000000,
        "ebitdaratio": 0.2761904762,
        "operatingIncome": 47000000,
        "operatingIncomeRatio": 0.2238095238,
        "totalOtherIncomeExpensesNet": -6000000,
        "incomeBeforeTax": 41000000,
        "incomeBeforeTaxRatio": 0.1952380952,
        "incomeTaxExpense": 26000000,
        "netIncome": 21000000,
        "netIncomeRatio": 0.1,
        "eps": 0.46,
        "epsdiluted": 0.45,
        "weightedAverageShsOut": 45652174,
        "weightedAverageShsOutDil": 46666667,
        "link": "https://www.sec.gov/Archives/edgar/data/931148/000093114899000023/0000931148-99-000023-index.html",
        "finalLink": "https://www.sec.gov/Archives/edgar/data/931148/000093114899000023/0000931148-99-000023.txt"
    },
    {
        "date": "1999-06-30",
        "symbol": "EAF",
        "reportedCurrency": "USD",
        "cik": "0000931148",
        "fillingDate": "1999-08-11",
        "acceptedDate": "1999-08-11 00:00:00",
        "calendarYear": "1999",
        "period": "Q2",
        "revenue": 211000000,
        "costOfRevenue": 127000000,
        "grossProfit": 84000000,
        "grossProfitRatio": 0.3981042654,
        "researchAndDevelopmentExpenses": 2000000,
        "generalAndAdministrativeExpenses": 23000000,
        "sellingAndMarketingExpenses": 0,
        "sellingGeneralAndAdministrativeExpenses": 23000000,
        "otherExpenses": 11000000,
        "operatingExpenses": 36000000,
        "costAndExpenses": 163000000,
        "interestIncome": 0,
        "interestExpense": 0,
        "depreciationAndAmortization": 11000000,
        "ebitda": 59000000,
        "ebitdaratio": 0.2796208531,
        "operatingIncome": 48000000,
        "operatingIncomeRatio": 0.2274881517,
        "totalOtherIncomeExpensesNet": -18000000,
        "incomeBeforeTax": 30000000,
        "incomeBeforeTaxRatio": 0.1421800948,
        "incomeTaxExpense": 8000000,
        "netIncome": 22000000,
        "netIncomeRatio": 0.1042654028,
        "eps": 0.48,
        "epsdiluted": 0.48,
        "weightedAverageShsOut": 45833333,
        "weightedAverageShsOutDil": 45833333,
        "link": "https://www.sec.gov/Archives/edgar/data/931148/000093114899000005/0000931148-99-000005-index.html",
        "finalLink": "https://www.sec.gov/Archives/edgar/data/931148/000093114899000005/0000931148-99-000005.txt"
    },
    {
        "date": "1999-03-31",
        "symbol": "EAF",
        "reportedCurrency": "USD",
        "cik": "0000931148",
        "fillingDate": "1999-05-14",
        "acceptedDate": "1999-05-14 00:00:00",
        "calendarYear": "1999",
        "period": "Q1",
        "revenue": 202000000,
        "costOfRevenue": 127000000,
        "grossProfit": 75000000,
        "grossProfitRatio": 0.3712871287,
        "researchAndDevelopmentExpenses": 2000000,
        "generalAndAdministrativeExpenses": 22000000,
        "sellingAndMarketingExpenses": 0,
        "sellingGeneralAndAdministrativeExpenses": 22000000,
        "otherExpenses": 12000000,
        "operatingExpenses": 36000000,
        "costAndExpenses": 163000000,
        "interestIncome": 0,
        "interestExpense": 0,
        "depreciationAndAmortization": 12000000,
        "ebitda": 51000000,
        "ebitdaratio": 0.2524752475,
        "operatingIncome": 39000000,
        "operatingIncomeRatio": 0.1930693069,
        "totalOtherIncomeExpensesNet": -17000000,
        "incomeBeforeTax": 22000000,
        "incomeBeforeTaxRatio": 0.1089108911,
        "incomeTaxExpense": 6000000,
        "netIncome": 16000000,
        "netIncomeRatio": 0.0792079208,
        "eps": 0.35,
        "epsdiluted": 0.34,
        "weightedAverageShsOut": 45714286,
        "weightedAverageShsOutDil": 47058824,
        "link": "https://www.sec.gov/Archives/edgar/data/931148/000093244099000137/0000932440-99-000137-index.html",
        "finalLink": "https://www.sec.gov/Archives/edgar/data/931148/0000932440-99-000137.txt"
    },
    {
        "date": "1998-12-31",
        "symbol": "EAF",
        "reportedCurrency": "USD",
        "cik": "0000931148",
        "fillingDate": "1999-03-26",
        "acceptedDate": "1999-03-26 00:00:00",
        "calendarYear": "1998",
        "period": "Q4",
        "revenue": 222000000,
        "costOfRevenue": 137000000,
        "grossProfit": 85000000,
        "grossProfitRatio": 0.3828828829,
        "researchAndDevelopmentExpenses": 3000000,
        "generalAndAdministrativeExpenses": 24000000,
        "sellingAndMarketingExpenses": 0,
        "sellingGeneralAndAdministrativeExpenses": 24000000,
        "otherExpenses": 13000000,
        "operatingExpenses": 40000000,
        "costAndExpenses": 177000000,
        "interestIncome": 0,
        "interestExpense": 0,
        "depreciationAndAmortization": 13000000,
        "ebitda": 58000000,
        "ebitdaratio": 0.2612612613,
        "operatingIncome": 45000000,
        "operatingIncomeRatio": 0.2027027027,
        "totalOtherIncomeExpensesNet": -22000000,
        "incomeBeforeTax": 23000000,
        "incomeBeforeTaxRatio": 0.1036036036,
        "incomeTaxExpense": 6000000,
        "netIncome": 10000000,
        "netIncomeRatio": 0.045045045,
        "eps": 0.22,
        "epsdiluted": 0.22,
        "weightedAverageShsOut": 44027539,
        "weightedAverageShsOutDil": 45714286,
        "link": "https://www.sec.gov/Archives/edgar/data/931148/000093244099000081/0000932440-99-000081-index.html",
        "finalLink": "https://www.sec.gov/Archives/edgar/data/931148/0000932440-99-000081.txt"
    },
    {
        "date": "1998-09-30",
        "symbol": "EAF",
        "reportedCurrency": "USD",
        "cik": "0000931148",
        "fillingDate": "1998-11-16",
        "acceptedDate": "1998-11-16 00:00:00",
        "calendarYear": "1998",
        "period": "Q3",
        "revenue": 233000000,
        "costOfRevenue": 139000000,
        "grossProfit": 94000000,
        "grossProfitRatio": 0.4034334764,
        "researchAndDevelopmentExpenses": 2000000,
        "generalAndAdministrativeExpenses": 27000000,
        "sellingAndMarketingExpenses": 0,
        "sellingGeneralAndAdministrativeExpenses": 27000000,
        "otherExpenses": 12000000,
        "operatingExpenses": 41000000,
        "costAndExpenses": 180000000,
        "interestIncome": 0,
        "interestExpense": 0,
        "depreciationAndAmortization": 12000000,
        "ebitda": 65000000,
        "ebitdaratio": 0.2789699571,
        "operatingIncome": 53000000,
        "operatingIncomeRatio": 0.2274678112,
        "totalOtherIncomeExpensesNet": -167000000,
        "incomeBeforeTax": -114000000,
        "incomeBeforeTaxRatio": -0.4892703863,
        "incomeTaxExpense": -1000000,
        "netIncome": -113000000,
        "netIncomeRatio": -0.4849785408,
        "eps": -2.51,
        "epsdiluted": -2.51,
        "weightedAverageShsOut": 45019920,
        "weightedAverageShsOutDil": 45019920,
        "link": "https://www.sec.gov/Archives/edgar/data/931148/000093114898000013/0000931148-98-000013-index.html",
        "finalLink": "https://www.sec.gov/Archives/edgar/data/931148/0000931148-98-000013.txt"
    },
    {
        "date": "1998-06-30",
        "symbol": "EAF",
        "reportedCurrency": "USD",
        "cik": "0000931148",
        "fillingDate": "1998-08-14",
        "acceptedDate": "1998-08-14 00:00:00",
        "calendarYear": "1998",
        "period": "Q2",
        "revenue": 248000000,
        "costOfRevenue": 140000000,
        "grossProfit": 108000000,
        "grossProfitRatio": 0.435483871,
        "researchAndDevelopmentExpenses": 2000000,
        "generalAndAdministrativeExpenses": 26000000,
        "sellingAndMarketingExpenses": 0,
        "sellingGeneralAndAdministrativeExpenses": 26000000,
        "otherExpenses": 12000000,
        "operatingExpenses": 40000000,
        "costAndExpenses": 180000000,
        "interestIncome": 0,
        "interestExpense": 0,
        "depreciationAndAmortization": 12000000,
        "ebitda": 80000000,
        "ebitdaratio": 0.3225806452,
        "operatingIncome": 68000000,
        "operatingIncomeRatio": 0.2741935484,
        "totalOtherIncomeExpensesNet": -20000000,
        "incomeBeforeTax": 48000000,
        "incomeBeforeTaxRatio": 0.1935483871,
        "incomeTaxExpense": 17000000,
        "netIncome": 31000000,
        "netIncomeRatio": 0.125,
        "eps": 0.7,
        "epsdiluted": 0.67,
        "weightedAverageShsOut": 44285714,
        "weightedAverageShsOutDil": 46268657,
        "link": "https://www.sec.gov/Archives/edgar/data/931148/000093114898000011/0000931148-98-000011-index.html",
        "finalLink": "https://www.sec.gov/Archives/edgar/data/931148/0000931148-98-000011.txt"
    },
    {
        "date": "1998-03-31",
        "symbol": "EAF",
        "reportedCurrency": "USD",
        "cik": "0000931148",
        "fillingDate": "1998-05-14",
        "acceptedDate": "1998-05-14 00:00:00",
        "calendarYear": "1998",
        "period": "Q1",
        "revenue": 244000000,
        "costOfRevenue": 137000000,
        "grossProfit": 107000000,
        "grossProfitRatio": 0.4385245902,
        "researchAndDevelopmentExpenses": 2000000,
        "generalAndAdministrativeExpenses": 26000000,
        "sellingAndMarketingExpenses": 0,
        "sellingGeneralAndAdministrativeExpenses": 26000000,
        "otherExpenses": 14000000,
        "operatingExpenses": 42000000,
        "costAndExpenses": 179000000,
        "interestIncome": 0,
        "interestExpense": 0,
        "depreciationAndAmortization": 14000000,
        "ebitda": 79000000,
        "ebitdaratio": 0.3237704918,
        "operatingIncome": 65000000,
        "operatingIncomeRatio": 0.2663934426,
        "totalOtherIncomeExpensesNet": -20000000,
        "incomeBeforeTax": 45000000,
        "incomeBeforeTaxRatio": 0.1844262295,
        "incomeTaxExpense": 10000000,
        "netIncome": 35000000,
        "netIncomeRatio": 0.143442623,
        "eps": 0.77,
        "epsdiluted": 0.74,
        "weightedAverageShsOut": 45454545,
        "weightedAverageShsOutDil": 47297297,
        "link": "https://www.sec.gov/Archives/edgar/data/931148/000093114898000007/0000931148-98-000007-index.html",
        "finalLink": "https://www.sec.gov/Archives/edgar/data/931148/0000931148-98-000007.txt"
    },
    {
        "date": "1997-12-31",
        "symbol": "EAF",
        "reportedCurrency": "USD",
        "cik": "0000931148",
        "fillingDate": "1998-04-15",
        "acceptedDate": "1998-04-15 00:00:00",
        "calendarYear": "1997",
        "period": "Q4",
        "revenue": 291000000,
        "costOfRevenue": 171000000,
        "grossProfit": 120000000,
        "grossProfitRatio": 0.412371134,
        "researchAndDevelopmentExpenses": 2000000,
        "generalAndAdministrativeExpenses": 380000000,
        "sellingAndMarketingExpenses": 0,
        "sellingGeneralAndAdministrativeExpenses": 380000000,
        "otherExpenses": 11000000,
        "operatingExpenses": 393000000,
        "costAndExpenses": 564000000,
        "interestIncome": 0,
        "interestExpense": 0,
        "depreciationAndAmortization": 11000000,
        "ebitda": -262000000,
        "ebitdaratio": -0.9003436426,
        "operatingIncome": -273000000,
        "operatingIncomeRatio": -0.9381443299,
        "totalOtherIncomeExpensesNet": -15000000,
        "incomeBeforeTax": -288000000,
        "incomeBeforeTaxRatio": -0.9896907216,
        "incomeTaxExpense": -12000000,
        "netIncome": -276000000,
        "netIncomeRatio": -0.9484536082,
        "eps": -6.09,
        "epsdiluted": -6.07,
        "weightedAverageShsOut": 45285851,
        "weightedAverageShsOutDil": 45454545,
        "link": "https://www.sec.gov/Archives/edgar/data/931148/000093244098000112/0000932440-98-000112-index.html",
        "finalLink": "https://www.sec.gov/Archives/edgar/data/931148/0000932440-98-000112.txt"
    },
    {
        "date": "1997-09-30",
        "symbol": "EAF",
        "reportedCurrency": "USD",
        "cik": "0000931148",
        "fillingDate": "1997-10-31",
        "acceptedDate": "1997-10-31 00:00:00",
        "calendarYear": "1997",
        "period": "Q3",
        "revenue": 278000000,
        "costOfRevenue": 160000000,
        "grossProfit": 118000000,
        "grossProfitRatio": 0.4244604317,
        "researchAndDevelopmentExpenses": 3000000,
        "generalAndAdministrativeExpenses": 25000000,
        "sellingAndMarketingExpenses": 0,
        "sellingGeneralAndAdministrativeExpenses": 25000000,
        "otherExpenses": 14000000,
        "operatingExpenses": 42000000,
        "costAndExpenses": 202000000,
        "interestIncome": 0,
        "interestExpense": 0,
        "depreciationAndAmortization": 14000000,
        "ebitda": 90000000,
        "ebitdaratio": 0.3237410072,
        "operatingIncome": 76000000,
        "operatingIncomeRatio": 0.273381295,
        "totalOtherIncomeExpensesNet": -22000000,
        "incomeBeforeTax": 54000000,
        "incomeBeforeTaxRatio": 0.1942446043,
        "incomeTaxExpense": 17000000,
        "netIncome": 37000000,
        "netIncomeRatio": 0.1330935252,
        "eps": 0.8,
        "epsdiluted": 0.77,
        "weightedAverageShsOut": 46250000,
        "weightedAverageShsOutDil": 48051948,
        "link": "https://www.sec.gov/Archives/edgar/data/931148/000093114897000012/0000931148-97-000012-index.html",
        "finalLink": "https://www.sec.gov/Archives/edgar/data/931148/0000931148-97-000012.txt"
    },
    {
        "date": "1997-06-30",
        "symbol": "EAF",
        "reportedCurrency": "USD",
        "cik": "0000931148",
        "fillingDate": "1997-08-04",
        "acceptedDate": "1997-08-04 00:00:00",
        "calendarYear": "1997",
        "period": "Q2",
        "revenue": 290000000,
        "costOfRevenue": 167000000,
        "grossProfit": 123000000,
        "grossProfitRatio": 0.424137931,
        "researchAndDevelopmentExpenses": 2000000,
        "generalAndAdministrativeExpenses": 27000000,
        "sellingAndMarketingExpenses": 0,
        "sellingGeneralAndAdministrativeExpenses": 27000000,
        "otherExpenses": 13000000,
        "operatingExpenses": 42000000,
        "costAndExpenses": 209000000,
        "interestIncome": 0,
        "interestExpense": 0,
        "depreciationAndAmortization": 13000000,
        "ebitda": 94000000,
        "ebitdaratio": 0.324137931,
        "operatingIncome": 81000000,
        "operatingIncomeRatio": 0.2793103448,
        "totalOtherIncomeExpensesNet": -17000000,
        "incomeBeforeTax": 64000000,
        "incomeBeforeTaxRatio": 0.2206896552,
        "incomeTaxExpense": 22000000,
        "netIncome": 42000000,
        "netIncomeRatio": 0.1448275862,
        "eps": 0.93,
        "epsdiluted": 0.89,
        "weightedAverageShsOut": 45161290,
        "weightedAverageShsOutDil": 47191011,
        "link": "https://www.sec.gov/Archives/edgar/data/931148/000093114897000007/0000931148-97-000007-index.html",
        "finalLink": "https://www.sec.gov/Archives/edgar/data/931148/0000931148-97-000007.txt"
    },
    {
        "date": "1997-03-31",
        "symbol": "EAF",
        "reportedCurrency": "USD",
        "cik": "0000931148",
        "fillingDate": "1997-05-01",
        "acceptedDate": "1997-05-01 00:00:00",
        "calendarYear": "1997",
        "period": "Q1",
        "revenue": 238000000,
        "costOfRevenue": 139000000,
        "grossProfit": 99000000,
        "grossProfitRatio": 0.4159663866,
        "researchAndDevelopmentExpenses": 2000000,
        "generalAndAdministrativeExpenses": 23000000,
        "sellingAndMarketingExpenses": 0,
        "sellingGeneralAndAdministrativeExpenses": 23000000,
        "otherExpenses": 11000000,
        "operatingExpenses": 36000000,
        "costAndExpenses": 175000000,
        "interestIncome": 0,
        "interestExpense": 0,
        "depreciationAndAmortization": 11000000,
        "ebitda": 74000000,
        "ebitdaratio": 0.3109243697,
        "operatingIncome": 63000000,
        "operatingIncomeRatio": 0.2647058824,
        "totalOtherIncomeExpensesNet": -14000000,
        "incomeBeforeTax": 49000000,
        "incomeBeforeTaxRatio": 0.2058823529,
        "incomeTaxExpense": 12000000,
        "netIncome": 37000000,
        "netIncomeRatio": 0.1554621849,
        "eps": 0.79,
        "epsdiluted": 0.76,
        "weightedAverageShsOut": 46835443,
        "weightedAverageShsOutDil": 48684211,
        "link": "https://www.sec.gov/Archives/edgar/data/931148/000093114897000003/0000931148-97-000003-index.html",
        "finalLink": "https://www.sec.gov/Archives/edgar/data/931148/0000931148-97-000003.txt"
    },
    {
        "date": "1996-12-31",
        "symbol": "EAF",
        "reportedCurrency": "USD",
        "cik": "0000931148",
        "fillingDate": "1997-03-10",
        "acceptedDate": "1997-03-10 00:00:00",
        "calendarYear": "1996",
        "period": "Q4",
        "revenue": 237000000,
        "costOfRevenue": 139000000,
        "grossProfit": 98000000,
        "grossProfitRatio": 0.4135021097,
        "researchAndDevelopmentExpenses": 0,
        "generalAndAdministrativeExpenses": 26000000,
        "sellingAndMarketingExpenses": 0,
        "sellingGeneralAndAdministrativeExpenses": 26000000,
        "otherExpenses": 8000000,
        "operatingExpenses": 34000000,
        "costAndExpenses": 173000000,
        "interestIncome": 0,
        "interestExpense": 0,
        "depreciationAndAmortization": 8000000,
        "ebitda": 72000000,
        "ebitdaratio": 0.3037974684,
        "operatingIncome": 64000000,
        "operatingIncomeRatio": 0.2700421941,
        "totalOtherIncomeExpensesNet": -11000000,
        "incomeBeforeTax": 53000000,
        "incomeBeforeTaxRatio": 0.223628692,
        "incomeTaxExpense": 16000000,
        "netIncome": 37000000,
        "netIncomeRatio": 0.1561181435,
        "eps": 0.79,
        "epsdiluted": 0.79,
        "weightedAverageShsOut": 46835443,
        "weightedAverageShsOutDil": 46835443,
        "link": "https://www.sec.gov/Archives/edgar/data/931148/000088981297000659/0000889812-97-000659-index.html",
        "finalLink": "https://www.sec.gov/Archives/edgar/data/931148/0000889812-97-000659.txt"
    },
    {
        "date": "1996-09-30",
        "symbol": "EAF",
        "reportedCurrency": "USD",
        "cik": "0000931148",
        "fillingDate": "1996-10-31",
        "acceptedDate": "1996-10-31 00:00:00",
        "calendarYear": "1996",
        "period": "Q3",
        "revenue": 227000000,
        "costOfRevenue": 122000000,
        "grossProfit": 105000000,
        "grossProfitRatio": 0.4625550661,
        "researchAndDevelopmentExpenses": 0,
        "generalAndAdministrativeExpenses": 23000000,
        "sellingAndMarketingExpenses": 0,
        "sellingGeneralAndAdministrativeExpenses": 23000000,
        "otherExpenses": 19000000,
        "operatingExpenses": 42000000,
        "costAndExpenses": 164000000,
        "interestIncome": 0,
        "interestExpense": 0,
        "depreciationAndAmortization": 9000000,
        "ebitda": 80000000,
        "ebitdaratio": 0.3524229075,
        "operatingIncome": 63000000,
        "operatingIncomeRatio": 0.2775330396,
        "totalOtherIncomeExpensesNet": -14000000,
        "incomeBeforeTax": 49000000,
        "incomeBeforeTaxRatio": 0.2158590308,
        "incomeTaxExpense": 14000000,
        "netIncome": 35000000,
        "netIncomeRatio": 0.154185022,
        "eps": 0.75,
        "epsdiluted": 0.72,
        "weightedAverageShsOut": 46666667,
        "weightedAverageShsOutDil": 48611111,
        "link": "https://www.sec.gov/Archives/edgar/data/931148/000093114896000041/0000931148-96-000041-index.html",
        "finalLink": "https://www.sec.gov/Archives/edgar/data/931148/0000931148-96-000041.txt"
    },
    {
        "date": "1996-06-30",
        "symbol": "EAF",
        "reportedCurrency": "USD",
        "cik": "0000931148",
        "fillingDate": "1996-08-01",
        "acceptedDate": "1996-08-01 00:00:00",
        "calendarYear": "1996",
        "period": "Q2",
        "revenue": 241000000,
        "costOfRevenue": 136000000,
        "grossProfit": 105000000,
        "grossProfitRatio": 0.4356846473,
        "researchAndDevelopmentExpenses": 2000000,
        "generalAndAdministrativeExpenses": 23000000,
        "sellingAndMarketingExpenses": 0,
        "sellingGeneralAndAdministrativeExpenses": 23000000,
        "otherExpenses": 9000000,
        "operatingExpenses": 34000000,
        "costAndExpenses": 170000000,
        "interestIncome": 0,
        "interestExpense": 0,
        "depreciationAndAmortization": 9000000,
        "ebitda": 80000000,
        "ebitdaratio": 0.3319502075,
        "operatingIncome": 71000000,
        "operatingIncomeRatio": 0.2946058091,
        "totalOtherIncomeExpensesNet": -14000000,
        "incomeBeforeTax": 57000000,
        "incomeBeforeTaxRatio": 0.2365145228,
        "incomeTaxExpense": 19000000,
        "netIncome": 38000000,
        "netIncomeRatio": 0.1576763485,
        "eps": 0.82,
        "epsdiluted": 0.78,
        "weightedAverageShsOut": 46341463,
        "weightedAverageShsOutDil": 48717949,
        "link": "https://www.sec.gov/Archives/edgar/data/931148/000093114896000036/0000931148-96-000036-index.html",
        "finalLink": "https://www.sec.gov/Archives/edgar/data/931148/0000931148-96-000036.txt"
    },
    {
        "date": "1996-03-31",
        "symbol": "EAF",
        "reportedCurrency": "USD",
        "cik": "0000931148",
        "fillingDate": "1996-05-01",
        "acceptedDate": "1996-05-01 00:00:00",
        "calendarYear": "1996",
        "period": "Q1",
        "revenue": 243000000,
        "costOfRevenue": 140000000,
        "grossProfit": 103000000,
        "grossProfitRatio": 0.4238683128,
        "researchAndDevelopmentExpenses": 2000000,
        "generalAndAdministrativeExpenses": 0,
        "sellingAndMarketingExpenses": 0,
        "sellingGeneralAndAdministrativeExpenses": 22000000,
        "otherExpenses": 10000000,
        "operatingExpenses": 34000000,
        "costAndExpenses": 174000000,
        "interestIncome": 0,
        "interestExpense": 0,
        "depreciationAndAmortization": 10000000,
        "ebitda": 79000000,
        "ebitdaratio": 0.3251028807,
        "operatingIncome": 69000000,
        "operatingIncomeRatio": 0.2839506173,
        "totalOtherIncomeExpensesNet": -15000000,
        "incomeBeforeTax": 54000000,
        "incomeBeforeTaxRatio": 0.2222222222,
        "incomeTaxExpense": 19000000,
        "netIncome": 42000000,
        "netIncomeRatio": 0.1728395062,
        "eps": 0.92,
        "epsdiluted": 0.88,
        "weightedAverageShsOut": 45652174,
        "weightedAverageShsOutDil": 47727273,
        "link": "https://www.sec.gov/Archives/edgar/data/931148/000093114896000024/0000931148-96-000024-index.html",
        "finalLink": "https://www.sec.gov/Archives/edgar/data/931148/0000931148-96-000024.txt"
    },
    {
        "date": "1995-12-31",
        "symbol": "EAF",
        "reportedCurrency": "USD",
        "cik": "0000931148",
        "fillingDate": "1996-06-05",
        "acceptedDate": "1996-06-05 00:00:00",
        "calendarYear": "1995",
        "period": "Q4",
        "revenue": 244000000,
        "costOfRevenue": 137000000,
        "grossProfit": 107000000,
        "grossProfitRatio": 0.4385245902,
        "researchAndDevelopmentExpenses": 3000000,
        "generalAndAdministrativeExpenses": 0,
        "sellingAndMarketingExpenses": 0,
        "sellingGeneralAndAdministrativeExpenses": 28000000,
        "otherExpenses": 8000000,
        "operatingExpenses": 39000000,
        "costAndExpenses": 176000000,
        "interestIncome": 0,
        "interestExpense": 0,
        "depreciationAndAmortization": 8000000,
        "ebitda": 76000000,
        "ebitdaratio": 0.3114754098,
        "operatingIncome": 68000000,
        "operatingIncomeRatio": 0.2786885246,
        "totalOtherIncomeExpensesNet": -5000000,
        "incomeBeforeTax": 63000000,
        "incomeBeforeTaxRatio": 0.2581967213,
        "incomeTaxExpense": 14000000,
        "netIncome": 12000000,
        "netIncomeRatio": 0.0491803279,
        "eps": 0.26,
        "epsdiluted": 0.26,
        "weightedAverageShsOut": 45960000,
        "weightedAverageShsOutDil": 45960000,
        "link": "https://www.sec.gov/Archives/edgar/data/931148/000093114896000028/0000931148-96-000028-index.html",
        "finalLink": "https://www.sec.gov/Archives/edgar/data/931148/0000931148-96-000028.txt"
    },
    {
        "date": "1995-09-30",
        "symbol": "EAF",
        "reportedCurrency": "USD",
        "cik": "0000931148",
        "fillingDate": "1995-09-30",
        "acceptedDate": "1995-09-29 20:00:00",
        "calendarYear": "1995",
        "period": "Q3",
        "revenue": 220000000,
        "costOfRevenue": 126000000,
        "grossProfit": 94000000,
        "grossProfitRatio": 0.4272727273,
        "researchAndDevelopmentExpenses": 2000000,
        "generalAndAdministrativeExpenses": 0,
        "sellingAndMarketingExpenses": 0,
        "sellingGeneralAndAdministrativeExpenses": 39000000,
        "otherExpenses": 10000000,
        "operatingExpenses": 51000000,
        "costAndExpenses": 177000000,
        "interestIncome": 0,
        "interestExpense": 0,
        "depreciationAndAmortization": 10000000,
        "ebitda": 53000000,
        "ebitdaratio": 0.2409090909,
        "operatingIncome": 43000000,
        "operatingIncomeRatio": 0.1954545455,
        "totalOtherIncomeExpensesNet": -38000000,
        "incomeBeforeTax": 5000000,
        "incomeBeforeTaxRatio": 0.0227272727,
        "incomeTaxExpense": 8000000,
        "netIncome": -3000000,
        "netIncomeRatio": -0.0136363636,
        "eps": -0.0653,
        "epsdiluted": -0.0653,
        "weightedAverageShsOut": 45960000,
        "weightedAverageShsOutDil": 45960000,
        "link": "",
        "finalLink": ""
    },
    {
        "date": "1995-06-30",
        "symbol": "EAF",
        "reportedCurrency": "USD",
        "cik": "0000931148",
        "fillingDate": "1995-06-30",
        "acceptedDate": "1995-06-29 20:00:00",
        "calendarYear": "1995",
        "period": "Q2",
        "revenue": 227000000,
        "costOfRevenue": 0,
        "grossProfit": 227000000,
        "grossProfitRatio": 1,
        "researchAndDevelopmentExpenses": 0,
        "generalAndAdministrativeExpenses": 0,
        "sellingAndMarketingExpenses": 0,
        "sellingGeneralAndAdministrativeExpenses": 0,
        "otherExpenses": 0,
        "operatingExpenses": 0,
        "costAndExpenses": 0,
        "interestIncome": 0,
        "interestExpense": 0,
        "depreciationAndAmortization": 0,
        "ebitda": 227000000,
        "ebitdaratio": 1,
        "operatingIncome": 227000000,
        "operatingIncomeRatio": 1,
        "totalOtherIncomeExpensesNet": -227000000,
        "incomeBeforeTax": 0,
        "incomeBeforeTaxRatio": 0,
        "incomeTaxExpense": -25000000,
        "netIncome": 25000000,
        "netIncomeRatio": 0.1101321586,
        "eps": 0.62,
        "epsdiluted": 0.62,
        "weightedAverageShsOut": 40322581,
        "weightedAverageShsOutDil": 40322581,
        "link": "",
        "finalLink": ""
    },
    {
        "date": "1995-03-31",
        "symbol": "EAF",
        "reportedCurrency": "USD",
        "cik": "0000931148",
        "fillingDate": "1995-03-31",
        "acceptedDate": "1995-03-31 00:00:00",
        "calendarYear": "1995",
        "period": "Q1",
        "revenue": 210000000,
        "costOfRevenue": 126000000,
        "grossProfit": 84000000,
        "grossProfitRatio": 0.4,
        "researchAndDevelopmentExpenses": 2000000,
        "generalAndAdministrativeExpenses": 0,
        "sellingAndMarketingExpenses": 0,
        "sellingGeneralAndAdministrativeExpenses": 22000000,
        "otherExpenses": 10000000,
        "operatingExpenses": 34000000,
        "costAndExpenses": 160000000,
        "interestIncome": 0,
        "interestExpense": 0,
        "depreciationAndAmortization": 10000000,
        "ebitda": 60000000,
        "ebitdaratio": 0.2857142857,
        "operatingIncome": 50000000,
        "operatingIncomeRatio": 0.2380952381,
        "totalOtherIncomeExpensesNet": -59000000,
        "incomeBeforeTax": -9000000,
        "incomeBeforeTaxRatio": -0.0428571429,
        "incomeTaxExpense": 37000000,
        "netIncome": -46000000,
        "netIncomeRatio": -0.219047619,
        "eps": -1.02,
        "epsdiluted": -1.02,
        "weightedAverageShsOut": 45000000,
        "weightedAverageShsOutDil": 45000000,
        "link": null,
        "finalLink": null
    },
    {
        "date": "1994-12-31",
        "symbol": "EAF",
        "reportedCurrency": "USD",
        "cik": "0000931148",
        "fillingDate": "1994-12-31",
        "acceptedDate": "1994-12-30 19:00:00",
        "calendarYear": "1994",
        "period": "Q4",
        "revenue": 201000000,
        "costOfRevenue": 0,
        "grossProfit": 201000000,
        "grossProfitRatio": 1,
        "researchAndDevelopmentExpenses": 0,
        "generalAndAdministrativeExpenses": 0,
        "sellingAndMarketingExpenses": 0,
        "sellingGeneralAndAdministrativeExpenses": 0,
        "otherExpenses": -601000000,
        "operatingExpenses": -601000000,
        "costAndExpenses": -601000000,
        "interestIncome": 0,
        "interestExpense": 0,
        "depreciationAndAmortization": 0,
        "ebitda": -400000000,
        "ebitdaratio": -1.9900497512,
        "operatingIncome": -400000000,
        "operatingIncomeRatio": -1.9900497512,
        "totalOtherIncomeExpensesNet": 400000000,
        "incomeBeforeTax": 0,
        "incomeBeforeTaxRatio": 0,
        "incomeTaxExpense": -35000000,
        "netIncome": 35000000,
        "netIncomeRatio": 0.1741293532,
        "eps": 0.78,
        "epsdiluted": 0.78,
        "weightedAverageShsOut": 45000000,
        "weightedAverageShsOutDil": 45000000,
        "link": "",
        "finalLink": ""
    },
    {
        "date": "1994-09-30",
        "symbol": "EAF",
        "reportedCurrency": "USD",
        "cik": "0000931148",
        "fillingDate": "1994-09-30",
        "acceptedDate": "1994-09-29 20:00:00",
        "calendarYear": "1994",
        "period": "Q3",
        "revenue": 193000000,
        "costOfRevenue": 0,
        "grossProfit": 193000000,
        "grossProfitRatio": 1,
        "researchAndDevelopmentExpenses": 0,
        "generalAndAdministrativeExpenses": 0,
        "sellingAndMarketingExpenses": 0,
        "sellingGeneralAndAdministrativeExpenses": 0,
        "otherExpenses": 0,
        "operatingExpenses": 0,
        "costAndExpenses": 0,
        "interestIncome": 0,
        "interestExpense": 0,
        "depreciationAndAmortization": 0,
        "ebitda": 193000000,
        "ebitdaratio": 1,
        "operatingIncome": 193000000,
        "operatingIncomeRatio": 1,
        "totalOtherIncomeExpensesNet": -193000000,
        "incomeBeforeTax": 0,
        "incomeBeforeTaxRatio": 0,
        "incomeTaxExpense": -24000000,
        "netIncome": 24000000,
        "netIncomeRatio": 0.1243523316,
        "eps": 0.53,
        "epsdiluted": 0.53,
        "weightedAverageShsOut": 45000000,
        "weightedAverageShsOutDil": 45000000,
        "link": "",
        "finalLink": ""
    },
    {
        "date": "1994-06-30",
        "symbol": "EAF",
        "reportedCurrency": "USD",
        "cik": "0000931148",
        "fillingDate": "1994-06-30",
        "acceptedDate": "1994-06-29 20:00:00",
        "calendarYear": "1994",
        "period": "Q2",
        "revenue": 189000000,
        "costOfRevenue": 0,
        "grossProfit": 189000000,
        "grossProfitRatio": 1,
        "researchAndDevelopmentExpenses": 0,
        "generalAndAdministrativeExpenses": 0,
        "sellingAndMarketingExpenses": 0,
        "sellingGeneralAndAdministrativeExpenses": 0,
        "otherExpenses": 0,
        "operatingExpenses": 0,
        "costAndExpenses": 0,
        "interestIncome": 0,
        "interestExpense": 0,
        "depreciationAndAmortization": 0,
        "ebitda": 189000000,
        "ebitdaratio": 1,
        "operatingIncome": 189000000,
        "operatingIncomeRatio": 1,
        "totalOtherIncomeExpensesNet": -189000000,
        "incomeBeforeTax": 0,
        "incomeBeforeTaxRatio": 0,
        "incomeTaxExpense": -24000000,
        "netIncome": 24000000,
        "netIncomeRatio": 0.126984127,
        "eps": 0.53,
        "epsdiluted": 0.53,
        "weightedAverageShsOut": 45000000,
        "weightedAverageShsOutDil": 45000000,
        "link": "",
        "finalLink": ""
    },
    {
        "date": "1994-03-31",
        "symbol": "EAF",
        "reportedCurrency": "USD",
        "cik": "0000931148",
        "fillingDate": "1994-03-31",
        "acceptedDate": "1994-03-30 19:00:00",
        "calendarYear": "1994",
        "period": "Q1",
        "revenue": 175000000,
        "costOfRevenue": 0,
        "grossProfit": 175000000,
        "grossProfitRatio": 1,
        "researchAndDevelopmentExpenses": 0,
        "generalAndAdministrativeExpenses": 0,
        "sellingAndMarketingExpenses": 0,
        "sellingGeneralAndAdministrativeExpenses": 0,
        "otherExpenses": 0,
        "operatingExpenses": 0,
        "costAndExpenses": 0,
        "interestIncome": 0,
        "interestExpense": 0,
        "depreciationAndAmortization": 0,
        "ebitda": 175000000,
        "ebitdaratio": 1,
        "operatingIncome": 175000000,
        "operatingIncomeRatio": 1,
        "totalOtherIncomeExpensesNet": -175000000,
        "incomeBeforeTax": 0,
        "incomeBeforeTaxRatio": 0,
        "incomeTaxExpense": -17000000,
        "netIncome": 17000000,
        "netIncomeRatio": 0.0971428571,
        "eps": 0.38,
        "epsdiluted": 0.38,
        "weightedAverageShsOut": 45000000,
        "weightedAverageShsOutDil": 45000000,
        "link": "",
        "finalLink": ""
    }
]