[
    {
        "date": "2025-06-30",
        "symbol": "EP",
        "reportedCurrency": "USD",
        "cik": "0000887396",
        "fillingDate": "2025-08-13",
        "acceptedDate": "2025-08-13 16:12:14",
        "calendarYear": "2025",
        "period": "Q2",
        "revenue": 8754000,
        "costOfRevenue": 768000,
        "grossProfit": 7986000,
        "grossProfitRatio": 0.9122686772,
        "researchAndDevelopmentExpenses": 0,
        "generalAndAdministrativeExpenses": 2906000,
        "sellingAndMarketingExpenses": 0,
        "sellingGeneralAndAdministrativeExpenses": 2906000,
        "otherExpenses": 9983000,
        "operatingExpenses": 12889000,
        "costAndExpenses": 13657000,
        "interestIncome": 0,
        "interestExpense": 334000,
        "depreciationAndAmortization": 3230000,
        "ebitda": -1492000,
        "ebitdaratio": -0.1704363719,
        "operatingIncome": -4903000,
        "operatingIncomeRatio": -0.5600868175,
        "totalOtherIncomeExpensesNet": -153000,
        "incomeBeforeTax": -5056000,
        "incomeBeforeTaxRatio": -0.5775645419,
        "incomeTaxExpense": 0,
        "netIncome": -5056000,
        "netIncomeRatio": -0.5775645419,
        "eps": -0.15,
        "epsdiluted": -0.15,
        "weightedAverageShsOut": 33853310,
        "weightedAverageShsOutDil": 33853310,
        "link": "https://www.sec.gov/Archives/edgar/data/887396/000107261325000553/0001072613-25-000553-index.htm",
        "finalLink": "https://www.sec.gov/Archives/edgar/data/887396/000107261325000553/empire_form10q063025.htm"
    },
    {
        "date": "2025-03-31",
        "symbol": "EP",
        "reportedCurrency": "USD",
        "cik": "0000887396",
        "fillingDate": "2025-05-14",
        "acceptedDate": "2025-05-14 16:13:42",
        "calendarYear": "2025",
        "period": "Q1",
        "revenue": 9002000,
        "costOfRevenue": 8704000,
        "grossProfit": 298000,
        "grossProfitRatio": 0.0331037547,
        "researchAndDevelopmentExpenses": 0,
        "generalAndAdministrativeExpenses": 3728000,
        "sellingAndMarketingExpenses": 0,
        "sellingGeneralAndAdministrativeExpenses": 3728000,
        "otherExpenses": 526000,
        "operatingExpenses": 4254000,
        "costAndExpenses": 12958000,
        "interestIncome": 0,
        "interestExpense": 296000,
        "depreciationAndAmortization": 2347000,
        "ebitda": -1578000,
        "ebitdaratio": -0.175294379,
        "operatingIncome": -3956000,
        "operatingIncomeRatio": -0.4394578982,
        "totalOtherIncomeExpensesNet": -265000,
        "incomeBeforeTax": -4221000,
        "incomeBeforeTaxRatio": -0.4688958009,
        "incomeTaxExpense": 0,
        "netIncome": -4221000,
        "netIncomeRatio": -0.4688958009,
        "eps": -0.12,
        "epsdiluted": -0.12,
        "weightedAverageShsOut": 33821000,
        "weightedAverageShsOutDil": 33821000,
        "link": "https://www.sec.gov/Archives/edgar/data/887396/000107261325000399/0001072613-25-000399-index.htm",
        "finalLink": "https://www.sec.gov/Archives/edgar/data/887396/000107261325000399/empire_form10q033125.htm"
    },
    {
        "date": "2024-12-31",
        "symbol": "EP",
        "reportedCurrency": "USD",
        "cik": "0000887396",
        "fillingDate": "2025-03-27",
        "acceptedDate": "2025-03-27 16:11:58",
        "calendarYear": "2024",
        "period": "Q4",
        "revenue": 10087241,
        "costOfRevenue": 9780757,
        "grossProfit": 306484,
        "grossProfitRatio": 0.0303833328,
        "researchAndDevelopmentExpenses": 0,
        "generalAndAdministrativeExpenses": 4231885,
        "sellingAndMarketingExpenses": 0,
        "sellingGeneralAndAdministrativeExpenses": 4231885,
        "otherExpenses": 520115,
        "operatingExpenses": 4752000,
        "costAndExpenses": 14013000,
        "interestIncome": 0,
        "interestExpense": 268694,
        "depreciationAndAmortization": 2625982,
        "ebitda": -1299000,
        "ebitdaratio": -0.1287765406,
        "operatingIncome": -3925000,
        "operatingIncomeRatio": -0.3891054055,
        "totalOtherIncomeExpensesNet": -268000,
        "incomeBeforeTax": -4193000,
        "incomeBeforeTaxRatio": -0.4156736218,
        "incomeTaxExpense": 0,
        "netIncome": -4193000,
        "netIncomeRatio": -0.4156736218,
        "eps": -0.13,
        "epsdiluted": -0.13,
        "weightedAverageShsOut": 33034000,
        "weightedAverageShsOutDil": 33034000,
        "link": "https://www.sec.gov/Archives/edgar/data/887396/000107261325000246/0001072613-25-000246-index.htm",
        "finalLink": "https://www.sec.gov/Archives/edgar/data/887396/000107261325000246/empire_form10k123124.htm"
    },
    {
        "date": "2024-09-30",
        "symbol": "EP",
        "reportedCurrency": "USD",
        "cik": "0000887396",
        "fillingDate": "2024-11-13",
        "acceptedDate": "2024-11-13 16:30:41",
        "calendarYear": "2024",
        "period": "Q3",
        "revenue": 10907000,
        "costOfRevenue": 10314000,
        "grossProfit": 592805,
        "grossProfitRatio": 0.0543508756,
        "researchAndDevelopmentExpenses": 0,
        "generalAndAdministrativeExpenses": 3970994,
        "sellingAndMarketingExpenses": 0,
        "sellingGeneralAndAdministrativeExpenses": 3970994,
        "otherExpenses": 38006,
        "operatingExpenses": 4009000,
        "costAndExpenses": 14323000,
        "interestIncome": 0,
        "interestExpense": 196306,
        "depreciationAndAmortization": 2732000,
        "ebitda": -711000,
        "ebitdaratio": -0.0651874943,
        "operatingIncome": -3417000,
        "operatingIncomeRatio": -0.3132850463,
        "totalOtherIncomeExpensesNet": -223000,
        "incomeBeforeTax": -3640000,
        "incomeBeforeTaxRatio": -0.3337306317,
        "incomeTaxExpense": 0,
        "netIncome": -3640000,
        "netIncomeRatio": -0.3337306317,
        "eps": -0.12,
        "epsdiluted": -0.12,
        "weightedAverageShsOut": 31619000,
        "weightedAverageShsOutDil": 31619000,
        "link": "https://www.sec.gov/Archives/edgar/data/887396/000107261324000864/0001072613-24-000864-index.htm",
        "finalLink": "https://www.sec.gov/Archives/edgar/data/887396/000107261324000864/empire_form10q093024.htm"
    },
    {
        "date": "2024-06-30",
        "symbol": "EP",
        "reportedCurrency": "USD",
        "cik": "0000887396",
        "fillingDate": "2024-08-14",
        "acceptedDate": "2024-08-14 16:32:09",
        "calendarYear": "2024",
        "period": "Q2",
        "revenue": 12800000,
        "costOfRevenue": 11285000,
        "grossProfit": 1514000,
        "grossProfitRatio": 0.11828125,
        "researchAndDevelopmentExpenses": 0,
        "generalAndAdministrativeExpenses": 2945715,
        "sellingAndMarketingExpenses": 0,
        "sellingGeneralAndAdministrativeExpenses": 2945715,
        "otherExpenses": 494285,
        "operatingExpenses": 3440000,
        "costAndExpenses": 14724000,
        "interestIncome": 0,
        "interestExpense": 735220,
        "depreciationAndAmortization": 2813000,
        "ebitda": -842000,
        "ebitdaratio": -0.06578125,
        "operatingIncome": -1925000,
        "operatingIncomeRatio": -0.150390625,
        "totalOtherIncomeExpensesNet": -2464000,
        "incomeBeforeTax": -4390000,
        "incomeBeforeTaxRatio": -0.34296875,
        "incomeTaxExpense": 0,
        "netIncome": -4390000,
        "netIncomeRatio": -0.34296875,
        "eps": -0.15,
        "epsdiluted": -0.15,
        "weightedAverageShsOut": 29840000,
        "weightedAverageShsOutDil": 29840000,
        "link": "https://www.sec.gov/Archives/edgar/data/887396/000107261324000631/0001072613-24-000631-index.htm",
        "finalLink": "https://www.sec.gov/Archives/edgar/data/887396/000107261324000631/empire_form10q063024.htm"
    },
    {
        "date": "2024-03-31",
        "symbol": "EP",
        "reportedCurrency": "USD",
        "cik": "0000887396",
        "fillingDate": "2024-05-15",
        "acceptedDate": "2024-05-15 16:31:10",
        "calendarYear": "2024",
        "period": "Q1",
        "revenue": 10245000,
        "costOfRevenue": 8220000,
        "grossProfit": 2025000,
        "grossProfitRatio": 0.1976573939,
        "researchAndDevelopmentExpenses": 0,
        "generalAndAdministrativeExpenses": 3589000,
        "sellingAndMarketingExpenses": 0,
        "sellingGeneralAndAdministrativeExpenses": 3589000,
        "otherExpenses": 39,
        "operatingExpenses": 3589039,
        "costAndExpenses": 14642000,
        "interestIncome": 0,
        "interestExpense": 315049,
        "depreciationAndAmortization": 1626000,
        "ebitda": -2033000,
        "ebitdaratio": -0.1984382626,
        "operatingIncome": -4397000,
        "operatingIncomeRatio": -0.4291849683,
        "totalOtherIncomeExpensesNet": 423000,
        "incomeBeforeTax": -3975000,
        "incomeBeforeTaxRatio": -0.3879941435,
        "incomeTaxExpense": 0,
        "netIncome": -3975000,
        "netIncomeRatio": -0.3879941435,
        "eps": -0.15,
        "epsdiluted": -0.15,
        "weightedAverageShsOut": 25688000,
        "weightedAverageShsOutDil": 25688000,
        "link": "https://www.sec.gov/Archives/edgar/data/887396/000107261324000499/0001072613-24-000499-index.htm",
        "finalLink": "https://www.sec.gov/Archives/edgar/data/887396/000107261324000499/empire_form10q033124.htm"
    },
    {
        "date": "2023-12-31",
        "symbol": "EP",
        "reportedCurrency": "USD",
        "cik": "0000887396",
        "fillingDate": "2024-03-28",
        "acceptedDate": "2024-03-28 17:22:04",
        "calendarYear": "2023",
        "period": "Q4",
        "revenue": 9914000,
        "costOfRevenue": 10242985,
        "grossProfit": 149955,
        "grossProfitRatio": 0.01512558,
        "researchAndDevelopmentExpenses": 0,
        "generalAndAdministrativeExpenses": 5392000,
        "sellingAndMarketingExpenses": 0,
        "sellingGeneralAndAdministrativeExpenses": 5392000,
        "otherExpenses": 0,
        "operatingExpenses": 5392000,
        "costAndExpenses": 15634736,
        "interestIncome": 0,
        "interestExpense": 328445,
        "depreciationAndAmortization": 1513940,
        "ebitda": -2953029,
        "ebitdaratio": -0.297864535,
        "operatingIncome": -4467000,
        "operatingIncomeRatio": -0.4505749445,
        "totalOtherIncomeExpensesNet": -328000,
        "incomeBeforeTax": -4795000,
        "incomeBeforeTaxRatio": -0.4836594715,
        "incomeTaxExpense": 2528,
        "netIncome": -4797000,
        "netIncomeRatio": -0.4838612064,
        "eps": -0.21,
        "epsdiluted": -0.21,
        "weightedAverageShsOut": 22719000,
        "weightedAverageShsOutDil": 22719000,
        "link": "https://www.sec.gov/Archives/edgar/data/887396/000107261324000353/0001072613-24-000353-index.htm",
        "finalLink": "https://www.sec.gov/Archives/edgar/data/887396/000107261324000353/empire_form10k123123.htm"
    },
    {
        "date": "2023-09-30",
        "symbol": "EP",
        "reportedCurrency": "USD",
        "cik": "0000887396",
        "fillingDate": "2023-11-13",
        "acceptedDate": "2023-11-13 06:04:35",
        "calendarYear": "2023",
        "period": "Q3",
        "revenue": 10332000,
        "costOfRevenue": 9040743,
        "grossProfit": 1291000,
        "grossProfitRatio": 0.1249516067,
        "researchAndDevelopmentExpenses": 0,
        "generalAndAdministrativeExpenses": 2739000,
        "sellingAndMarketingExpenses": 0,
        "sellingGeneralAndAdministrativeExpenses": 2739000,
        "otherExpenses": 256,
        "operatingExpenses": 2739256,
        "costAndExpenses": 11780000,
        "interestIncome": 0,
        "interestExpense": 249796,
        "depreciationAndAmortization": 1323000,
        "ebitda": -1309932,
        "ebitdaratio": -0.1267839721,
        "operatingIncome": -2634000,
        "operatingIncomeRatio": -0.2549361208,
        "totalOtherIncomeExpensesNet": -248000,
        "incomeBeforeTax": -2882000,
        "incomeBeforeTaxRatio": -0.278939218,
        "incomeTaxExpense": -135000,
        "netIncome": -2748000,
        "netIncomeRatio": -0.2659698026,
        "eps": -0.12,
        "epsdiluted": -0.12,
        "weightedAverageShsOut": 22728000,
        "weightedAverageShsOutDil": 22728000,
        "link": "https://www.sec.gov/Archives/edgar/data/887396/000107261323000570/0001072613-23-000570-index.htm",
        "finalLink": "https://www.sec.gov/Archives/edgar/data/887396/000107261323000570/empire_form10q093023.htm"
    },
    {
        "date": "2023-06-30",
        "symbol": "EP",
        "reportedCurrency": "USD",
        "cik": "0000887396",
        "fillingDate": "2023-08-14",
        "acceptedDate": "2023-08-14 17:01:48",
        "calendarYear": "2023",
        "period": "Q2",
        "revenue": 9777000,
        "costOfRevenue": 8531000,
        "grossProfit": 1246000,
        "grossProfitRatio": 0.1274419556,
        "researchAndDevelopmentExpenses": 0,
        "generalAndAdministrativeExpenses": 3075000,
        "sellingAndMarketingExpenses": 0,
        "sellingGeneralAndAdministrativeExpenses": 3075000,
        "otherExpenses": 472018,
        "operatingExpenses": 3547000,
        "costAndExpenses": 12012000,
        "interestIncome": 0,
        "interestExpense": 184887,
        "depreciationAndAmortization": 798602,
        "ebitda": -1481000,
        "ebitdaratio": -0.1514779585,
        "operatingIncome": -2302000,
        "operatingIncomeRatio": -0.2354505472,
        "totalOtherIncomeExpensesNet": -163000,
        "incomeBeforeTax": -2465000,
        "incomeBeforeTaxRatio": -0.2521223279,
        "incomeTaxExpense": 0,
        "netIncome": -2465000,
        "netIncomeRatio": -0.2521223279,
        "eps": -0.11,
        "epsdiluted": -0.11,
        "weightedAverageShsOut": 22106000,
        "weightedAverageShsOutDil": 22106000,
        "link": "https://www.sec.gov/Archives/edgar/data/887396/000107261323000436/0001072613-23-000436-index.htm",
        "finalLink": "https://www.sec.gov/Archives/edgar/data/887396/000107261323000436/empire_form10q063023.htm"
    },
    {
        "date": "2023-03-31",
        "symbol": "EP",
        "reportedCurrency": "USD",
        "cik": "0000887396",
        "fillingDate": "2023-05-15",
        "acceptedDate": "2023-05-15 17:03:07",
        "calendarYear": "2023",
        "period": "Q1",
        "revenue": 10119000,
        "costOfRevenue": 7901000,
        "grossProfit": 2218000,
        "grossProfitRatio": 0.2191916197,
        "researchAndDevelopmentExpenses": 0,
        "generalAndAdministrativeExpenses": 3973000,
        "sellingAndMarketingExpenses": 0,
        "sellingGeneralAndAdministrativeExpenses": 3973000,
        "otherExpenses": 401275,
        "operatingExpenses": 4441000,
        "costAndExpenses": 12275000,
        "interestIncome": 0,
        "interestExpense": 237299,
        "depreciationAndAmortization": 698714,
        "ebitda": -1524000,
        "ebitdaratio": -0.1506077676,
        "operatingIncome": -2223000,
        "operatingIncomeRatio": -0.2196857397,
        "totalOtherIncomeExpensesNet": -237000,
        "incomeBeforeTax": -2460000,
        "incomeBeforeTaxRatio": -0.2431070264,
        "incomeTaxExpense": 0,
        "netIncome": -2460000,
        "netIncomeRatio": -0.2431070264,
        "eps": -0.11,
        "epsdiluted": -0.11,
        "weightedAverageShsOut": 22097000,
        "weightedAverageShsOutDil": 22097000,
        "link": "https://www.sec.gov/Archives/edgar/data/887396/000107261323000339/0001072613-23-000339-index.htm",
        "finalLink": "https://www.sec.gov/Archives/edgar/data/887396/000107261323000339/empire_form10q033123.htm"
    },
    {
        "date": "2022-12-31",
        "symbol": "EP",
        "reportedCurrency": "USD",
        "cik": "0000887396",
        "fillingDate": "2023-03-31",
        "acceptedDate": "2023-03-31 17:12:24",
        "calendarYear": "2022",
        "period": "Q4",
        "revenue": 11022000,
        "costOfRevenue": 7395000,
        "grossProfit": 2758000,
        "grossProfitRatio": 0.2502268191,
        "researchAndDevelopmentExpenses": 0,
        "generalAndAdministrativeExpenses": 3744000,
        "sellingAndMarketingExpenses": 0,
        "sellingGeneralAndAdministrativeExpenses": 3744000,
        "otherExpenses": 348799,
        "operatingExpenses": 4092000,
        "costAndExpenses": 12007000,
        "interestIncome": 0,
        "interestExpense": 161777,
        "depreciationAndAmortization": 996815,
        "ebitda": -1271000,
        "ebitdaratio": -0.1153148249,
        "operatingIncome": -2216000,
        "operatingIncomeRatio": -0.2010524406,
        "totalOtherIncomeExpensesNet": 135388,
        "incomeBeforeTax": -2081000,
        "incomeBeforeTaxRatio": -0.1888042098,
        "incomeTaxExpense": 208898,
        "netIncome": -2290000,
        "netIncomeRatio": -0.2077662856,
        "eps": -0.1,
        "epsdiluted": -0.1,
        "weightedAverageShsOut": 22447000,
        "weightedAverageShsOutDil": 23388000,
        "link": "https://www.sec.gov/Archives/edgar/data/887396/000107261323000285/0001072613-23-000285-index.htm",
        "finalLink": "https://www.sec.gov/Archives/edgar/data/887396/000107261323000285/empire_form10k123122.htm"
    },
    {
        "date": "2022-09-30",
        "symbol": "EP",
        "reportedCurrency": "USD",
        "cik": "0000887396",
        "fillingDate": "2022-11-14",
        "acceptedDate": "2022-11-14 16:08:21",
        "calendarYear": "2022",
        "period": "Q3",
        "revenue": 14750000,
        "costOfRevenue": 1652000,
        "grossProfit": 13098000,
        "grossProfitRatio": 0.888,
        "researchAndDevelopmentExpenses": 0,
        "generalAndAdministrativeExpenses": 2850000,
        "sellingAndMarketingExpenses": 0,
        "sellingGeneralAndAdministrativeExpenses": 2850000,
        "otherExpenses": 1994000,
        "operatingExpenses": 3150000,
        "costAndExpenses": 13350000,
        "interestIncome": 0,
        "interestExpense": 125330,
        "depreciationAndAmortization": 539543,
        "ebitda": 1982000,
        "ebitdaratio": 0.1343728814,
        "operatingIncome": 1442000,
        "operatingIncomeRatio": 0.0977627119,
        "totalOtherIncomeExpensesNet": -1226000,
        "incomeBeforeTax": 215941,
        "incomeBeforeTaxRatio": 0.0146400678,
        "incomeTaxExpense": 0,
        "netIncome": 215941,
        "netIncomeRatio": 0.0146400678,
        "eps": 0.0055,
        "epsdiluted": 0.0098,
        "weightedAverageShsOut": 24065000,
        "weightedAverageShsOutDil": 24513000,
        "link": "https://www.sec.gov/Archives/edgar/data/887396/000107261322000626/0001072613-22-000626-index.htm",
        "finalLink": "https://www.sec.gov/Archives/edgar/data/887396/000107261322000626/empire_form10q093022.htm"
    },
    {
        "date": "2022-06-30",
        "symbol": "EP",
        "reportedCurrency": "USD",
        "cik": "0000887396",
        "fillingDate": "2022-08-15",
        "acceptedDate": "2022-08-15 16:35:23",
        "calendarYear": "2022",
        "period": "Q2",
        "revenue": 16564000,
        "costOfRevenue": 6251000,
        "grossProfit": 14971000,
        "grossProfitRatio": 0.9038275779,
        "researchAndDevelopmentExpenses": 0,
        "generalAndAdministrativeExpenses": 3282000,
        "sellingAndMarketingExpenses": 0,
        "sellingGeneralAndAdministrativeExpenses": 3282000,
        "otherExpenses": 1930000,
        "operatingExpenses": 3643000,
        "costAndExpenses": 10716000,
        "interestIncome": 0,
        "interestExpense": 111785,
        "depreciationAndAmortization": 455799,
        "ebitda": 6280000,
        "ebitdaratio": 0.3791354745,
        "operatingIncome": 5824000,
        "operatingIncomeRatio": 0.3516058923,
        "totalOtherIncomeExpensesNet": -290000,
        "incomeBeforeTax": 5534000,
        "incomeBeforeTaxRatio": 0.334098044,
        "incomeTaxExpense": 0,
        "netIncome": 5534000,
        "netIncomeRatio": 0.334098044,
        "eps": 0.27,
        "epsdiluted": 0.24,
        "weightedAverageShsOut": 20437000,
        "weightedAverageShsOutDil": 23295000,
        "link": "https://www.sec.gov/Archives/edgar/data/887396/000107261322000511/0001072613-22-000511-index.htm",
        "finalLink": "https://www.sec.gov/Archives/edgar/data/887396/000107261322000511/empire_form10q063022.htm"
    },
    {
        "date": "2022-03-31",
        "symbol": "EP",
        "reportedCurrency": "USD",
        "cik": "0000887396",
        "fillingDate": "2022-05-16",
        "acceptedDate": "2022-05-16 16:17:17",
        "calendarYear": "2022",
        "period": "Q1",
        "revenue": 13158000,
        "costOfRevenue": 5908000,
        "grossProfit": 7066000,
        "grossProfitRatio": 0.5370117039,
        "researchAndDevelopmentExpenses": 0,
        "generalAndAdministrativeExpenses": 2455000,
        "sellingAndMarketingExpenses": 0,
        "sellingGeneralAndAdministrativeExpenses": 2455000,
        "otherExpenses": 1666000,
        "operatingExpenses": 2898000,
        "costAndExpenses": 8806000,
        "interestIncome": 0,
        "interestExpense": 110648,
        "depreciationAndAmortization": 434446,
        "ebitda": 4169000,
        "ebitdaratio": 0.3168414653,
        "operatingIncome": 3734000,
        "operatingIncomeRatio": 0.2837817297,
        "totalOtherIncomeExpensesNet": -111000,
        "incomeBeforeTax": 3623000,
        "incomeBeforeTaxRatio": 0.2753457972,
        "incomeTaxExpense": 0,
        "netIncome": 3623000,
        "netIncomeRatio": 0.2753457972,
        "eps": 0.18,
        "epsdiluted": 0.15,
        "weightedAverageShsOut": 20236000,
        "weightedAverageShsOutDil": 24018000,
        "link": "https://www.sec.gov/Archives/edgar/data/887396/000107261322000421/0001072613-22-000421-index.htm",
        "finalLink": "https://www.sec.gov/Archives/edgar/data/887396/000107261322000421/empire_form10q033122.htm"
    },
    {
        "date": "2021-12-31",
        "symbol": "EP",
        "reportedCurrency": "USD",
        "cik": "0000887396",
        "fillingDate": "2022-03-31",
        "acceptedDate": "2022-03-31 17:13:49",
        "calendarYear": "2021",
        "period": "Q4",
        "revenue": 11004000,
        "costOfRevenue": 1313000,
        "grossProfit": 9691000,
        "grossProfitRatio": 0.8806797528,
        "researchAndDevelopmentExpenses": 0,
        "generalAndAdministrativeExpenses": 2422000,
        "sellingAndMarketingExpenses": 0,
        "sellingGeneralAndAdministrativeExpenses": 2422000,
        "otherExpenses": 7114000,
        "operatingExpenses": 9522000,
        "costAndExpenses": 10835000,
        "interestIncome": 0,
        "interestExpense": 1228000,
        "depreciationAndAmortization": 809709,
        "ebitda": -6915000,
        "ebitdaratio": -0.6284078517,
        "operatingIncome": 155389,
        "operatingIncomeRatio": 0.0141211378,
        "totalOtherIncomeExpensesNet": -8775000,
        "incomeBeforeTax": -8620000,
        "incomeBeforeTaxRatio": -0.7833515085,
        "incomeTaxExpense": 0,
        "netIncome": -8620000,
        "netIncomeRatio": -0.7833515085,
        "eps": -0.43,
        "epsdiluted": -0.36,
        "weightedAverageShsOut": 19867000,
        "weightedAverageShsOutDil": 24018000,
        "link": "https://www.sec.gov/Archives/edgar/data/887396/000175392622000383/0001753926-22-000383-index.htm",
        "finalLink": "https://www.sec.gov/Archives/edgar/data/887396/000175392622000383/empire_form10k123121.htm"
    },
    {
        "date": "2021-09-30",
        "symbol": "EP",
        "reportedCurrency": "USD",
        "cik": "0000887396",
        "fillingDate": "2021-11-15",
        "acceptedDate": "2021-11-15 16:17:48",
        "calendarYear": "2021",
        "period": "Q3",
        "revenue": 10128000,
        "costOfRevenue": 1958000,
        "grossProfit": 8170000,
        "grossProfitRatio": 0.8066745656,
        "researchAndDevelopmentExpenses": 0,
        "generalAndAdministrativeExpenses": 1914000,
        "sellingAndMarketingExpenses": 0,
        "sellingGeneralAndAdministrativeExpenses": 1914000,
        "otherExpenses": 3956000,
        "operatingExpenses": 4199000,
        "costAndExpenses": 7796000,
        "interestIncome": 0,
        "interestExpense": 4468000,
        "depreciationAndAmortization": 1607000,
        "ebitda": 2069000,
        "ebitdaratio": 0.2042851501,
        "operatingIncome": 2299000,
        "operatingIncomeRatio": 0.2269944708,
        "totalOtherIncomeExpensesNet": -6026000,
        "incomeBeforeTax": -3726000,
        "incomeBeforeTaxRatio": -0.3678909953,
        "incomeTaxExpense": 0,
        "netIncome": -3726000,
        "netIncomeRatio": -0.3678909953,
        "eps": -0.23,
        "epsdiluted": -0.23,
        "weightedAverageShsOut": 16201000,
        "weightedAverageShsOutDil": 16561000,
        "link": "https://www.sec.gov/Archives/edgar/data/887396/000107261321000650/0001072613-21-000650-index.htm",
        "finalLink": "https://www.sec.gov/Archives/edgar/data/887396/000107261321000650/empire_form10q093021.htm"
    },
    {
        "date": "2021-06-30",
        "symbol": "EP",
        "reportedCurrency": "USD",
        "cik": "0000887396",
        "fillingDate": "2021-08-23",
        "acceptedDate": "2021-08-23 17:08:46",
        "calendarYear": "2021",
        "period": "Q2",
        "revenue": 4901000,
        "costOfRevenue": 984014,
        "grossProfit": 3917000,
        "grossProfitRatio": 0.799224648,
        "researchAndDevelopmentExpenses": 0,
        "generalAndAdministrativeExpenses": 3220000,
        "sellingAndMarketingExpenses": 0,
        "sellingGeneralAndAdministrativeExpenses": 3220000,
        "otherExpenses": -436000,
        "operatingExpenses": 4474000,
        "costAndExpenses": 6787000,
        "interestIncome": 0,
        "interestExpense": 2769000,
        "depreciationAndAmortization": 835488,
        "ebitda": -1668000,
        "ebitdaratio": -0.3403387064,
        "operatingIncome": -2068000,
        "operatingIncomeRatio": -0.4219547031,
        "totalOtherIncomeExpensesNet": -3204000,
        "incomeBeforeTax": -5272000,
        "incomeBeforeTaxRatio": -1.075698837,
        "incomeTaxExpense": 0,
        "netIncome": -5272000,
        "netIncomeRatio": -1.075698837,
        "eps": -0.34,
        "epsdiluted": -0.34,
        "weightedAverageShsOut": 15063000,
        "weightedAverageShsOutDil": 15177000,
        "link": "https://www.sec.gov/Archives/edgar/data/887396/000107261321000542/0001072613-21-000542-index.htm",
        "finalLink": "https://www.sec.gov/Archives/edgar/data/887396/000107261321000542/form10q063021.htm"
    },
    {
        "date": "2021-03-31",
        "symbol": "EP",
        "reportedCurrency": "USD",
        "cik": "0000887396",
        "fillingDate": "2021-05-17",
        "acceptedDate": "2021-05-17 16:39:25",
        "calendarYear": "2021",
        "period": "Q1",
        "revenue": 2456000,
        "costOfRevenue": 350372,
        "grossProfit": 2106000,
        "grossProfitRatio": 0.8574918567,
        "researchAndDevelopmentExpenses": 0,
        "generalAndAdministrativeExpenses": 906048,
        "sellingAndMarketingExpenses": 0,
        "sellingGeneralAndAdministrativeExpenses": 906048,
        "otherExpenses": 284465,
        "operatingExpenses": 2959000,
        "costAndExpenses": 3147000,
        "interestIncome": 0,
        "interestExpense": 136828,
        "depreciationAndAmortization": 465005,
        "ebitda": -395000,
        "ebitdaratio": -0.1608306189,
        "operatingIncome": -860000,
        "operatingIncomeRatio": -0.3501628664,
        "totalOtherIncomeExpensesNet": -137000,
        "incomeBeforeTax": -997000,
        "incomeBeforeTaxRatio": -0.4059446254,
        "incomeTaxExpense": 0,
        "netIncome": -997000,
        "netIncomeRatio": -0.4059446254,
        "eps": -0.13,
        "epsdiluted": -0.13,
        "weightedAverageShsOut": 7671000,
        "weightedAverageShsOutDil": 7955000,
        "link": "https://www.sec.gov/Archives/edgar/data/887396/000107261321000426/0001072613-21-000426-index.htm",
        "finalLink": "https://www.sec.gov/Archives/edgar/data/887396/000107261321000426/form10q033121.htm"
    },
    {
        "date": "2020-12-31",
        "symbol": "EP",
        "reportedCurrency": "USD",
        "cik": "0000887396",
        "fillingDate": "2021-03-31",
        "acceptedDate": "2021-03-31 17:28:37",
        "calendarYear": "2020",
        "period": "Q4",
        "revenue": 2035000,
        "costOfRevenue": 2222000,
        "grossProfit": -188000,
        "grossProfitRatio": -0.0923832924,
        "researchAndDevelopmentExpenses": 0,
        "generalAndAdministrativeExpenses": 3652000,
        "sellingAndMarketingExpenses": 0,
        "sellingGeneralAndAdministrativeExpenses": 3652000,
        "otherExpenses": 298148,
        "operatingExpenses": 3722000,
        "costAndExpenses": 15590000,
        "interestIncome": 0,
        "interestExpense": 140212,
        "depreciationAndAmortization": 2134000,
        "ebitda": -11261000,
        "ebitdaratio": -5.5336609337,
        "operatingIncome": -13669000,
        "operatingIncomeRatio": -6.716953317,
        "totalOtherIncomeExpensesNet": -140000,
        "incomeBeforeTax": -13809000,
        "incomeBeforeTaxRatio": -6.7857493857,
        "incomeTaxExpense": 0,
        "netIncome": -13809000,
        "netIncomeRatio": -6.7857493857,
        "eps": -1.74,
        "epsdiluted": -1.74,
        "weightedAverageShsOut": 6229000,
        "weightedAverageShsOutDil": 6229000,
        "link": "https://www.sec.gov/Archives/edgar/data/887396/000107261321000331/0001072613-21-000331-index.htm",
        "finalLink": "https://www.sec.gov/Archives/edgar/data/887396/000107261321000331/form10k123120.htm"
    },
    {
        "date": "2020-09-30",
        "symbol": "EP",
        "reportedCurrency": "USD",
        "cik": "0000887396",
        "fillingDate": "2020-11-16",
        "acceptedDate": "2020-11-16 15:17:33",
        "calendarYear": "2020",
        "period": "Q3",
        "revenue": 1645000,
        "costOfRevenue": 342744,
        "grossProfit": 1303000,
        "grossProfitRatio": 0.7920972644,
        "researchAndDevelopmentExpenses": 0,
        "generalAndAdministrativeExpenses": 1279000,
        "sellingAndMarketingExpenses": 0,
        "sellingGeneralAndAdministrativeExpenses": 1279000,
        "otherExpenses": 1665000,
        "operatingExpenses": 2944000,
        "costAndExpenses": 3287000,
        "interestIncome": 0,
        "interestExpense": 124887,
        "depreciationAndAmortization": 254114,
        "ebitda": -1262000,
        "ebitdaratio": -0.7671732523,
        "operatingIncome": -1641000,
        "operatingIncomeRatio": -0.9975683891,
        "totalOtherIncomeExpensesNet": 113,
        "incomeBeforeTax": -1641000,
        "incomeBeforeTaxRatio": -0.9975683891,
        "incomeTaxExpense": 0,
        "netIncome": -1641000,
        "netIncomeRatio": -0.9975683891,
        "eps": -0.28,
        "epsdiluted": -0.28,
        "weightedAverageShsOut": 5867000,
        "weightedAverageShsOutDil": 5867000,
        "link": "https://www.sec.gov/Archives/edgar/data/887396/000107261320000378/0001072613-20-000378-index.htm",
        "finalLink": "https://www.sec.gov/Archives/edgar/data/887396/000107261320000378/form10q093020.htm"
    },
    {
        "date": "2020-06-30",
        "symbol": "EP",
        "reportedCurrency": "USD",
        "cik": "0000887396",
        "fillingDate": "2020-08-14",
        "acceptedDate": "2020-08-14 14:55:43",
        "calendarYear": "2020",
        "period": "Q2",
        "revenue": 994529,
        "costOfRevenue": 547137,
        "grossProfit": 447392,
        "grossProfitRatio": 0.4498531466,
        "researchAndDevelopmentExpenses": 0,
        "generalAndAdministrativeExpenses": 1914000,
        "sellingAndMarketingExpenses": 0,
        "sellingGeneralAndAdministrativeExpenses": 1914000,
        "otherExpenses": 1146000,
        "operatingExpenses": 2719000,
        "costAndExpenses": 3442000,
        "interestIncome": 0,
        "interestExpense": 123219,
        "depreciationAndAmortization": 486567,
        "ebitda": -2363000,
        "ebitdaratio": -2.375999091,
        "operatingIncome": -2850000,
        "operatingIncomeRatio": -2.865678125,
        "totalOtherIncomeExpensesNet": -123000,
        "incomeBeforeTax": -2973000,
        "incomeBeforeTaxRatio": -2.9893547599,
        "incomeTaxExpense": 0,
        "netIncome": -2973000,
        "netIncomeRatio": -2.9893547599,
        "eps": -0.55,
        "epsdiluted": -0.55,
        "weightedAverageShsOut": 5348000,
        "weightedAverageShsOutDil": 5348000,
        "link": "https://www.sec.gov/Archives/edgar/data/887396/000107261320000282/0001072613-20-000282-index.htm",
        "finalLink": "https://www.sec.gov/Archives/edgar/data/887396/000107261320000282/form10q063020.htm"
    },
    {
        "date": "2020-03-31",
        "symbol": "EP",
        "reportedCurrency": "USD",
        "cik": "0000887396",
        "fillingDate": "2020-05-15",
        "acceptedDate": "2020-05-15 16:04:01",
        "calendarYear": "2020",
        "period": "Q1",
        "revenue": 1314000,
        "costOfRevenue": 351977,
        "grossProfit": 962422,
        "grossProfitRatio": 0.7324368341,
        "researchAndDevelopmentExpenses": 0,
        "generalAndAdministrativeExpenses": 528983,
        "sellingAndMarketingExpenses": 0,
        "sellingGeneralAndAdministrativeExpenses": 528983,
        "otherExpenses": 98954,
        "operatingExpenses": 385298,
        "costAndExpenses": 653316,
        "interestIncome": 0,
        "interestExpense": 132869,
        "depreciationAndAmortization": 268018,
        "ebitda": 1989000,
        "ebitdaratio": 1.5136986301,
        "operatingIncome": 577124,
        "operatingIncomeRatio": 0.4392115677,
        "totalOtherIncomeExpensesNet": 1011000,
        "incomeBeforeTax": 1588000,
        "incomeBeforeTaxRatio": 1.2085235921,
        "incomeTaxExpense": 0,
        "netIncome": 1588000,
        "netIncomeRatio": 1.2085235921,
        "eps": 0.31,
        "epsdiluted": 0.31,
        "weightedAverageShsOut": 5263000,
        "weightedAverageShsOutDil": 5263000,
        "link": "https://www.sec.gov/Archives/edgar/data/887396/000107261320000180/0001072613-20-000180-index.htm",
        "finalLink": "https://www.sec.gov/Archives/edgar/data/887396/000107261320000180/form10q33120.htm"
    },
    {
        "date": "2019-12-31",
        "symbol": "EP",
        "reportedCurrency": "USD",
        "cik": "0000887396",
        "fillingDate": "2020-03-30",
        "acceptedDate": "2020-03-30 17:30:16",
        "calendarYear": "2019",
        "period": "Q4",
        "revenue": 1809000,
        "costOfRevenue": 1822000,
        "grossProfit": -13104,
        "grossProfitRatio": -0.0072437811,
        "researchAndDevelopmentExpenses": 0,
        "generalAndAdministrativeExpenses": 508484,
        "sellingAndMarketingExpenses": 0,
        "sellingGeneralAndAdministrativeExpenses": 508484,
        "otherExpenses": 2431000,
        "operatingExpenses": 2048000,
        "costAndExpenses": 4642000,
        "interestIncome": 0,
        "interestExpense": 161351,
        "depreciationAndAmortization": 1702000,
        "ebitda": -1251000,
        "ebitdaratio": -0.6915422886,
        "operatingIncome": -2953000,
        "operatingIncomeRatio": -1.6323935876,
        "totalOtherIncomeExpensesNet": -161000,
        "incomeBeforeTax": -3114000,
        "incomeBeforeTaxRatio": -1.7213930348,
        "incomeTaxExpense": 0,
        "netIncome": -3114000,
        "netIncomeRatio": -1.7213930348,
        "eps": -0.59,
        "epsdiluted": -0.59,
        "weightedAverageShsOut": 5263000,
        "weightedAverageShsOutDil": 5263000,
        "link": "https://www.sec.gov/Archives/edgar/data/887396/000107261320000149/0001072613-20-000149-index.htm",
        "finalLink": "https://www.sec.gov/Archives/edgar/data/887396/000107261320000149/form10k123119.htm"
    },
    {
        "date": "2019-09-30",
        "symbol": "EP",
        "reportedCurrency": "USD",
        "cik": "0000887396",
        "fillingDate": "2019-11-14",
        "acceptedDate": "2019-11-14 15:04:54",
        "calendarYear": "2019",
        "period": "Q3",
        "revenue": 1695000,
        "costOfRevenue": 879250,
        "grossProfit": 816014,
        "grossProfitRatio": 0.4814241888,
        "researchAndDevelopmentExpenses": 0,
        "generalAndAdministrativeExpenses": 469792,
        "sellingAndMarketingExpenses": 0,
        "sellingGeneralAndAdministrativeExpenses": 469792,
        "otherExpenses": 1148000,
        "operatingExpenses": 1618000,
        "costAndExpenses": 2387000,
        "interestIncome": 0,
        "interestExpense": 145345,
        "depreciationAndAmortization": 769372,
        "ebitda": -32236,
        "ebitdaratio": -0.0190182891,
        "operatingIncome": -802000,
        "operatingIncomeRatio": -0.4731563422,
        "totalOtherIncomeExpensesNet": -145000,
        "incomeBeforeTax": -947000,
        "incomeBeforeTaxRatio": -0.5587020649,
        "incomeTaxExpense": 0,
        "netIncome": -947000,
        "netIncomeRatio": -0.5587020649,
        "eps": -0.19,
        "epsdiluted": -0.19,
        "weightedAverageShsOut": 4967000,
        "weightedAverageShsOutDil": 4967000,
        "link": "https://www.sec.gov/Archives/edgar/data/887396/000107261319000295/0001072613-19-000295-index.htm",
        "finalLink": "https://www.sec.gov/Archives/edgar/data/887396/000107261319000295/form10q_18352.htm"
    },
    {
        "date": "2019-06-30",
        "symbol": "EP",
        "reportedCurrency": "USD",
        "cik": "0000887396",
        "fillingDate": "2019-08-14",
        "acceptedDate": "2019-08-14 16:32:25",
        "calendarYear": "2019",
        "period": "Q2",
        "revenue": 1997000,
        "costOfRevenue": 991944,
        "grossProfit": 1005000,
        "grossProfitRatio": 0.5032548823,
        "researchAndDevelopmentExpenses": 0,
        "generalAndAdministrativeExpenses": 2044000,
        "sellingAndMarketingExpenses": 0,
        "sellingGeneralAndAdministrativeExpenses": 2044000,
        "otherExpenses": 803884,
        "operatingExpenses": 2848000,
        "costAndExpenses": 3840000,
        "interestIncome": 0,
        "interestExpense": 162968,
        "depreciationAndAmortization": 862120,
        "ebitda": -981000,
        "ebitdaratio": -0.4912368553,
        "operatingIncome": -1843000,
        "operatingIncomeRatio": -0.9228843265,
        "totalOtherIncomeExpensesNet": -163000,
        "incomeBeforeTax": -2006000,
        "incomeBeforeTaxRatio": -1.0045067601,
        "incomeTaxExpense": 0,
        "netIncome": -2006000,
        "netIncomeRatio": -1.0045067601,
        "eps": -0.41,
        "epsdiluted": -0.41,
        "weightedAverageShsOut": 4840000,
        "weightedAverageShsOutDil": 4840000,
        "link": "https://www.sec.gov/Archives/edgar/data/887396/000107261319000260/0001072613-19-000260-index.htm",
        "finalLink": "https://www.sec.gov/Archives/edgar/data/887396/000107261319000260/form10q_18337.htm"
    },
    {
        "date": "2019-03-31",
        "symbol": "EP",
        "reportedCurrency": "USD",
        "cik": "0000887396",
        "fillingDate": "2019-05-15",
        "acceptedDate": "2019-05-15 17:01:49",
        "calendarYear": "2019",
        "period": "Q1",
        "revenue": 343965,
        "costOfRevenue": 37735,
        "grossProfit": 306230,
        "grossProfitRatio": 0.8902940706,
        "researchAndDevelopmentExpenses": 0,
        "generalAndAdministrativeExpenses": 612589,
        "sellingAndMarketingExpenses": 0,
        "sellingGeneralAndAdministrativeExpenses": 612589,
        "otherExpenses": 247200,
        "operatingExpenses": 771675,
        "costAndExpenses": 897524,
        "interestIncome": 0,
        "interestExpense": 33943,
        "depreciationAndAmortization": 18086,
        "ebitda": -529000,
        "ebitdaratio": -1.5379471749,
        "operatingIncome": -554000,
        "operatingIncomeRatio": -1.6106289884,
        "totalOtherIncomeExpensesNet": -33943,
        "incomeBeforeTax": -588000,
        "incomeBeforeTaxRatio": -1.7094762549,
        "incomeTaxExpense": 0,
        "netIncome": -588000,
        "netIncomeRatio": -1.7094762549,
        "eps": -0.13,
        "epsdiluted": -0.13,
        "weightedAverageShsOut": 4534000,
        "weightedAverageShsOutDil": 4534000,
        "link": "https://www.sec.gov/Archives/edgar/data/887396/000107261319000197/0001072613-19-000197-index.htm",
        "finalLink": "https://www.sec.gov/Archives/edgar/data/887396/000107261319000197/form10q_18314.htm"
    },
    {
        "date": "2018-12-31",
        "symbol": "EP",
        "reportedCurrency": "USD",
        "cik": "0000887396",
        "fillingDate": "2019-04-01",
        "acceptedDate": "2019-04-01 17:31:09",
        "calendarYear": "2018",
        "period": "Q4",
        "revenue": 328097,
        "costOfRevenue": 32427,
        "grossProfit": 295670,
        "grossProfitRatio": 0.9011664233,
        "researchAndDevelopmentExpenses": 0,
        "generalAndAdministrativeExpenses": 583989,
        "sellingAndMarketingExpenses": 0,
        "sellingGeneralAndAdministrativeExpenses": 583989,
        "otherExpenses": 1929,
        "operatingExpenses": 562997,
        "costAndExpenses": 577270,
        "interestIncome": 0,
        "interestExpense": 39678,
        "depreciationAndAmortization": 14273,
        "ebitda": -253000,
        "ebitdaratio": -0.7711134207,
        "operatingIncome": -267000,
        "operatingIncomeRatio": -0.8137837286,
        "totalOtherIncomeExpensesNet": -39678,
        "incomeBeforeTax": -307000,
        "incomeBeforeTaxRatio": -0.9356988939,
        "incomeTaxExpense": 0,
        "netIncome": -307000,
        "netIncomeRatio": -0.9356988939,
        "eps": -0.0705,
        "epsdiluted": -0.069,
        "weightedAverageShsOut": 4352000,
        "weightedAverageShsOutDil": 4451000,
        "link": "https://www.sec.gov/Archives/edgar/data/887396/000107261319000158/0001072613-19-000158-index.htm",
        "finalLink": "https://www.sec.gov/Archives/edgar/data/887396/000107261319000158/form10k_18305.htm"
    },
    {
        "date": "2018-09-30",
        "symbol": "EP",
        "reportedCurrency": "USD",
        "cik": "0000887396",
        "fillingDate": "2018-11-14",
        "acceptedDate": "2018-11-14 17:06:20",
        "calendarYear": "2018",
        "period": "Q3",
        "revenue": 24277,
        "costOfRevenue": 4294,
        "grossProfit": -4891,
        "grossProfitRatio": -0.2014664085,
        "researchAndDevelopmentExpenses": 0,
        "generalAndAdministrativeExpenses": 205397,
        "sellingAndMarketingExpenses": 0,
        "sellingGeneralAndAdministrativeExpenses": 205397,
        "otherExpenses": 26128,
        "operatingExpenses": 206651,
        "costAndExpenses": 235819,
        "interestIncome": 0,
        "interestExpense": 22032,
        "depreciationAndAmortization": 418,
        "ebitda": -211124,
        "ebitdaratio": -8.6964616715,
        "operatingIncome": -211542,
        "operatingIncomeRatio": -8.7136796144,
        "totalOtherIncomeExpensesNet": -22032,
        "incomeBeforeTax": -233574,
        "incomeBeforeTaxRatio": -9.621205256,
        "incomeTaxExpense": -418,
        "netIncome": -233574,
        "netIncomeRatio": -9.621205256,
        "eps": -0.0716,
        "epsdiluted": -0.0716,
        "weightedAverageShsOut": 3260120,
        "weightedAverageShsOutDil": 3260120,
        "link": "https://www.sec.gov/Archives/edgar/data/887396/000107261318000536/0001072613-18-000536-index.htm",
        "finalLink": "https://www.sec.gov/Archives/edgar/data/887396/000107261318000536/form10q_18265.htm"
    },
    {
        "date": "2018-06-30",
        "symbol": "EP",
        "reportedCurrency": "USD",
        "cik": "0000887396",
        "fillingDate": "2018-08-14",
        "acceptedDate": "2018-08-14 16:55:30",
        "calendarYear": "2018",
        "period": "Q2",
        "revenue": 0,
        "costOfRevenue": 210402,
        "grossProfit": -210000,
        "grossProfitRatio": 0,
        "researchAndDevelopmentExpenses": 0,
        "generalAndAdministrativeExpenses": 210402,
        "sellingAndMarketingExpenses": 0,
        "sellingGeneralAndAdministrativeExpenses": 210402,
        "otherExpenses": 0,
        "operatingExpenses": 210402,
        "costAndExpenses": 210402,
        "interestIncome": 0,
        "interestExpense": 19845,
        "depreciationAndAmortization": 210402,
        "ebitda": -210000,
        "ebitdaratio": 0,
        "operatingIncome": -210000,
        "operatingIncomeRatio": 0,
        "totalOtherIncomeExpensesNet": -19845,
        "incomeBeforeTax": -230000,
        "incomeBeforeTaxRatio": 0,
        "incomeTaxExpense": 0,
        "netIncome": -230000,
        "netIncomeRatio": 0,
        "eps": -0.0819,
        "epsdiluted": -0.0819,
        "weightedAverageShsOut": 2864000,
        "weightedAverageShsOutDil": 2864000,
        "link": "https://www.sec.gov/Archives/edgar/data/887396/000107261318000444/0001072613-18-000444-index.htm",
        "finalLink": "https://www.sec.gov/Archives/edgar/data/887396/000107261318000444/form10q_18235.htm"
    },
    {
        "date": "2018-03-31",
        "symbol": "EP",
        "reportedCurrency": "USD",
        "cik": "0000887396",
        "fillingDate": "2018-05-15",
        "acceptedDate": "2018-05-15 13:40:22",
        "calendarYear": "2018",
        "period": "Q1",
        "revenue": 0,
        "costOfRevenue": 86084,
        "grossProfit": 0,
        "grossProfitRatio": 0,
        "researchAndDevelopmentExpenses": 0,
        "generalAndAdministrativeExpenses": 226677,
        "sellingAndMarketingExpenses": 0,
        "sellingGeneralAndAdministrativeExpenses": 226677,
        "otherExpenses": 0,
        "operatingExpenses": 226677,
        "costAndExpenses": 226677,
        "interestIncome": 0,
        "interestExpense": 19628,
        "depreciationAndAmortization": 226677,
        "ebitda": -227000,
        "ebitdaratio": 0,
        "operatingIncome": -227000,
        "operatingIncomeRatio": 0,
        "totalOtherIncomeExpensesNet": -19628,
        "incomeBeforeTax": -246000,
        "incomeBeforeTaxRatio": 0,
        "incomeTaxExpense": 0,
        "netIncome": -246000,
        "netIncomeRatio": 0,
        "eps": -0.0905,
        "epsdiluted": -0.0905,
        "weightedAverageShsOut": 2773000,
        "weightedAverageShsOutDil": 2773000,
        "link": "https://www.sec.gov/Archives/edgar/data/887396/000107261318000340/0001072613-18-000340-index.htm",
        "finalLink": "https://www.sec.gov/Archives/edgar/data/887396/000107261318000340/form10q_18207.htm"
    },
    {
        "date": "2017-12-31",
        "symbol": "EP",
        "reportedCurrency": "USD",
        "cik": "0000887396",
        "fillingDate": "2018-04-02",
        "acceptedDate": "2018-04-02 14:31:41",
        "calendarYear": "2017",
        "period": "Q4",
        "revenue": 0,
        "costOfRevenue": 592809,
        "grossProfit": 0,
        "grossProfitRatio": 0,
        "researchAndDevelopmentExpenses": 0,
        "generalAndAdministrativeExpenses": 592809,
        "sellingAndMarketingExpenses": 0,
        "sellingGeneralAndAdministrativeExpenses": 592809,
        "otherExpenses": 0,
        "operatingExpenses": 592809,
        "costAndExpenses": 592809,
        "interestIncome": 0,
        "interestExpense": 20685,
        "depreciationAndAmortization": -164000,
        "ebitda": -593000,
        "ebitdaratio": 0,
        "operatingIncome": -593000,
        "operatingIncomeRatio": 0,
        "totalOtherIncomeExpensesNet": -20685,
        "incomeBeforeTax": -613000,
        "incomeBeforeTaxRatio": 0,
        "incomeTaxExpense": 0,
        "netIncome": -613000,
        "netIncomeRatio": 0,
        "eps": -0.23,
        "epsdiluted": -0.23,
        "weightedAverageShsOut": 2202000,
        "weightedAverageShsOutDil": 2202000,
        "link": "https://www.sec.gov/Archives/edgar/data/887396/000107261318000257/0001072613-18-000257-index.htm",
        "finalLink": "https://www.sec.gov/Archives/edgar/data/887396/000107261318000257/form10k_18191.htm"
    },
    {
        "date": "2017-09-30",
        "symbol": "EP",
        "reportedCurrency": "USD",
        "cik": "0000887396",
        "fillingDate": "2017-11-13",
        "acceptedDate": "2017-11-13 14:39:30",
        "calendarYear": "2017",
        "period": "Q3",
        "revenue": 0,
        "costOfRevenue": 51250,
        "grossProfit": -51250,
        "grossProfitRatio": 0,
        "researchAndDevelopmentExpenses": 0,
        "generalAndAdministrativeExpenses": 51250,
        "sellingAndMarketingExpenses": 0,
        "sellingGeneralAndAdministrativeExpenses": 51250,
        "otherExpenses": 0,
        "operatingExpenses": 51250,
        "costAndExpenses": 51250,
        "interestIncome": 0,
        "interestExpense": 17399,
        "depreciationAndAmortization": 51250,
        "ebitda": -51250,
        "ebitdaratio": 0,
        "operatingIncome": -51250,
        "operatingIncomeRatio": 0,
        "totalOtherIncomeExpensesNet": -17399,
        "incomeBeforeTax": -68649,
        "incomeBeforeTaxRatio": 0,
        "incomeTaxExpense": 0,
        "netIncome": -68649,
        "netIncomeRatio": 0,
        "eps": -0.0313,
        "epsdiluted": -0.0313,
        "weightedAverageShsOut": 2194831,
        "weightedAverageShsOutDil": 2194831,
        "link": "https://www.sec.gov/Archives/edgar/data/887396/000107261317000561/0001072613-17-000561-index.htm",
        "finalLink": "https://www.sec.gov/Archives/edgar/data/887396/000107261317000561/form10q_18127.htm"
    },
    {
        "date": "2017-06-30",
        "symbol": "EP",
        "reportedCurrency": "USD",
        "cik": "0000887396",
        "fillingDate": "2017-08-10",
        "acceptedDate": "2017-08-10 14:24:48",
        "calendarYear": "2017",
        "period": "Q2",
        "revenue": 0,
        "costOfRevenue": 26926,
        "grossProfit": -26926,
        "grossProfitRatio": 0,
        "researchAndDevelopmentExpenses": 0,
        "generalAndAdministrativeExpenses": 26926,
        "sellingAndMarketingExpenses": 0,
        "sellingGeneralAndAdministrativeExpenses": 26926,
        "otherExpenses": 0,
        "operatingExpenses": 26926,
        "costAndExpenses": 26926,
        "interestIncome": 0,
        "interestExpense": 16628,
        "depreciationAndAmortization": 26926,
        "ebitda": -26926,
        "ebitdaratio": 0,
        "operatingIncome": -26926,
        "operatingIncomeRatio": 0,
        "totalOtherIncomeExpensesNet": -16628,
        "incomeBeforeTax": -43554,
        "incomeBeforeTaxRatio": 0,
        "incomeTaxExpense": 0,
        "netIncome": -43554,
        "netIncomeRatio": 0,
        "eps": -0.02,
        "epsdiluted": -0.02,
        "weightedAverageShsOut": 2177652,
        "weightedAverageShsOutDil": 2177652,
        "link": "https://www.sec.gov/Archives/edgar/data/887396/000107261317000421/0001072613-17-000421-index.htm",
        "finalLink": "https://www.sec.gov/Archives/edgar/data/887396/000107261317000421/form10q_18096.htm"
    },
    {
        "date": "2017-03-31",
        "symbol": "EP",
        "reportedCurrency": "USD",
        "cik": "0000887396",
        "fillingDate": "2017-05-15",
        "acceptedDate": "2017-05-15 16:51:25",
        "calendarYear": "2017",
        "period": "Q1",
        "revenue": 0,
        "costOfRevenue": 86084,
        "grossProfit": -86084,
        "grossProfitRatio": 0,
        "researchAndDevelopmentExpenses": 0,
        "generalAndAdministrativeExpenses": 86084,
        "sellingAndMarketingExpenses": 0,
        "sellingGeneralAndAdministrativeExpenses": 86084,
        "otherExpenses": 0,
        "operatingExpenses": 86084,
        "costAndExpenses": 86084,
        "interestIncome": 0,
        "interestExpense": 18286,
        "depreciationAndAmortization": 86084,
        "ebitda": -86084,
        "ebitdaratio": 0,
        "operatingIncome": -86084,
        "operatingIncomeRatio": 0,
        "totalOtherIncomeExpensesNet": -18286,
        "incomeBeforeTax": -104370,
        "incomeBeforeTaxRatio": 0,
        "incomeTaxExpense": 0,
        "netIncome": -104370,
        "netIncomeRatio": 0,
        "eps": -0.0479,
        "epsdiluted": -0.0479,
        "weightedAverageShsOut": 2177652,
        "weightedAverageShsOutDil": 2177652,
        "link": "https://www.sec.gov/Archives/edgar/data/887396/000107261317000302/0001072613-17-000302-index.htm",
        "finalLink": "https://www.sec.gov/Archives/edgar/data/887396/000107261317000302/form10q_18069.htm"
    },
    {
        "date": "2016-12-31",
        "symbol": "EP",
        "reportedCurrency": "USD",
        "cik": "0000887396",
        "fillingDate": "2017-03-31",
        "acceptedDate": "2017-03-31 16:05:46",
        "calendarYear": "2016",
        "period": "Q4",
        "revenue": 0,
        "costOfRevenue": 216177,
        "grossProfit": 0,
        "grossProfitRatio": 0,
        "researchAndDevelopmentExpenses": 0,
        "generalAndAdministrativeExpenses": 34702,
        "sellingAndMarketingExpenses": 0,
        "sellingGeneralAndAdministrativeExpenses": 34702,
        "otherExpenses": 181475,
        "operatingExpenses": 34702,
        "costAndExpenses": 216177,
        "interestIncome": 0,
        "interestExpense": 3837,
        "depreciationAndAmortization": 34702,
        "ebitda": -216177,
        "ebitdaratio": 0,
        "operatingIncome": -216177,
        "operatingIncomeRatio": 0,
        "totalOtherIncomeExpensesNet": -3837,
        "incomeBeforeTax": -220014,
        "incomeBeforeTaxRatio": 0,
        "incomeTaxExpense": 0,
        "netIncome": -220014,
        "netIncomeRatio": 0,
        "eps": -0.1,
        "epsdiluted": -0.1,
        "weightedAverageShsOut": 2177652,
        "weightedAverageShsOutDil": 2177652,
        "link": "https://www.sec.gov/Archives/edgar/data/887396/000107261317000226/0001072613-17-000226-index.htm",
        "finalLink": "https://www.sec.gov/Archives/edgar/data/887396/000107261317000226/form10k_18056.htm"
    },
    {
        "date": "2016-09-30",
        "symbol": "EP",
        "reportedCurrency": "USD",
        "cik": "0000887396",
        "fillingDate": "2016-11-14",
        "acceptedDate": "2016-11-14 17:38:40",
        "calendarYear": "2016",
        "period": "Q3",
        "revenue": 0,
        "costOfRevenue": 18859,
        "grossProfit": -18859,
        "grossProfitRatio": 0,
        "researchAndDevelopmentExpenses": 0,
        "generalAndAdministrativeExpenses": 18859,
        "sellingAndMarketingExpenses": 0,
        "sellingGeneralAndAdministrativeExpenses": 18859,
        "otherExpenses": 0,
        "operatingExpenses": 18859,
        "costAndExpenses": 18859,
        "interestIncome": 0,
        "interestExpense": 0,
        "depreciationAndAmortization": 18859,
        "ebitda": -18859,
        "ebitdaratio": 0,
        "operatingIncome": -18859,
        "operatingIncomeRatio": 0,
        "totalOtherIncomeExpensesNet": 18859,
        "incomeBeforeTax": -18859,
        "incomeBeforeTaxRatio": 0,
        "incomeTaxExpense": 0,
        "netIncome": -18859,
        "netIncomeRatio": 0,
        "eps": -0.0087,
        "epsdiluted": -0.0087,
        "weightedAverageShsOut": 2177652,
        "weightedAverageShsOutDil": 2177652,
        "link": "https://www.sec.gov/Archives/edgar/data/887396/000107261316000971/0001072613-16-000971-index.htm",
        "finalLink": "https://www.sec.gov/Archives/edgar/data/887396/000107261316000971/form10q_18006.htm"
    },
    {
        "date": "2016-06-30",
        "symbol": "EP",
        "reportedCurrency": "USD",
        "cik": "0000887396",
        "fillingDate": "2016-08-15",
        "acceptedDate": "2016-08-15 13:21:24",
        "calendarYear": "2016",
        "period": "Q2",
        "revenue": 0,
        "costOfRevenue": 86204,
        "grossProfit": -86204,
        "grossProfitRatio": 0,
        "researchAndDevelopmentExpenses": 0,
        "generalAndAdministrativeExpenses": 86204,
        "sellingAndMarketingExpenses": 0,
        "sellingGeneralAndAdministrativeExpenses": 86204,
        "otherExpenses": 0,
        "operatingExpenses": 86204,
        "costAndExpenses": 86204,
        "interestIncome": 0,
        "interestExpense": 0,
        "depreciationAndAmortization": 86204,
        "ebitda": -86204,
        "ebitdaratio": 0,
        "operatingIncome": -86204,
        "operatingIncomeRatio": 0,
        "totalOtherIncomeExpensesNet": 0,
        "incomeBeforeTax": -86204,
        "incomeBeforeTaxRatio": 0,
        "incomeTaxExpense": 0,
        "netIncome": -86204,
        "netIncomeRatio": 0,
        "eps": -0.0389,
        "epsdiluted": -0.0389,
        "weightedAverageShsOut": 2218105,
        "weightedAverageShsOutDil": 2177652,
        "link": "https://www.sec.gov/Archives/edgar/data/887396/000107261316000893/0001072613-16-000893-index.htm",
        "finalLink": "https://www.sec.gov/Archives/edgar/data/887396/000107261316000893/form10q_17979.htm"
    },
    {
        "date": "2016-03-31",
        "symbol": "EP",
        "reportedCurrency": "USD",
        "cik": "0000887396",
        "fillingDate": "2016-05-16",
        "acceptedDate": "2016-05-16 15:03:40",
        "calendarYear": "2016",
        "period": "Q1",
        "revenue": 0,
        "costOfRevenue": 56838,
        "grossProfit": -56838,
        "grossProfitRatio": 0,
        "researchAndDevelopmentExpenses": 0,
        "generalAndAdministrativeExpenses": 56838,
        "sellingAndMarketingExpenses": 0,
        "sellingGeneralAndAdministrativeExpenses": 56838,
        "otherExpenses": 0,
        "operatingExpenses": 56838,
        "costAndExpenses": 56838,
        "interestIncome": 0,
        "interestExpense": 0,
        "depreciationAndAmortization": 56838,
        "ebitda": -56838,
        "ebitdaratio": 0,
        "operatingIncome": -56838,
        "operatingIncomeRatio": 0,
        "totalOtherIncomeExpensesNet": 0,
        "incomeBeforeTax": -56838,
        "incomeBeforeTaxRatio": 0,
        "incomeTaxExpense": 0,
        "netIncome": -56838,
        "netIncomeRatio": 0,
        "eps": -0.0256,
        "epsdiluted": -0.0256,
        "weightedAverageShsOut": 2218105,
        "weightedAverageShsOutDil": 2218105,
        "link": "https://www.sec.gov/Archives/edgar/data/887396/000107261316000788/0001072613-16-000788-index.htm",
        "finalLink": "https://www.sec.gov/Archives/edgar/data/887396/000107261316000788/form10q_17944.htm"
    },
    {
        "date": "2015-12-31",
        "symbol": "EP",
        "reportedCurrency": "USD",
        "cik": "0000887396",
        "fillingDate": "2016-03-30",
        "acceptedDate": "2016-03-30 17:24:07",
        "calendarYear": "2015",
        "period": "Q4",
        "revenue": 0,
        "costOfRevenue": 9276,
        "grossProfit": -9276,
        "grossProfitRatio": 0,
        "researchAndDevelopmentExpenses": 0,
        "generalAndAdministrativeExpenses": 27992,
        "sellingAndMarketingExpenses": 0,
        "sellingGeneralAndAdministrativeExpenses": 27992,
        "otherExpenses": 0,
        "operatingExpenses": 27992,
        "costAndExpenses": 37268,
        "interestIncome": 0,
        "interestExpense": 0,
        "depreciationAndAmortization": -19,
        "ebitda": -37287,
        "ebitdaratio": 0,
        "operatingIncome": -37268,
        "operatingIncomeRatio": 0,
        "totalOtherIncomeExpensesNet": -19,
        "incomeBeforeTax": -37287,
        "incomeBeforeTaxRatio": 0,
        "incomeTaxExpense": 0,
        "netIncome": -37287,
        "netIncomeRatio": 0,
        "eps": -0.0171,
        "epsdiluted": -0.0171,
        "weightedAverageShsOut": 2177652,
        "weightedAverageShsOutDil": 2177652,
        "link": "https://www.sec.gov/Archives/edgar/data/887396/000107261316000747/0001072613-16-000747-index.htm",
        "finalLink": "https://www.sec.gov/Archives/edgar/data/887396/000107261316000747/form10k_17925.htm"
    },
    {
        "date": "2015-09-30",
        "symbol": "EP",
        "reportedCurrency": "USD",
        "cik": "0000887396",
        "fillingDate": "2015-11-16",
        "acceptedDate": "2015-11-16 17:05:24",
        "calendarYear": "2015",
        "period": "Q3",
        "revenue": 0,
        "costOfRevenue": 40220,
        "grossProfit": -40220,
        "grossProfitRatio": 0,
        "researchAndDevelopmentExpenses": 0,
        "generalAndAdministrativeExpenses": 40220,
        "sellingAndMarketingExpenses": 0,
        "sellingGeneralAndAdministrativeExpenses": 40220,
        "otherExpenses": 0,
        "operatingExpenses": 40220,
        "costAndExpenses": 40220,
        "interestIncome": 5,
        "interestExpense": 5,
        "depreciationAndAmortization": 5,
        "ebitda": -40220,
        "ebitdaratio": 0,
        "operatingIncome": -40220,
        "operatingIncomeRatio": 0,
        "totalOtherIncomeExpensesNet": 5,
        "incomeBeforeTax": -40215,
        "incomeBeforeTaxRatio": 0,
        "incomeTaxExpense": 0,
        "netIncome": -40215,
        "netIncomeRatio": 0,
        "eps": -0.0181,
        "epsdiluted": -0.0181,
        "weightedAverageShsOut": 2218105,
        "weightedAverageShsOutDil": 2218105,
        "link": "https://www.sec.gov/Archives/edgar/data/887396/000107261315000464/0001072613-15-000464-index.htm",
        "finalLink": "https://www.sec.gov/Archives/edgar/data/887396/000107261315000464/form10q_17874.htm"
    },
    {
        "date": "2015-06-30",
        "symbol": "EP",
        "reportedCurrency": "USD",
        "cik": "0000887396",
        "fillingDate": "2015-08-14",
        "acceptedDate": "2015-08-14 16:09:31",
        "calendarYear": "2015",
        "period": "Q2",
        "revenue": 0,
        "costOfRevenue": 35706,
        "grossProfit": -35706,
        "grossProfitRatio": 0,
        "researchAndDevelopmentExpenses": 0,
        "generalAndAdministrativeExpenses": 35706,
        "sellingAndMarketingExpenses": 0,
        "sellingGeneralAndAdministrativeExpenses": 35706,
        "otherExpenses": 0,
        "operatingExpenses": 35706,
        "costAndExpenses": 35706,
        "interestIncome": 9,
        "interestExpense": 9,
        "depreciationAndAmortization": 9,
        "ebitda": -35706,
        "ebitdaratio": 0,
        "operatingIncome": -35706,
        "operatingIncomeRatio": 0,
        "totalOtherIncomeExpensesNet": 9,
        "incomeBeforeTax": -35697,
        "incomeBeforeTaxRatio": 0,
        "incomeTaxExpense": 0,
        "netIncome": -35697,
        "netIncomeRatio": 0,
        "eps": -0.0161,
        "epsdiluted": -0.0161,
        "weightedAverageShsOut": 2218105,
        "weightedAverageShsOutDil": 2218105,
        "link": "https://www.sec.gov/Archives/edgar/data/887396/000107261315000379/0001072613-15-000379-index.htm",
        "finalLink": "https://www.sec.gov/Archives/edgar/data/887396/000107261315000379/form10q_17845.htm"
    },
    {
        "date": "2015-03-31",
        "symbol": "EP",
        "reportedCurrency": "USD",
        "cik": "0000887396",
        "fillingDate": "2015-05-15",
        "acceptedDate": "2015-05-15 14:24:24",
        "calendarYear": "2015",
        "period": "Q1",
        "revenue": 0,
        "costOfRevenue": 61730,
        "grossProfit": -61730,
        "grossProfitRatio": 0,
        "researchAndDevelopmentExpenses": 0,
        "generalAndAdministrativeExpenses": 61730,
        "sellingAndMarketingExpenses": 0,
        "sellingGeneralAndAdministrativeExpenses": 61730,
        "otherExpenses": 0,
        "operatingExpenses": 61730,
        "costAndExpenses": 61730,
        "interestIncome": 5,
        "interestExpense": 5,
        "depreciationAndAmortization": 5,
        "ebitda": -61730,
        "ebitdaratio": 0,
        "operatingIncome": -61730,
        "operatingIncomeRatio": 0,
        "totalOtherIncomeExpensesNet": 5,
        "incomeBeforeTax": -61725,
        "incomeBeforeTaxRatio": 0,
        "incomeTaxExpense": 0,
        "netIncome": -61725,
        "netIncomeRatio": 0,
        "eps": -0.0278,
        "epsdiluted": -0.0278,
        "weightedAverageShsOut": 2218105,
        "weightedAverageShsOutDil": 2218105,
        "link": "https://www.sec.gov/Archives/edgar/data/887396/000107261315000291/0001072613-15-000291-index.htm",
        "finalLink": "https://www.sec.gov/Archives/edgar/data/887396/000107261315000291/form10q_17806.htm"
    },
    {
        "date": "2014-12-31",
        "symbol": "EP",
        "reportedCurrency": "USD",
        "cik": "0000887396",
        "fillingDate": "2015-03-27",
        "acceptedDate": "2015-03-27 12:38:30",
        "calendarYear": "2014",
        "period": "Q4",
        "revenue": 0,
        "costOfRevenue": 18882,
        "grossProfit": -18882,
        "grossProfitRatio": 0,
        "researchAndDevelopmentExpenses": 0,
        "generalAndAdministrativeExpenses": 26328,
        "sellingAndMarketingExpenses": 0,
        "sellingGeneralAndAdministrativeExpenses": 26328,
        "otherExpenses": 0,
        "operatingExpenses": 26328,
        "costAndExpenses": 45210,
        "interestIncome": 0,
        "interestExpense": 0,
        "depreciationAndAmortization": -11471,
        "ebitda": -56681,
        "ebitdaratio": 0,
        "operatingIncome": -45210,
        "operatingIncomeRatio": 0,
        "totalOtherIncomeExpensesNet": -11471,
        "incomeBeforeTax": -56681,
        "incomeBeforeTaxRatio": 0,
        "incomeTaxExpense": 0,
        "netIncome": -56681,
        "netIncomeRatio": 0,
        "eps": -0.0272,
        "epsdiluted": -0.0272,
        "weightedAverageShsOut": 2080573,
        "weightedAverageShsOutDil": 2080573,
        "link": "https://www.sec.gov/Archives/edgar/data/887396/000107261315000242/0001072613-15-000242-index.htm",
        "finalLink": "https://www.sec.gov/Archives/edgar/data/887396/000107261315000242/form10k_17789.htm"
    },
    {
        "date": "2014-09-30",
        "symbol": "EP",
        "reportedCurrency": "USD",
        "cik": "0000887396",
        "fillingDate": "2014-10-31",
        "acceptedDate": "2014-10-31 10:13:50",
        "calendarYear": "2014",
        "period": "Q3",
        "revenue": 0,
        "costOfRevenue": 12082,
        "grossProfit": -12082,
        "grossProfitRatio": 0,
        "researchAndDevelopmentExpenses": 0,
        "generalAndAdministrativeExpenses": 33436,
        "sellingAndMarketingExpenses": 31750,
        "sellingGeneralAndAdministrativeExpenses": 65186,
        "otherExpenses": 0,
        "operatingExpenses": 65186,
        "costAndExpenses": 77268,
        "interestIncome": 0,
        "interestExpense": 1300,
        "depreciationAndAmortization": 45518,
        "ebitda": -77268,
        "ebitdaratio": 0,
        "operatingIncome": -77268,
        "operatingIncomeRatio": 0,
        "totalOtherIncomeExpensesNet": -1300,
        "incomeBeforeTax": -78568,
        "incomeBeforeTaxRatio": 0,
        "incomeTaxExpense": 0,
        "netIncome": -78568,
        "netIncomeRatio": 0,
        "eps": -0.0404,
        "epsdiluted": -0.0404,
        "weightedAverageShsOut": 1907652,
        "weightedAverageShsOutDil": 1907652,
        "link": "https://www.sec.gov/Archives/edgar/data/887396/000088739614000006/0000887396-14-000006-index.htm",
        "finalLink": "https://www.sec.gov/Archives/edgar/data/887396/000088739614000006/form10q-092014.htm"
    },
    {
        "date": "2014-06-30",
        "symbol": "EP",
        "reportedCurrency": "USD",
        "cik": "0000887396",
        "fillingDate": "2014-08-01",
        "acceptedDate": "2014-08-01 14:03:25",
        "calendarYear": "2014",
        "period": "Q2",
        "revenue": 0,
        "costOfRevenue": 276,
        "grossProfit": -276,
        "grossProfitRatio": 0,
        "researchAndDevelopmentExpenses": 0,
        "generalAndAdministrativeExpenses": 32958,
        "sellingAndMarketingExpenses": 0,
        "sellingGeneralAndAdministrativeExpenses": 32958,
        "otherExpenses": 0,
        "operatingExpenses": 32958,
        "costAndExpenses": 33234,
        "interestIncome": 0,
        "interestExpense": 935,
        "depreciationAndAmortization": 33234,
        "ebitda": 0,
        "ebitdaratio": 0,
        "operatingIncome": -65916,
        "operatingIncomeRatio": 0,
        "totalOtherIncomeExpensesNet": -935,
        "incomeBeforeTax": -34169,
        "incomeBeforeTaxRatio": 0,
        "incomeTaxExpense": -33234,
        "netIncome": -34169,
        "netIncomeRatio": 0,
        "eps": -0.0179,
        "epsdiluted": -0.0179,
        "weightedAverageShsOut": 1907652,
        "weightedAverageShsOutDil": 1907652,
        "link": "https://www.sec.gov/Archives/edgar/data/887396/000088739614000005/0000887396-14-000005-index.htm",
        "finalLink": "https://www.sec.gov/Archives/edgar/data/887396/000088739614000005/form10q-062014.htm"
    },
    {
        "date": "2014-03-31",
        "symbol": "EP",
        "reportedCurrency": "USD",
        "cik": "0000887396",
        "fillingDate": "2014-05-07",
        "acceptedDate": "2014-05-07 11:47:20",
        "calendarYear": "2014",
        "period": "Q1",
        "revenue": 0,
        "costOfRevenue": 4647,
        "grossProfit": -4647,
        "grossProfitRatio": 0,
        "researchAndDevelopmentExpenses": 0,
        "generalAndAdministrativeExpenses": 61604,
        "sellingAndMarketingExpenses": 0,
        "sellingGeneralAndAdministrativeExpenses": 61604,
        "otherExpenses": 0,
        "operatingExpenses": 61604,
        "costAndExpenses": 66251,
        "interestIncome": 0,
        "interestExpense": 916,
        "depreciationAndAmortization": 66251,
        "ebitda": -66251,
        "ebitdaratio": 0,
        "operatingIncome": -66251,
        "operatingIncomeRatio": 0,
        "totalOtherIncomeExpensesNet": -916,
        "incomeBeforeTax": -67167,
        "incomeBeforeTaxRatio": 0,
        "incomeTaxExpense": 0,
        "netIncome": -67167,
        "netIncomeRatio": 0,
        "eps": -0.0346,
        "epsdiluted": -0.0346,
        "weightedAverageShsOut": 1907652,
        "weightedAverageShsOutDil": 1907652,
        "link": "https://www.sec.gov/Archives/edgar/data/887396/000088739614000003/0000887396-14-000003-index.htm",
        "finalLink": "https://www.sec.gov/Archives/edgar/data/887396/000088739614000003/form10q32014.htm"
    },
    {
        "date": "2013-12-31",
        "symbol": "EP",
        "reportedCurrency": "USD",
        "cik": "0000887396",
        "fillingDate": "2014-03-03",
        "acceptedDate": "2014-03-03 14:35:27",
        "calendarYear": "2013",
        "period": "Q4",
        "revenue": 0,
        "costOfRevenue": 16221,
        "grossProfit": -16221,
        "grossProfitRatio": 0,
        "researchAndDevelopmentExpenses": 0,
        "generalAndAdministrativeExpenses": 40526,
        "sellingAndMarketingExpenses": 0,
        "sellingGeneralAndAdministrativeExpenses": 40526,
        "otherExpenses": 0,
        "operatingExpenses": 40526,
        "costAndExpenses": 56747,
        "interestIncome": 0,
        "interestExpense": 0,
        "depreciationAndAmortization": 56747,
        "ebitda": -56747,
        "ebitdaratio": 0,
        "operatingIncome": -56747,
        "operatingIncomeRatio": 0,
        "totalOtherIncomeExpensesNet": 0,
        "incomeBeforeTax": -56746,
        "incomeBeforeTaxRatio": 0,
        "incomeTaxExpense": -56747,
        "netIncome": -56747,
        "netIncomeRatio": 0,
        "eps": -0.0297,
        "epsdiluted": -0.0297,
        "weightedAverageShsOut": 1907652,
        "weightedAverageShsOutDil": 1907652,
        "link": "https://www.sec.gov/Archives/edgar/data/887396/000088739614000001/0000887396-14-000001-index.htm",
        "finalLink": "https://www.sec.gov/Archives/edgar/data/887396/000088739614000001/form10k12312013.htm"
    },
    {
        "date": "2013-09-30",
        "symbol": "EP",
        "reportedCurrency": "USD",
        "cik": "0000887396",
        "fillingDate": "2013-11-08",
        "acceptedDate": "2013-11-08 12:30:55",
        "calendarYear": "2013",
        "period": "Q3",
        "revenue": 0,
        "costOfRevenue": 13347,
        "grossProfit": -13347,
        "grossProfitRatio": 0,
        "researchAndDevelopmentExpenses": 0,
        "generalAndAdministrativeExpenses": 43141,
        "sellingAndMarketingExpenses": 0,
        "sellingGeneralAndAdministrativeExpenses": 43141,
        "otherExpenses": 0,
        "operatingExpenses": 43141,
        "costAndExpenses": 56488,
        "interestIncome": 0,
        "interestExpense": 0,
        "depreciationAndAmortization": 56488,
        "ebitda": -56488,
        "ebitdaratio": 0,
        "operatingIncome": -56488,
        "operatingIncomeRatio": 0,
        "totalOtherIncomeExpensesNet": 0,
        "incomeBeforeTax": -56488,
        "incomeBeforeTaxRatio": 0,
        "incomeTaxExpense": 0,
        "netIncome": -56488,
        "netIncomeRatio": 0,
        "eps": -0.0291,
        "epsdiluted": -0.0291,
        "weightedAverageShsOut": 1943029,
        "weightedAverageShsOutDil": 1943029,
        "link": "https://www.sec.gov/Archives/edgar/data/887396/000107261313000417/0001072613-13-000417-index.htm",
        "finalLink": "https://www.sec.gov/Archives/edgar/data/887396/000107261313000417/form10q_17576.htm"
    },
    {
        "date": "2013-06-30",
        "symbol": "EP",
        "reportedCurrency": "USD",
        "cik": "0000887396",
        "fillingDate": "2013-07-22",
        "acceptedDate": "2013-07-22 15:07:03",
        "calendarYear": "2013",
        "period": "Q2",
        "revenue": 0,
        "costOfRevenue": 2090,
        "grossProfit": -2090,
        "grossProfitRatio": 0,
        "researchAndDevelopmentExpenses": 0,
        "generalAndAdministrativeExpenses": 50662,
        "sellingAndMarketingExpenses": 0,
        "sellingGeneralAndAdministrativeExpenses": 50662,
        "otherExpenses": 0,
        "operatingExpenses": 50662,
        "costAndExpenses": 52752,
        "interestIncome": 0,
        "interestExpense": 0,
        "depreciationAndAmortization": 52752,
        "ebitda": -52752,
        "ebitdaratio": 0,
        "operatingIncome": -52752,
        "operatingIncomeRatio": 0,
        "totalOtherIncomeExpensesNet": 0,
        "incomeBeforeTax": -52752,
        "incomeBeforeTaxRatio": 0,
        "incomeTaxExpense": 0,
        "netIncome": -52752,
        "netIncomeRatio": 0,
        "eps": -0.0271,
        "epsdiluted": -0.0271,
        "weightedAverageShsOut": 1943022,
        "weightedAverageShsOutDil": 1943022,
        "link": "https://www.sec.gov/Archives/edgar/data/887396/000088739613000004/0000887396-13-000004-index.htm",
        "finalLink": "https://www.sec.gov/Archives/edgar/data/887396/000088739613000004/form10q062013.htm"
    },
    {
        "date": "2013-03-31",
        "symbol": "EP",
        "reportedCurrency": "USD",
        "cik": "0000887396",
        "fillingDate": "2013-05-13",
        "acceptedDate": "2013-05-13 15:08:16",
        "calendarYear": "2013",
        "period": "Q1",
        "revenue": 0,
        "costOfRevenue": 5098,
        "grossProfit": -5098,
        "grossProfitRatio": 0,
        "researchAndDevelopmentExpenses": 0,
        "generalAndAdministrativeExpenses": 56739,
        "sellingAndMarketingExpenses": 0,
        "sellingGeneralAndAdministrativeExpenses": 56739,
        "otherExpenses": 0,
        "operatingExpenses": 56739,
        "costAndExpenses": 61837,
        "interestIncome": 0,
        "interestExpense": 0,
        "depreciationAndAmortization": 61837,
        "ebitda": -61837,
        "ebitdaratio": 0,
        "operatingIncome": -61837,
        "operatingIncomeRatio": 0,
        "totalOtherIncomeExpensesNet": 0,
        "incomeBeforeTax": -61837,
        "incomeBeforeTaxRatio": 0,
        "incomeTaxExpense": 0,
        "netIncome": -61837,
        "netIncomeRatio": 0,
        "eps": -0.0318,
        "epsdiluted": -0.0318,
        "weightedAverageShsOut": 1943022,
        "weightedAverageShsOutDil": 1943022,
        "link": "https://www.sec.gov/Archives/edgar/data/887396/000088739613000002/0000887396-13-000002-index.htm",
        "finalLink": "https://www.sec.gov/Archives/edgar/data/887396/000088739613000002/form10q-032013.htm"
    },
    {
        "date": "2012-12-31",
        "symbol": "EP",
        "reportedCurrency": "USD",
        "cik": "0000887396",
        "fillingDate": "2013-03-08",
        "acceptedDate": "2013-03-08 11:54:09",
        "calendarYear": "2012",
        "period": "Q4",
        "revenue": 0,
        "costOfRevenue": 9582,
        "grossProfit": 9582,
        "grossProfitRatio": 0,
        "researchAndDevelopmentExpenses": 0,
        "generalAndAdministrativeExpenses": 69055,
        "sellingAndMarketingExpenses": 0,
        "sellingGeneralAndAdministrativeExpenses": 69055,
        "otherExpenses": 0,
        "operatingExpenses": 37305,
        "costAndExpenses": 59473,
        "interestIncome": 1,
        "interestExpense": 2155,
        "depreciationAndAmortization": -47701,
        "ebitda": -59472,
        "ebitdaratio": 0,
        "operatingIncome": -59473,
        "operatingIncomeRatio": 0,
        "totalOtherIncomeExpensesNet": -2154,
        "incomeBeforeTax": -61627,
        "incomeBeforeTaxRatio": 0,
        "incomeTaxExpense": 0,
        "netIncome": -61627,
        "netIncomeRatio": 0,
        "eps": -0.0323,
        "epsdiluted": -0.0323,
        "weightedAverageShsOut": 1907585,
        "weightedAverageShsOutDil": 1907585,
        "link": "https://www.sec.gov/Archives/edgar/data/887396/000088739613000001/0000887396-13-000001-index.htm",
        "finalLink": "https://www.sec.gov/Archives/edgar/data/887396/000088739613000001/form10k12312012.htm"
    },
    {
        "date": "2012-09-30",
        "symbol": "EP",
        "reportedCurrency": "USD",
        "cik": "0000887396",
        "fillingDate": "2012-11-05",
        "acceptedDate": "2012-11-05 11:17:30",
        "calendarYear": "2012",
        "period": "Q3",
        "revenue": 0,
        "costOfRevenue": 12083,
        "grossProfit": -12083,
        "grossProfitRatio": 0,
        "researchAndDevelopmentExpenses": 0,
        "generalAndAdministrativeExpenses": 35618,
        "sellingAndMarketingExpenses": 0,
        "sellingGeneralAndAdministrativeExpenses": 35618,
        "otherExpenses": 0,
        "operatingExpenses": 35618,
        "costAndExpenses": 47701,
        "interestIncome": 2426,
        "interestExpense": 2426,
        "depreciationAndAmortization": 47701,
        "ebitda": -47701,
        "ebitdaratio": 0,
        "operatingIncome": -47701,
        "operatingIncomeRatio": 0,
        "totalOtherIncomeExpensesNet": -2426,
        "incomeBeforeTax": -50127,
        "incomeBeforeTaxRatio": 0,
        "incomeTaxExpense": 0,
        "netIncome": -50127,
        "netIncomeRatio": 0,
        "eps": -0.0276,
        "epsdiluted": -0.0276,
        "weightedAverageShsOut": 1815695,
        "weightedAverageShsOutDil": 1815695,
        "link": "https://www.sec.gov/Archives/edgar/data/887396/000088739612000010/0000887396-12-000010-index.htm",
        "finalLink": "https://www.sec.gov/Archives/edgar/data/887396/000088739612000010/form10q092012.htm"
    },
    {
        "date": "2012-06-30",
        "symbol": "EP",
        "reportedCurrency": "USD",
        "cik": "0000887396",
        "fillingDate": "2012-07-24",
        "acceptedDate": "2012-07-24 15:22:21",
        "calendarYear": "2012",
        "period": "Q2",
        "revenue": 0,
        "costOfRevenue": 84,
        "grossProfit": -84,
        "grossProfitRatio": 0,
        "researchAndDevelopmentExpenses": 0,
        "generalAndAdministrativeExpenses": 58717,
        "sellingAndMarketingExpenses": 0,
        "sellingGeneralAndAdministrativeExpenses": 58717,
        "otherExpenses": 84,
        "operatingExpenses": 58801,
        "costAndExpenses": 58801,
        "interestIncome": 0,
        "interestExpense": 2336,
        "depreciationAndAmortization": 0,
        "ebitda": -58801,
        "ebitdaratio": 0,
        "operatingIncome": -58801,
        "operatingIncomeRatio": 0,
        "totalOtherIncomeExpensesNet": -2336,
        "incomeBeforeTax": -61137,
        "incomeBeforeTaxRatio": 0,
        "incomeTaxExpense": 0,
        "netIncome": -61137,
        "netIncomeRatio": 0,
        "eps": -0.0337,
        "epsdiluted": -0.0337,
        "weightedAverageShsOut": 1815695,
        "weightedAverageShsOutDil": 1815695,
        "link": "https://www.sec.gov/Archives/edgar/data/887396/000088739612000009/0000887396-12-000009-index.htm",
        "finalLink": "https://www.sec.gov/Archives/edgar/data/887396/000088739612000009/form10q062012.htm"
    },
    {
        "date": "2012-03-31",
        "symbol": "EP",
        "reportedCurrency": "USD",
        "cik": "0000887396",
        "fillingDate": "2012-05-11",
        "acceptedDate": "2012-05-11 10:59:12",
        "calendarYear": "2012",
        "period": "Q1",
        "revenue": 0,
        "costOfRevenue": 12161,
        "grossProfit": -12161,
        "grossProfitRatio": 0,
        "researchAndDevelopmentExpenses": 0,
        "generalAndAdministrativeExpenses": 67296,
        "sellingAndMarketingExpenses": 0,
        "sellingGeneralAndAdministrativeExpenses": 67296,
        "otherExpenses": 0,
        "operatingExpenses": 67296,
        "costAndExpenses": 79457,
        "interestIncome": 0,
        "interestExpense": 1000,
        "depreciationAndAmortization": 0,
        "ebitda": -79457,
        "ebitdaratio": 0,
        "operatingIncome": -79457,
        "operatingIncomeRatio": 0,
        "totalOtherIncomeExpensesNet": -1000,
        "incomeBeforeTax": -80457,
        "incomeBeforeTaxRatio": 0,
        "incomeTaxExpense": 0,
        "netIncome": -80457,
        "netIncomeRatio": 0,
        "eps": -0.0451,
        "epsdiluted": -0.0451,
        "weightedAverageShsOut": 1815695,
        "weightedAverageShsOutDil": 1815695,
        "link": "https://www.sec.gov/Archives/edgar/data/887396/000088739612000007/0000887396-12-000007-index.htm",
        "finalLink": "https://www.sec.gov/Archives/edgar/data/887396/000088739612000007/form10q032012.htm"
    },
    {
        "date": "2011-12-31",
        "symbol": "EP",
        "reportedCurrency": "USD",
        "cik": "0000887396",
        "fillingDate": "2012-03-21",
        "acceptedDate": "2012-03-21 11:27:43",
        "calendarYear": "2011",
        "period": "Q4",
        "revenue": 0,
        "costOfRevenue": 17787,
        "grossProfit": -17787,
        "grossProfitRatio": 0,
        "researchAndDevelopmentExpenses": 0,
        "generalAndAdministrativeExpenses": 0,
        "sellingAndMarketingExpenses": 0,
        "sellingGeneralAndAdministrativeExpenses": 42407,
        "otherExpenses": 0,
        "operatingExpenses": 42407,
        "costAndExpenses": 60194,
        "interestIncome": 0,
        "interestExpense": 1000,
        "depreciationAndAmortization": 11,
        "ebitda": -60183,
        "ebitdaratio": 0,
        "operatingIncome": -60194,
        "operatingIncomeRatio": 0,
        "totalOtherIncomeExpensesNet": -989,
        "incomeBeforeTax": 0,
        "incomeBeforeTaxRatio": 0,
        "incomeTaxExpense": 1000,
        "netIncome": -61194,
        "netIncomeRatio": 0,
        "eps": -0.0343,
        "epsdiluted": -0.0343,
        "weightedAverageShsOut": 1782581,
        "weightedAverageShsOutDil": 1782581,
        "link": "https://www.sec.gov/Archives/edgar/data/887396/000088739612000002/0000887396-12-000002-index.htm",
        "finalLink": "https://www.sec.gov/Archives/edgar/data/887396/000088739612000002/r10k-12312011.htm"
    },
    {
        "date": "2011-09-30",
        "symbol": "EP",
        "reportedCurrency": "USD",
        "cik": "0000887396",
        "fillingDate": "2011-11-14",
        "acceptedDate": "2011-11-14 09:39:49",
        "calendarYear": "2011",
        "period": "Q3",
        "revenue": 0,
        "costOfRevenue": 15552,
        "grossProfit": -15552,
        "grossProfitRatio": 0,
        "researchAndDevelopmentExpenses": 0,
        "generalAndAdministrativeExpenses": 42217,
        "sellingAndMarketingExpenses": 0,
        "sellingGeneralAndAdministrativeExpenses": 42217,
        "otherExpenses": 0,
        "operatingExpenses": 42217,
        "costAndExpenses": 57769,
        "interestIncome": 2,
        "interestExpense": 1000,
        "depreciationAndAmortization": 0,
        "ebitda": -57769,
        "ebitdaratio": 0,
        "operatingIncome": -84434,
        "operatingIncomeRatio": 0,
        "totalOtherIncomeExpensesNet": 25667,
        "incomeBeforeTax": -58767,
        "incomeBeforeTaxRatio": 0,
        "incomeTaxExpense": 0,
        "netIncome": -58767,
        "netIncomeRatio": 0,
        "eps": -0.0338,
        "epsdiluted": -0.0338,
        "weightedAverageShsOut": 1737022,
        "weightedAverageShsOutDil": 1737022,
        "link": "https://www.sec.gov/Archives/edgar/data/887396/000088739611000035/0000887396-11-000035-index.htm",
        "finalLink": "https://www.sec.gov/Archives/edgar/data/887396/000088739611000035/form10q092011.htm"
    },
    {
        "date": "2011-06-30",
        "symbol": "EP",
        "reportedCurrency": "USD",
        "cik": "0000887396",
        "fillingDate": "2011-08-12",
        "acceptedDate": "2011-08-12 11:36:09",
        "calendarYear": "2011",
        "period": "Q2",
        "revenue": 0,
        "costOfRevenue": 56777,
        "grossProfit": -56777,
        "grossProfitRatio": 0,
        "researchAndDevelopmentExpenses": 0,
        "generalAndAdministrativeExpenses": 56777,
        "sellingAndMarketingExpenses": 0,
        "sellingGeneralAndAdministrativeExpenses": 56777,
        "otherExpenses": 0,
        "operatingExpenses": 56777,
        "costAndExpenses": 56777,
        "interestIncome": 2,
        "interestExpense": 1000,
        "depreciationAndAmortization": 0,
        "ebitda": -56775,
        "ebitdaratio": 0,
        "operatingIncome": -56777,
        "operatingIncomeRatio": 0,
        "totalOtherIncomeExpensesNet": -998,
        "incomeBeforeTax": -57775,
        "incomeBeforeTaxRatio": 0,
        "incomeTaxExpense": 0,
        "netIncome": -57775,
        "netIncomeRatio": 0,
        "eps": -0.0332,
        "epsdiluted": -0.0332,
        "weightedAverageShsOut": 1740914,
        "weightedAverageShsOutDil": 1740914,
        "link": "https://www.sec.gov/Archives/edgar/data/887396/000088739611000025/0000887396-11-000025-index.htm",
        "finalLink": "https://www.sec.gov/Archives/edgar/data/887396/000088739611000025/form10q62011.htm"
    },
    {
        "date": "2011-03-31",
        "symbol": "EP",
        "reportedCurrency": "USD",
        "cik": "0000887396",
        "fillingDate": "2011-05-13",
        "acceptedDate": "2011-05-13 12:03:57",
        "calendarYear": "2011",
        "period": "Q1",
        "revenue": 0,
        "costOfRevenue": -11279,
        "grossProfit": 11279,
        "grossProfitRatio": 0,
        "researchAndDevelopmentExpenses": 0,
        "generalAndAdministrativeExpenses": 80732,
        "sellingAndMarketingExpenses": 0,
        "sellingGeneralAndAdministrativeExpenses": 80732,
        "otherExpenses": 0,
        "operatingExpenses": 80732,
        "costAndExpenses": 69453,
        "interestIncome": 7,
        "interestExpense": 250,
        "depreciationAndAmortization": 138906,
        "ebitda": 69453,
        "ebitdaratio": 0,
        "operatingIncome": -69453,
        "operatingIncomeRatio": 0,
        "totalOtherIncomeExpensesNet": -243,
        "incomeBeforeTax": -69696,
        "incomeBeforeTaxRatio": 0,
        "incomeTaxExpense": 243,
        "netIncome": -69696,
        "netIncomeRatio": 0,
        "eps": -0.0402,
        "epsdiluted": -0.0402,
        "weightedAverageShsOut": 1731683,
        "weightedAverageShsOutDil": 1731683,
        "link": "https://www.sec.gov/Archives/edgar/data/887396/000088739611000006/0000887396-11-000006-index.htm",
        "finalLink": "https://www.sec.gov/Archives/edgar/data/887396/000088739611000006/r10q-032011.txt"
    },
    {
        "date": "2010-12-31",
        "symbol": "EP",
        "reportedCurrency": "USD",
        "cik": "0000887396",
        "fillingDate": "2011-03-23",
        "acceptedDate": "2011-03-23 16:27:06",
        "calendarYear": "2010",
        "period": "Q4",
        "revenue": 0,
        "costOfRevenue": 28282,
        "grossProfit": -28282,
        "grossProfitRatio": 0,
        "researchAndDevelopmentExpenses": 0,
        "generalAndAdministrativeExpenses": 37447,
        "sellingAndMarketingExpenses": 0,
        "sellingGeneralAndAdministrativeExpenses": 37447,
        "otherExpenses": 0,
        "operatingExpenses": 37447,
        "costAndExpenses": 65729,
        "interestIncome": 108,
        "interestExpense": 108,
        "depreciationAndAmortization": 4452586,
        "ebitda": 2165564,
        "ebitdaratio": 0,
        "operatingIncome": -2287022,
        "operatingIncomeRatio": 0,
        "totalOtherIncomeExpensesNet": -2231293,
        "incomeBeforeTax": -4518315,
        "incomeBeforeTaxRatio": 0,
        "incomeTaxExpense": -2221401,
        "netIncome": -2296914,
        "netIncomeRatio": 0,
        "eps": -1.33,
        "epsdiluted": -1.33,
        "weightedAverageShsOut": 1731394,
        "weightedAverageShsOutDil": 1731683,
        "link": "https://www.sec.gov/Archives/edgar/data/887396/000088739611000005/0000887396-11-000005-index.htm",
        "finalLink": "https://www.sec.gov/Archives/edgar/data/887396/000088739611000005/r10k-2010.txt"
    },
    {
        "date": "2010-09-30",
        "symbol": "EP",
        "reportedCurrency": "USD",
        "cik": "0000887396",
        "fillingDate": "2010-11-15",
        "acceptedDate": "2010-11-15 10:35:02",
        "calendarYear": "2010",
        "period": "Q3",
        "revenue": 0,
        "costOfRevenue": 68067,
        "grossProfit": -68067,
        "grossProfitRatio": 0,
        "researchAndDevelopmentExpenses": 0,
        "generalAndAdministrativeExpenses": 56119,
        "sellingAndMarketingExpenses": 0,
        "sellingGeneralAndAdministrativeExpenses": 56119,
        "otherExpenses": 0,
        "operatingExpenses": 56119,
        "costAndExpenses": 124186,
        "interestIncome": 547,
        "interestExpense": 547,
        "depreciationAndAmortization": -10000,
        "ebitda": -134186,
        "ebitdaratio": 0,
        "operatingIncome": -124186,
        "operatingIncomeRatio": 0,
        "totalOtherIncomeExpensesNet": 10000,
        "incomeBeforeTax": -114186,
        "incomeBeforeTaxRatio": 0,
        "incomeTaxExpense": -547,
        "netIncome": -113639,
        "netIncomeRatio": 0,
        "eps": -0.0658,
        "epsdiluted": -0.0658,
        "weightedAverageShsOut": 1727740,
        "weightedAverageShsOutDil": 1727740,
        "link": "https://www.sec.gov/Archives/edgar/data/887396/000088739610000014/0000887396-10-000014-index.htm",
        "finalLink": "https://www.sec.gov/Archives/edgar/data/887396/000088739610000014/r10q-092010.txt"
    },
    {
        "date": "2010-06-30",
        "symbol": "EP",
        "reportedCurrency": "USD",
        "cik": "0000887396",
        "fillingDate": "2010-08-13",
        "acceptedDate": "2010-08-13 15:01:41",
        "calendarYear": "2010",
        "period": "Q2",
        "revenue": 0,
        "costOfRevenue": 71896,
        "grossProfit": -71896,
        "grossProfitRatio": 0,
        "researchAndDevelopmentExpenses": 0,
        "generalAndAdministrativeExpenses": 71369,
        "sellingAndMarketingExpenses": 0,
        "sellingGeneralAndAdministrativeExpenses": 71369,
        "otherExpenses": 0,
        "operatingExpenses": 71369,
        "costAndExpenses": 143265,
        "interestIncome": 1266,
        "interestExpense": 1266,
        "depreciationAndAmortization": 0,
        "ebitda": -143265,
        "ebitdaratio": 0,
        "operatingIncome": -143265,
        "operatingIncomeRatio": 0,
        "totalOtherIncomeExpensesNet": 143265,
        "incomeBeforeTax": 0,
        "incomeBeforeTaxRatio": 0,
        "incomeTaxExpense": 142000,
        "netIncome": -142000,
        "netIncomeRatio": 0,
        "eps": -0.0865,
        "epsdiluted": -0.0865,
        "weightedAverageShsOut": 1641160,
        "weightedAverageShsOutDil": 1641160,
        "link": "https://www.sec.gov/Archives/edgar/data/887396/000088739610000012/0000887396-10-000012-index.htm",
        "finalLink": "https://www.sec.gov/Archives/edgar/data/887396/000088739610000012/r10q-062010.txt"
    },
    {
        "date": "2010-03-31",
        "symbol": "EP",
        "reportedCurrency": "USD",
        "cik": "0000887396",
        "fillingDate": "2010-05-12",
        "acceptedDate": "2010-05-12 12:43:56",
        "calendarYear": "2010",
        "period": "Q1",
        "revenue": 0,
        "costOfRevenue": 9930,
        "grossProfit": -9930,
        "grossProfitRatio": 0,
        "researchAndDevelopmentExpenses": 0,
        "generalAndAdministrativeExpenses": 67061,
        "sellingAndMarketingExpenses": 0,
        "sellingGeneralAndAdministrativeExpenses": 67061,
        "otherExpenses": 0,
        "operatingExpenses": 67061,
        "costAndExpenses": 76991,
        "interestIncome": 1641,
        "interestExpense": 1641,
        "depreciationAndAmortization": 0,
        "ebitda": -76991,
        "ebitdaratio": 0,
        "operatingIncome": -76991,
        "operatingIncomeRatio": 0,
        "totalOtherIncomeExpensesNet": 76991,
        "incomeBeforeTax": 0,
        "incomeBeforeTaxRatio": 0,
        "incomeTaxExpense": 75350,
        "netIncome": -75350,
        "netIncomeRatio": 0,
        "eps": -0.0469,
        "epsdiluted": -0.0469,
        "weightedAverageShsOut": 1605606,
        "weightedAverageShsOutDil": 1605606,
        "link": "https://www.sec.gov/Archives/edgar/data/887396/000088739610000010/0000887396-10-000010-index.htm",
        "finalLink": "https://www.sec.gov/Archives/edgar/data/887396/000088739610000010/r10q-03312010.txt"
    },
    {
        "date": "2009-12-31",
        "symbol": "EP",
        "reportedCurrency": "USD",
        "cik": "0000887396",
        "fillingDate": "2010-03-30",
        "acceptedDate": "2010-03-30 12:51:15",
        "calendarYear": "2009",
        "period": "Q4",
        "revenue": 0,
        "costOfRevenue": 21856,
        "grossProfit": -21856,
        "grossProfitRatio": 0,
        "researchAndDevelopmentExpenses": 0,
        "generalAndAdministrativeExpenses": 49924,
        "sellingAndMarketingExpenses": 0,
        "sellingGeneralAndAdministrativeExpenses": 49924,
        "otherExpenses": 0,
        "operatingExpenses": 49924,
        "costAndExpenses": 71780,
        "interestIncome": 1253,
        "interestExpense": 1253,
        "depreciationAndAmortization": 208445,
        "ebitda": 136665,
        "ebitdaratio": 0,
        "operatingIncome": -71780,
        "operatingIncomeRatio": 0,
        "totalOtherIncomeExpensesNet": -208445,
        "incomeBeforeTax": -280225,
        "incomeBeforeTaxRatio": 0,
        "incomeTaxExpense": -209697,
        "netIncome": -70528,
        "netIncomeRatio": 0,
        "eps": -0.0439,
        "epsdiluted": -0.0439,
        "weightedAverageShsOut": 1605606,
        "weightedAverageShsOutDil": 1605606,
        "link": "https://www.sec.gov/Archives/edgar/data/887396/000088739610000008/0000887396-10-000008-index.htm",
        "finalLink": "https://www.sec.gov/Archives/edgar/data/887396/000088739610000008/r10k-2009.txt"
    },
    {
        "date": "2009-09-30",
        "symbol": "EP",
        "reportedCurrency": "USD",
        "cik": "0000887396",
        "fillingDate": "2009-11-16",
        "acceptedDate": "2009-11-16 12:54:23",
        "calendarYear": "2009",
        "period": "Q3",
        "revenue": 0,
        "costOfRevenue": 57008,
        "grossProfit": -57008,
        "grossProfitRatio": 0,
        "researchAndDevelopmentExpenses": 0,
        "generalAndAdministrativeExpenses": 41153,
        "sellingAndMarketingExpenses": 0,
        "sellingGeneralAndAdministrativeExpenses": 41153,
        "otherExpenses": 0,
        "operatingExpenses": 41153,
        "costAndExpenses": 98161,
        "interestIncome": 262,
        "interestExpense": 262,
        "depreciationAndAmortization": 0,
        "ebitda": -98161,
        "ebitdaratio": 0,
        "operatingIncome": -98161,
        "operatingIncomeRatio": 0,
        "totalOtherIncomeExpensesNet": 98161,
        "incomeBeforeTax": 0,
        "incomeBeforeTaxRatio": 0,
        "incomeTaxExpense": 97899,
        "netIncome": -97899,
        "netIncomeRatio": 0,
        "eps": -0.0822,
        "epsdiluted": -0.0822,
        "weightedAverageShsOut": 1191518,
        "weightedAverageShsOutDil": 1191518,
        "link": "https://www.sec.gov/Archives/edgar/data/887396/000088739609000012/0000887396-09-000012-index.htm",
        "finalLink": "https://www.sec.gov/Archives/edgar/data/887396/000088739609000012/r10q-092009.txt"
    },
    {
        "date": "2009-06-30",
        "symbol": "EP",
        "reportedCurrency": "USD",
        "cik": "0000887396",
        "fillingDate": "2009-08-13",
        "acceptedDate": "2009-08-13 16:27:59",
        "calendarYear": "2009",
        "period": "Q2",
        "revenue": 5292,
        "costOfRevenue": 25000,
        "grossProfit": -19709,
        "grossProfitRatio": -3.7243008314,
        "researchAndDevelopmentExpenses": 0,
        "generalAndAdministrativeExpenses": 65175,
        "sellingAndMarketingExpenses": 0,
        "sellingGeneralAndAdministrativeExpenses": 65175,
        "otherExpenses": 0,
        "operatingExpenses": 65175,
        "costAndExpenses": 90176,
        "interestIncome": 0,
        "interestExpense": 0,
        "depreciationAndAmortization": -102708,
        "ebitda": -84884,
        "ebitdaratio": -16.0400604686,
        "operatingIncome": -84884,
        "operatingIncomeRatio": -16.0400604686,
        "totalOtherIncomeExpensesNet": 102708,
        "incomeBeforeTax": 17824,
        "incomeBeforeTaxRatio": 3.3681027967,
        "incomeTaxExpense": 0,
        "netIncome": 17824,
        "netIncomeRatio": 3.3681027967,
        "eps": 0.015,
        "epsdiluted": 0.015,
        "weightedAverageShsOut": 1191518,
        "weightedAverageShsOutDil": 1191518,
        "link": "https://www.sec.gov/Archives/edgar/data/887396/000088739609000010/0000887396-09-000010-index.htm",
        "finalLink": "https://www.sec.gov/Archives/edgar/data/887396/000088739609000010/r10q-062009.txt"
    },
    {
        "date": "2009-03-31",
        "symbol": "EP",
        "reportedCurrency": "USD",
        "cik": "0000887396",
        "fillingDate": "2009-05-14",
        "acceptedDate": "2009-05-14 15:55:46",
        "calendarYear": "2009",
        "period": "Q1",
        "revenue": 4501,
        "costOfRevenue": 16386,
        "grossProfit": -11885,
        "grossProfitRatio": -2.6405243279,
        "researchAndDevelopmentExpenses": 0,
        "generalAndAdministrativeExpenses": 53422,
        "sellingAndMarketingExpenses": 0,
        "sellingGeneralAndAdministrativeExpenses": 53422,
        "otherExpenses": 0,
        "operatingExpenses": 53422,
        "costAndExpenses": 69808,
        "interestIncome": 0,
        "interestExpense": 0,
        "depreciationAndAmortization": 0,
        "ebitda": -65307,
        "ebitdaratio": -14.5094423461,
        "operatingIncome": -65307,
        "operatingIncomeRatio": -14.5094423461,
        "totalOtherIncomeExpensesNet": 65307,
        "incomeBeforeTax": 0,
        "incomeBeforeTaxRatio": 0,
        "incomeTaxExpense": 65307,
        "netIncome": -65307,
        "netIncomeRatio": -14.5094423461,
        "eps": -0.0548,
        "epsdiluted": -0.0548,
        "weightedAverageShsOut": 1191518,
        "weightedAverageShsOutDil": 1191518,
        "link": "https://www.sec.gov/Archives/edgar/data/887396/000088739609000006/0000887396-09-000006-index.htm",
        "finalLink": "https://www.sec.gov/Archives/edgar/data/887396/000088739609000006/r10q-032009.txt"
    },
    {
        "date": "2008-12-31",
        "symbol": "EP",
        "reportedCurrency": "USD",
        "cik": "0000887396",
        "fillingDate": "2009-03-31",
        "acceptedDate": "2009-03-31 15:25:33",
        "calendarYear": "2008",
        "period": "Q4",
        "revenue": 6161,
        "costOfRevenue": 41743,
        "grossProfit": -35582,
        "grossProfitRatio": -5.7753611427,
        "researchAndDevelopmentExpenses": 0,
        "generalAndAdministrativeExpenses": 0,
        "sellingAndMarketingExpenses": 0,
        "sellingGeneralAndAdministrativeExpenses": 44649,
        "otherExpenses": 0,
        "operatingExpenses": 44649,
        "costAndExpenses": 86392,
        "interestIncome": 0,
        "interestExpense": 0,
        "depreciationAndAmortization": 0,
        "ebitda": -80231,
        "ebitdaratio": -13.0223989612,
        "operatingIncome": -80231,
        "operatingIncomeRatio": -13.0223989612,
        "totalOtherIncomeExpensesNet": 80231,
        "incomeBeforeTax": 0,
        "incomeBeforeTaxRatio": 0,
        "incomeTaxExpense": 80231,
        "netIncome": -80231,
        "netIncomeRatio": -13.0223989612,
        "eps": -0.0673,
        "epsdiluted": -0.0673,
        "weightedAverageShsOut": 1191518,
        "weightedAverageShsOutDil": 1191518,
        "link": "https://www.sec.gov/Archives/edgar/data/887396/000088739609000005/0000887396-09-000005-index.htm",
        "finalLink": "https://www.sec.gov/Archives/edgar/data/887396/000088739609000005/r10-k2008.txt"
    },
    {
        "date": "2008-09-30",
        "symbol": "EP",
        "reportedCurrency": "USD",
        "cik": "0000887396",
        "fillingDate": "2008-11-12",
        "acceptedDate": "2008-11-12 10:19:40",
        "calendarYear": "2008",
        "period": "Q3",
        "revenue": 5350,
        "costOfRevenue": 50249,
        "grossProfit": -44899,
        "grossProfitRatio": -8.3923364486,
        "researchAndDevelopmentExpenses": 0,
        "generalAndAdministrativeExpenses": 0,
        "sellingAndMarketingExpenses": 0,
        "sellingGeneralAndAdministrativeExpenses": 45397,
        "otherExpenses": 0,
        "operatingExpenses": 45397,
        "costAndExpenses": 95646,
        "interestIncome": 0,
        "interestExpense": 0,
        "depreciationAndAmortization": -4409,
        "ebitda": -94705,
        "ebitdaratio": -17.7018691589,
        "operatingIncome": -90296,
        "operatingIncomeRatio": -16.8777570093,
        "totalOtherIncomeExpensesNet": 4409,
        "incomeBeforeTax": -85887,
        "incomeBeforeTaxRatio": -16.0536448598,
        "incomeTaxExpense": 0,
        "netIncome": -85887,
        "netIncomeRatio": -16.0536448598,
        "eps": -0.0721,
        "epsdiluted": -0.0721,
        "weightedAverageShsOut": 1191518,
        "weightedAverageShsOutDil": 1191518,
        "link": "https://www.sec.gov/Archives/edgar/data/887396/000088739608000008/0000887396-08-000008-index.htm",
        "finalLink": "https://www.sec.gov/Archives/edgar/data/887396/000088739608000008/r10q-092008.txt"
    },
    {
        "date": "2008-06-30",
        "symbol": "EP",
        "reportedCurrency": "USD",
        "cik": "0000887396",
        "fillingDate": "2008-08-14",
        "acceptedDate": "2008-08-14 16:51:09",
        "calendarYear": "2008",
        "period": "Q2",
        "revenue": 9643,
        "costOfRevenue": 78715,
        "grossProfit": -69072,
        "grossProfitRatio": -7.1629161049,
        "researchAndDevelopmentExpenses": 0,
        "generalAndAdministrativeExpenses": 0,
        "sellingAndMarketingExpenses": 0,
        "sellingGeneralAndAdministrativeExpenses": 85562,
        "otherExpenses": 0,
        "operatingExpenses": 85562,
        "costAndExpenses": 164277,
        "interestIncome": 0,
        "interestExpense": 0,
        "depreciationAndAmortization": 0,
        "ebitda": -155000,
        "ebitdaratio": -16.0738359432,
        "operatingIncome": -155000,
        "operatingIncomeRatio": -16.0738359432,
        "totalOtherIncomeExpensesNet": 154634,
        "incomeBeforeTax": 0,
        "incomeBeforeTaxRatio": 0,
        "incomeTaxExpense": 154634,
        "netIncome": -155000,
        "netIncomeRatio": -16.0738359432,
        "eps": -0.13,
        "epsdiluted": -0.13,
        "weightedAverageShsOut": 1192000,
        "weightedAverageShsOutDil": 1192000,
        "link": "https://www.sec.gov/Archives/edgar/data/887396/000088739608000006/0000887396-08-000006-index.htm",
        "finalLink": "https://www.sec.gov/Archives/edgar/data/887396/000088739608000006/r10q-062008.txt"
    },
    {
        "date": "2008-03-31",
        "symbol": "EP",
        "reportedCurrency": "USD",
        "cik": "0000887396",
        "fillingDate": "2008-05-15",
        "acceptedDate": "2008-05-15 14:59:09",
        "calendarYear": "2008",
        "period": "Q1",
        "revenue": 0,
        "costOfRevenue": 0,
        "grossProfit": 0,
        "grossProfitRatio": 0,
        "researchAndDevelopmentExpenses": 0,
        "generalAndAdministrativeExpenses": 0,
        "sellingAndMarketingExpenses": 0,
        "sellingGeneralAndAdministrativeExpenses": 115904,
        "otherExpenses": 0,
        "operatingExpenses": 115904,
        "costAndExpenses": 115904,
        "interestIncome": 0,
        "interestExpense": 0,
        "depreciationAndAmortization": 0,
        "ebitda": -116000,
        "ebitdaratio": 0,
        "operatingIncome": -116000,
        "operatingIncomeRatio": 0,
        "totalOtherIncomeExpensesNet": 115904,
        "incomeBeforeTax": 0,
        "incomeBeforeTaxRatio": 0,
        "incomeTaxExpense": 115904,
        "netIncome": -116000,
        "netIncomeRatio": 0,
        "eps": -0.0993,
        "epsdiluted": -0.0993,
        "weightedAverageShsOut": 1168000,
        "weightedAverageShsOutDil": 1168000,
        "link": "https://www.sec.gov/Archives/edgar/data/887396/000088739608000005/0000887396-08-000005-index.htm",
        "finalLink": "https://www.sec.gov/Archives/edgar/data/887396/000088739608000005/r10q-032008.txt"
    },
    {
        "date": "2007-12-31",
        "symbol": "EP",
        "reportedCurrency": "USD",
        "cik": "0000887396",
        "fillingDate": "2008-03-31",
        "acceptedDate": "2008-03-31 14:56:59",
        "calendarYear": "2007",
        "period": "Q4",
        "revenue": 5101,
        "costOfRevenue": 21672,
        "grossProfit": -16571,
        "grossProfitRatio": -3.2485787101,
        "researchAndDevelopmentExpenses": 0,
        "generalAndAdministrativeExpenses": 0,
        "sellingAndMarketingExpenses": 0,
        "sellingGeneralAndAdministrativeExpenses": 1227000,
        "otherExpenses": -1162000,
        "operatingExpenses": 1323000,
        "costAndExpenses": 86406,
        "interestIncome": 0,
        "interestExpense": 0,
        "depreciationAndAmortization": -3697000,
        "ebitda": -3778000,
        "ebitdaratio": -740.6390903744,
        "operatingIncome": -81305,
        "operatingIncomeRatio": -15.9390315624,
        "totalOtherIncomeExpensesNet": 2439000,
        "incomeBeforeTax": 2357000,
        "incomeBeforeTaxRatio": 462.0662615173,
        "incomeTaxExpense": 2420000,
        "netIncome": -63133,
        "netIncomeRatio": -12.3765928249,
        "eps": -0.055,
        "epsdiluted": -0.0541,
        "weightedAverageShsOut": 1148000,
        "weightedAverageShsOutDil": 1168000,
        "link": "https://www.sec.gov/Archives/edgar/data/887396/000088739608000003/0000887396-08-000003-index.htm",
        "finalLink": "https://www.sec.gov/Archives/edgar/data/887396/000088739608000003/r10-ksb2007.txt"
    },
    {
        "date": "2007-09-30",
        "symbol": "EP",
        "reportedCurrency": "USD",
        "cik": "0000887396",
        "fillingDate": "2007-11-14",
        "acceptedDate": "2007-11-14 16:56:55",
        "calendarYear": "2007",
        "period": "Q3",
        "revenue": 0,
        "costOfRevenue": 21024,
        "grossProfit": -21024,
        "grossProfitRatio": 0,
        "researchAndDevelopmentExpenses": 0,
        "generalAndAdministrativeExpenses": 0,
        "sellingAndMarketingExpenses": 0,
        "sellingGeneralAndAdministrativeExpenses": 70388,
        "otherExpenses": 0,
        "operatingExpenses": 70388,
        "costAndExpenses": 130396,
        "interestIncome": 0,
        "interestExpense": 0,
        "depreciationAndAmortization": 17346,
        "ebitda": -91412,
        "ebitdaratio": 0,
        "operatingIncome": -130000,
        "operatingIncomeRatio": 0,
        "totalOtherIncomeExpensesNet": 21638,
        "incomeBeforeTax": -109000,
        "incomeBeforeTaxRatio": 0,
        "incomeTaxExpense": -77968,
        "netIncome": -30790,
        "netIncomeRatio": 0,
        "eps": -0.0268,
        "epsdiluted": -0.0268,
        "weightedAverageShsOut": 1169000,
        "weightedAverageShsOutDil": 1169000,
        "link": "https://www.sec.gov/Archives/edgar/data/887396/000088739607000010/0000887396-07-000010-index.htm",
        "finalLink": "https://www.sec.gov/Archives/edgar/data/887396/000088739607000010/r10qsb-092007.txt"
    },
    {
        "date": "2007-06-30",
        "symbol": "EP",
        "reportedCurrency": "USD",
        "cik": "0000887396",
        "fillingDate": "2007-08-02",
        "acceptedDate": "2007-08-02 14:09:50",
        "calendarYear": "2007",
        "period": "Q2",
        "revenue": 4606,
        "costOfRevenue": 42755,
        "grossProfit": -38149,
        "grossProfitRatio": -8.2824576639,
        "researchAndDevelopmentExpenses": 0,
        "generalAndAdministrativeExpenses": 0,
        "sellingAndMarketingExpenses": 0,
        "sellingGeneralAndAdministrativeExpenses": 79324,
        "otherExpenses": 0,
        "operatingExpenses": 389270,
        "costAndExpenses": 432025,
        "interestIncome": 0,
        "interestExpense": 1725,
        "depreciationAndAmortization": 929838,
        "ebitda": 502419,
        "ebitdaratio": 109.0792444637,
        "operatingIncome": -427000,
        "operatingIncomeRatio": -92.7051671733,
        "totalOtherIncomeExpensesNet": -620000,
        "incomeBeforeTax": -1047000,
        "incomeBeforeTaxRatio": -227.3122014763,
        "incomeTaxExpense": -618000,
        "netIncome": -429000,
        "netIncomeRatio": -93.1393834129,
        "eps": -0.38,
        "epsdiluted": -0.38,
        "weightedAverageShsOut": 1136000,
        "weightedAverageShsOutDil": 1136000,
        "link": "https://www.sec.gov/Archives/edgar/data/887396/000088739607000009/0000887396-07-000009-index.htm",
        "finalLink": "https://www.sec.gov/Archives/edgar/data/887396/000088739607000009/r10qsb-062007.txt"
    },
    {
        "date": "2007-03-31",
        "symbol": "EP",
        "reportedCurrency": "USD",
        "cik": "0000887396",
        "fillingDate": "2007-05-15",
        "acceptedDate": "2007-05-15 16:23:28",
        "calendarYear": "2007",
        "period": "Q1",
        "revenue": 649,
        "costOfRevenue": 4071,
        "grossProfit": -3422,
        "grossProfitRatio": -5.2727272727,
        "researchAndDevelopmentExpenses": 0,
        "generalAndAdministrativeExpenses": 0,
        "sellingAndMarketingExpenses": 0,
        "sellingGeneralAndAdministrativeExpenses": 853533,
        "otherExpenses": 0,
        "operatingExpenses": 853533,
        "costAndExpenses": 857604,
        "interestIncome": 0,
        "interestExpense": 0,
        "depreciationAndAmortization": 0,
        "ebitda": -857000,
        "ebitdaratio": -1320.4930662558,
        "operatingIncome": -857000,
        "operatingIncomeRatio": -1320.4930662558,
        "totalOtherIncomeExpensesNet": 856955,
        "incomeBeforeTax": 0,
        "incomeBeforeTaxRatio": 0,
        "incomeTaxExpense": 858609,
        "netIncome": -859000,
        "netIncomeRatio": -1323.5747303544,
        "eps": -0.82,
        "epsdiluted": -0.82,
        "weightedAverageShsOut": 1043000,
        "weightedAverageShsOutDil": 1043000,
        "link": "https://www.sec.gov/Archives/edgar/data/887396/000088739607000008/0000887396-07-000008-index.htm",
        "finalLink": "https://www.sec.gov/Archives/edgar/data/887396/000088739607000008/r10qsb-032007.txt"
    },
    {
        "date": "2006-12-31",
        "symbol": "EP",
        "reportedCurrency": "USD",
        "cik": "0000887396",
        "fillingDate": "2007-04-03",
        "acceptedDate": "2007-04-03 12:15:30",
        "calendarYear": "2006",
        "period": "Q4",
        "revenue": 73000,
        "costOfRevenue": 33943,
        "grossProfit": 39057,
        "grossProfitRatio": 0.5350273973,
        "researchAndDevelopmentExpenses": 0,
        "generalAndAdministrativeExpenses": 0,
        "sellingAndMarketingExpenses": 0,
        "sellingGeneralAndAdministrativeExpenses": 37625,
        "otherExpenses": 64,
        "operatingExpenses": 37689,
        "costAndExpenses": 71632,
        "interestIncome": 0,
        "interestExpense": 1725,
        "depreciationAndAmortization": -149,
        "ebitda": 1283,
        "ebitdaratio": 0.0175753425,
        "operatingIncome": 1432,
        "operatingIncomeRatio": 0.0196164384,
        "totalOtherIncomeExpensesNet": 85,
        "incomeBeforeTax": 1517,
        "incomeBeforeTaxRatio": 0.0207808219,
        "incomeTaxExpense": 1789,
        "netIncome": -272,
        "netIncomeRatio": -0.0037260274,
        "eps": -0.0003,
        "epsdiluted": -0.0003,
        "weightedAverageShsOut": 1043333,
        "weightedAverageShsOutDil": 1043333,
        "link": "https://www.sec.gov/Archives/edgar/data/887396/000088739607000002/0000887396-07-000002-index.htm",
        "finalLink": "https://www.sec.gov/Archives/edgar/data/887396/000088739607000002/r10-ksb2006.txt"
    },
    {
        "date": "2006-09-30",
        "symbol": "EP",
        "reportedCurrency": "USD",
        "cik": "0000887396",
        "fillingDate": "2006-11-13",
        "acceptedDate": "2006-11-13 12:30:39",
        "calendarYear": "2006",
        "period": "Q3",
        "revenue": 6575,
        "costOfRevenue": 31403,
        "grossProfit": -24828,
        "grossProfitRatio": -3.776121673,
        "researchAndDevelopmentExpenses": 0,
        "generalAndAdministrativeExpenses": 0,
        "sellingAndMarketingExpenses": 0,
        "sellingGeneralAndAdministrativeExpenses": 86757,
        "otherExpenses": 0,
        "operatingExpenses": 86757,
        "costAndExpenses": 118160,
        "interestIncome": 0,
        "interestExpense": 1725,
        "depreciationAndAmortization": 0,
        "ebitda": -112000,
        "ebitdaratio": -17.0342205323,
        "operatingIncome": -112000,
        "operatingIncomeRatio": -17.0342205323,
        "totalOtherIncomeExpensesNet": 111585,
        "incomeBeforeTax": 0,
        "incomeBeforeTaxRatio": 0,
        "incomeTaxExpense": 113310,
        "netIncome": -113000,
        "netIncomeRatio": -17.1863117871,
        "eps": -0.11,
        "epsdiluted": -0.11,
        "weightedAverageShsOut": 987930,
        "weightedAverageShsOutDil": 987930,
        "link": "https://www.sec.gov/Archives/edgar/data/887396/000088739606000020/0000887396-06-000020-index.htm",
        "finalLink": "https://www.sec.gov/Archives/edgar/data/887396/000088739606000020/r10qsb-092006.txt"
    },
    {
        "date": "2006-06-30",
        "symbol": "EP",
        "reportedCurrency": "USD",
        "cik": "0000887396",
        "fillingDate": "2006-08-23",
        "acceptedDate": "2006-08-23 13:13:40",
        "calendarYear": "2006",
        "period": "Q2",
        "revenue": 21254,
        "costOfRevenue": 36704,
        "grossProfit": -15450,
        "grossProfitRatio": -0.7269219912,
        "researchAndDevelopmentExpenses": 0,
        "generalAndAdministrativeExpenses": 0,
        "sellingAndMarketingExpenses": 0,
        "sellingGeneralAndAdministrativeExpenses": 62079,
        "otherExpenses": 0,
        "operatingExpenses": 62079,
        "costAndExpenses": 98783,
        "interestIncome": 148,
        "interestExpense": 1725,
        "depreciationAndAmortization": -43,
        "ebitda": -77572,
        "ebitdaratio": -3.6497600452,
        "operatingIncome": -77529,
        "operatingIncomeRatio": -3.6477368966,
        "totalOtherIncomeExpensesNet": 43,
        "incomeBeforeTax": -77486,
        "incomeBeforeTaxRatio": -3.645713748,
        "incomeTaxExpense": 1577,
        "netIncome": -79063,
        "netIncomeRatio": -3.7199115461,
        "eps": -0.087,
        "epsdiluted": -0.087,
        "weightedAverageShsOut": 892292,
        "weightedAverageShsOutDil": 892292,
        "link": "https://www.sec.gov/Archives/edgar/data/887396/000088739606000018/0000887396-06-000018-index.htm",
        "finalLink": "https://www.sec.gov/Archives/edgar/data/887396/000088739606000018/r-10qsb0606.txt"
    },
    {
        "date": "2006-03-31",
        "symbol": "EP",
        "reportedCurrency": "USD",
        "cik": "0000887396",
        "fillingDate": "2006-05-15",
        "acceptedDate": "2006-05-15 14:42:01",
        "calendarYear": "2006",
        "period": "Q1",
        "revenue": 1646,
        "costOfRevenue": 59416,
        "grossProfit": -57770,
        "grossProfitRatio": -35.0972053463,
        "researchAndDevelopmentExpenses": 0,
        "generalAndAdministrativeExpenses": 0,
        "sellingAndMarketingExpenses": 0,
        "sellingGeneralAndAdministrativeExpenses": 65892,
        "otherExpenses": 0,
        "operatingExpenses": 65892,
        "costAndExpenses": 125308,
        "interestIncome": 0,
        "interestExpense": 1725,
        "depreciationAndAmortization": 0,
        "ebitda": -124000,
        "ebitdaratio": -75.3341433779,
        "operatingIncome": -124000,
        "operatingIncomeRatio": -75.3341433779,
        "totalOtherIncomeExpensesNet": 123662,
        "incomeBeforeTax": 0,
        "incomeBeforeTaxRatio": 0,
        "incomeTaxExpense": 125387,
        "netIncome": -125000,
        "netIncomeRatio": -75.9416767922,
        "eps": -0.14,
        "epsdiluted": -0.14,
        "weightedAverageShsOut": 892292,
        "weightedAverageShsOutDil": 892292,
        "link": "https://www.sec.gov/Archives/edgar/data/887396/000088739606000013/0000887396-06-000013-index.htm",
        "finalLink": "https://www.sec.gov/Archives/edgar/data/887396/000088739606000013/r10qsb-306.txt"
    },
    {
        "date": "2005-12-31",
        "symbol": "EP",
        "reportedCurrency": "USD",
        "cik": "0000887396",
        "fillingDate": "2006-03-31",
        "acceptedDate": "2006-03-31 15:19:49",
        "calendarYear": "2005",
        "period": "Q4",
        "revenue": -58527,
        "costOfRevenue": -68282,
        "grossProfit": 9755,
        "grossProfitRatio": -0.1666752097,
        "researchAndDevelopmentExpenses": 0,
        "generalAndAdministrativeExpenses": 0,
        "sellingAndMarketingExpenses": 0,
        "sellingGeneralAndAdministrativeExpenses": 132383,
        "otherExpenses": -223000,
        "operatingExpenses": -90178,
        "costAndExpenses": 252608,
        "interestIncome": 0,
        "interestExpense": 1725,
        "depreciationAndAmortization": 1011000,
        "ebitda": 699478,
        "ebitdaratio": -11.9513728706,
        "operatingIncome": -311000,
        "operatingIncomeRatio": 5.3137867993,
        "totalOtherIncomeExpensesNet": -600000,
        "incomeBeforeTax": -911000,
        "incomeBeforeTaxRatio": 15.5654655116,
        "incomeTaxExpense": -598000,
        "netIncome": -313000,
        "netIncomeRatio": 5.3479590616,
        "eps": -0.35,
        "epsdiluted": -0.35,
        "weightedAverageShsOut": 892292,
        "weightedAverageShsOutDil": 892292,
        "link": "https://www.sec.gov/Archives/edgar/data/887396/000088739606000012/0000887396-06-000012-index.htm",
        "finalLink": "https://www.sec.gov/Archives/edgar/data/887396/000088739606000012/r10-ksb2005.txt"
    },
    {
        "date": "2005-09-30",
        "symbol": "EP",
        "reportedCurrency": "USD",
        "cik": "0000887396",
        "fillingDate": "2005-12-20",
        "acceptedDate": "2005-12-20 16:50:50",
        "calendarYear": "2005",
        "period": "Q3",
        "revenue": 41757,
        "costOfRevenue": 49353,
        "grossProfit": -7596,
        "grossProfitRatio": -0.1819096199,
        "researchAndDevelopmentExpenses": 0,
        "generalAndAdministrativeExpenses": 0,
        "sellingAndMarketingExpenses": 0,
        "sellingGeneralAndAdministrativeExpenses": 32759,
        "otherExpenses": 0,
        "operatingExpenses": 32759,
        "costAndExpenses": 82112,
        "interestIncome": 0,
        "interestExpense": 0,
        "depreciationAndAmortization": 0,
        "ebitda": -40355,
        "ebitdaratio": -0.9664247911,
        "operatingIncome": -40355,
        "operatingIncomeRatio": -0.9664247911,
        "totalOtherIncomeExpensesNet": 40355,
        "incomeBeforeTax": 0,
        "incomeBeforeTaxRatio": 0,
        "incomeTaxExpense": 42080,
        "netIncome": -42080,
        "netIncomeRatio": -1.00773523,
        "eps": -0.0492,
        "epsdiluted": -0.0492,
        "weightedAverageShsOut": 870974,
        "weightedAverageShsOutDil": 870974,
        "link": "https://www.sec.gov/Archives/edgar/data/887396/000088739605000013/0000887396-05-000013-index.htm",
        "finalLink": "https://www.sec.gov/Archives/edgar/data/887396/000088739605000013/r10qsb-905.txt"
    },
    {
        "date": "2005-06-30",
        "symbol": "EP",
        "reportedCurrency": "USD",
        "cik": "0000887396",
        "fillingDate": "2005-08-15",
        "acceptedDate": "2005-08-15 11:39:41",
        "calendarYear": "2005",
        "period": "Q2",
        "revenue": 73178,
        "costOfRevenue": -6097,
        "grossProfit": 79275,
        "grossProfitRatio": 1.0833173905,
        "researchAndDevelopmentExpenses": 0,
        "generalAndAdministrativeExpenses": 0,
        "sellingAndMarketingExpenses": 0,
        "sellingGeneralAndAdministrativeExpenses": 39886,
        "otherExpenses": 0,
        "operatingExpenses": 39886,
        "costAndExpenses": -188772,
        "interestIncome": 0,
        "interestExpense": 1725,
        "depreciationAndAmortization": -475200,
        "ebitda": -277411,
        "ebitdaratio": -3.7909071032,
        "operatingIncome": 261950,
        "operatingIncomeRatio": 3.579627757,
        "totalOtherIncomeExpensesNet": 252639,
        "incomeBeforeTax": 514589,
        "incomeBeforeTaxRatio": 7.0320178196,
        "incomeTaxExpense": 318525,
        "netIncome": 262357,
        "netIncomeRatio": 3.5851895378,
        "eps": 0.47,
        "epsdiluted": 0.47,
        "weightedAverageShsOut": 817060,
        "weightedAverageShsOutDil": 817060,
        "link": "https://www.sec.gov/Archives/edgar/data/887396/000088739605000006/0000887396-05-000006-index.htm",
        "finalLink": "https://www.sec.gov/Archives/edgar/data/887396/000088739605000006/r10qsb-605.txt"
    },
    {
        "date": "2005-03-31",
        "symbol": "EP",
        "reportedCurrency": "USD",
        "cik": "0000887396",
        "fillingDate": "2005-05-12",
        "acceptedDate": "2005-05-12 14:46:03",
        "calendarYear": "2005",
        "period": "Q1",
        "revenue": 1180,
        "costOfRevenue": 23888,
        "grossProfit": -22708,
        "grossProfitRatio": -19.2440677966,
        "researchAndDevelopmentExpenses": 0,
        "generalAndAdministrativeExpenses": 0,
        "sellingAndMarketingExpenses": 0,
        "sellingGeneralAndAdministrativeExpenses": 43504,
        "otherExpenses": 0,
        "operatingExpenses": 56704,
        "costAndExpenses": 67392,
        "interestIncome": 0,
        "interestExpense": 1725,
        "depreciationAndAmortization": 0,
        "ebitda": -66212,
        "ebitdaratio": -56.1118644068,
        "operatingIncome": -66212,
        "operatingIncomeRatio": -56.1118644068,
        "totalOtherIncomeExpensesNet": 66212,
        "incomeBeforeTax": 0,
        "incomeBeforeTaxRatio": 0,
        "incomeTaxExpense": 81137,
        "netIncome": -65668,
        "netIncomeRatio": -55.6508474576,
        "eps": -0.0818,
        "epsdiluted": -0.0818,
        "weightedAverageShsOut": 788125,
        "weightedAverageShsOutDil": 788125,
        "link": "https://www.sec.gov/Archives/edgar/data/887396/000088739605000003/0000887396-05-000003-index.htm",
        "finalLink": "https://www.sec.gov/Archives/edgar/data/887396/000088739605000003/r10qsb-305.txt"
    },
    {
        "date": "2004-12-31",
        "symbol": "EP",
        "reportedCurrency": "USD",
        "cik": "0000887396",
        "fillingDate": "2005-03-31",
        "acceptedDate": "2005-03-31 15:12:45",
        "calendarYear": "2004",
        "period": "Q4",
        "revenue": 26362,
        "costOfRevenue": 19409,
        "grossProfit": 6953,
        "grossProfitRatio": 0.2637508535,
        "researchAndDevelopmentExpenses": 0,
        "generalAndAdministrativeExpenses": 0,
        "sellingAndMarketingExpenses": 0,
        "sellingGeneralAndAdministrativeExpenses": 55338,
        "otherExpenses": 0,
        "operatingExpenses": 55338,
        "costAndExpenses": 74747,
        "interestIncome": 0,
        "interestExpense": 1725,
        "depreciationAndAmortization": -13,
        "ebitda": -48385,
        "ebitdaratio": -1.8354070253,
        "operatingIncome": -48385,
        "operatingIncomeRatio": -1.8354070253,
        "totalOtherIncomeExpensesNet": 13,
        "incomeBeforeTax": -48372,
        "incomeBeforeTaxRatio": -1.8349138912,
        "incomeTaxExpense": 1725,
        "netIncome": -50097,
        "netIncomeRatio": -1.9003489872,
        "eps": -0.0636,
        "epsdiluted": -0.0636,
        "weightedAverageShsOut": 788125,
        "weightedAverageShsOutDil": 788125,
        "link": "https://www.sec.gov/Archives/edgar/data/887396/000088739605000001/0000887396-05-000001-index.htm",
        "finalLink": "https://www.sec.gov/Archives/edgar/data/887396/000088739605000001/r10-ksb2004.txt"
    },
    {
        "date": "2004-09-30",
        "symbol": "EP",
        "reportedCurrency": "USD",
        "cik": "0000887396",
        "fillingDate": "2004-11-15",
        "acceptedDate": "2004-11-15 14:12:49",
        "calendarYear": "2004",
        "period": "Q3",
        "revenue": 19674,
        "costOfRevenue": 32898,
        "grossProfit": -13224,
        "grossProfitRatio": -0.6721561452,
        "researchAndDevelopmentExpenses": 0,
        "generalAndAdministrativeExpenses": 0,
        "sellingAndMarketingExpenses": 0,
        "sellingGeneralAndAdministrativeExpenses": 37919,
        "otherExpenses": 0,
        "operatingExpenses": 51119,
        "costAndExpenses": 84017,
        "interestIncome": 0,
        "interestExpense": 0,
        "depreciationAndAmortization": 0,
        "ebitda": -51143,
        "ebitdaratio": -2.5995222121,
        "operatingIncome": -51143,
        "operatingIncomeRatio": -2.5995222121,
        "totalOtherIncomeExpensesNet": 51143,
        "incomeBeforeTax": 0,
        "incomeBeforeTaxRatio": 0,
        "incomeTaxExpense": 66068,
        "netIncome": -64786,
        "netIncomeRatio": -3.2929755007,
        "eps": -0.0807,
        "epsdiluted": -0.0807,
        "weightedAverageShsOut": 802766,
        "weightedAverageShsOutDil": 802766,
        "link": "https://www.sec.gov/Archives/edgar/data/887396/000088739604000008/0000887396-04-000008-index.htm",
        "finalLink": "https://www.sec.gov/Archives/edgar/data/887396/000088739604000008/r10qsb-904.txt"
    },
    {
        "date": "2004-06-30",
        "symbol": "EP",
        "reportedCurrency": "USD",
        "cik": "0000887396",
        "fillingDate": "2004-08-02",
        "acceptedDate": "2004-08-02 16:31:46",
        "calendarYear": "2004",
        "period": "Q2",
        "revenue": 1497,
        "costOfRevenue": 17652,
        "grossProfit": -16155,
        "grossProfitRatio": -10.7915831663,
        "researchAndDevelopmentExpenses": 0,
        "generalAndAdministrativeExpenses": 0,
        "sellingAndMarketingExpenses": 0,
        "sellingGeneralAndAdministrativeExpenses": 48372,
        "otherExpenses": 0,
        "operatingExpenses": 48372,
        "costAndExpenses": 66024,
        "interestIncome": 0,
        "interestExpense": 1725,
        "depreciationAndAmortization": -128,
        "ebitda": -64527,
        "ebitdaratio": -43.1042084168,
        "operatingIncome": -64527,
        "operatingIncomeRatio": -43.1042084168,
        "totalOtherIncomeExpensesNet": 128,
        "incomeBeforeTax": -64399,
        "incomeBeforeTaxRatio": -43.0187040748,
        "incomeTaxExpense": 1725,
        "netIncome": -66124,
        "netIncomeRatio": -44.171008684,
        "eps": -0.0824,
        "epsdiluted": -0.0824,
        "weightedAverageShsOut": 788125,
        "weightedAverageShsOutDil": 788125,
        "link": "https://www.sec.gov/Archives/edgar/data/887396/000088739604000007/0000887396-04-000007-index.htm",
        "finalLink": "https://www.sec.gov/Archives/edgar/data/887396/000088739604000007/r10qsb-604.txt"
    },
    {
        "date": "2004-03-31",
        "symbol": "EP",
        "reportedCurrency": "USD",
        "cik": "0000887396",
        "fillingDate": "2004-05-21",
        "acceptedDate": "2004-05-21 15:09:09",
        "calendarYear": "2004",
        "period": "Q1",
        "revenue": 34607,
        "costOfRevenue": 22128,
        "grossProfit": 12479,
        "grossProfitRatio": 0.3605917878,
        "researchAndDevelopmentExpenses": 0,
        "generalAndAdministrativeExpenses": 0,
        "sellingAndMarketingExpenses": 0,
        "sellingGeneralAndAdministrativeExpenses": 57202,
        "otherExpenses": 0,
        "operatingExpenses": 57202,
        "costAndExpenses": 79330,
        "interestIncome": 0,
        "interestExpense": 1725,
        "depreciationAndAmortization": -25,
        "ebitda": -44723,
        "ebitdaratio": -1.2923108042,
        "operatingIncome": -44723,
        "operatingIncomeRatio": -1.2923108042,
        "totalOtherIncomeExpensesNet": 25,
        "incomeBeforeTax": -44698,
        "incomeBeforeTaxRatio": -1.291588407,
        "incomeTaxExpense": 1725,
        "netIncome": -46423,
        "netIncomeRatio": -1.341433814,
        "eps": -0.0589,
        "epsdiluted": -0.0589,
        "weightedAverageShsOut": 802766,
        "weightedAverageShsOutDil": 802766,
        "link": "https://www.sec.gov/Archives/edgar/data/887396/000088739604000005/0000887396-04-000005-index.htm",
        "finalLink": "https://www.sec.gov/Archives/edgar/data/887396/000088739604000005/r10qsb-304.txt"
    },
    {
        "date": "2003-12-31",
        "symbol": "EP",
        "reportedCurrency": "USD",
        "cik": "0000887396",
        "fillingDate": "2004-03-30",
        "acceptedDate": "2004-03-30 16:09:30",
        "calendarYear": "2003",
        "period": "Q4",
        "revenue": 55590,
        "costOfRevenue": 76028,
        "grossProfit": -20438,
        "grossProfitRatio": -0.3676560532,
        "researchAndDevelopmentExpenses": 0,
        "generalAndAdministrativeExpenses": 0,
        "sellingAndMarketingExpenses": 0,
        "sellingGeneralAndAdministrativeExpenses": 49377,
        "otherExpenses": -18288,
        "operatingExpenses": -45623,
        "costAndExpenses": 107117,
        "interestIncome": 0,
        "interestExpense": 0,
        "depreciationAndAmortization": -95000,
        "ebitda": -69815,
        "ebitdaratio": -1.2558913474,
        "operatingIncome": -51527,
        "operatingIncomeRatio": -0.926911315,
        "totalOtherIncomeExpensesNet": 51527,
        "incomeBeforeTax": -204000,
        "incomeBeforeTaxRatio": -3.6697247706,
        "incomeTaxExpense": 102615,
        "netIncome": -77430,
        "netIncomeRatio": -1.3928764166,
        "eps": -0.0982,
        "epsdiluted": -0.0982,
        "weightedAverageShsOut": 788125,
        "weightedAverageShsOutDil": 788125,
        "link": "https://www.sec.gov/Archives/edgar/data/887396/000088739604000001/0000887396-04-000001-index.htm",
        "finalLink": "https://www.sec.gov/Archives/edgar/data/887396/000088739604000001/r10-ksb2003.txt"
    },
    {
        "date": "2003-09-30",
        "symbol": "EP",
        "reportedCurrency": "USD",
        "cik": "0000887396",
        "fillingDate": "2003-11-13",
        "acceptedDate": "2003-11-13 17:18:11",
        "calendarYear": "2003",
        "period": "Q3",
        "revenue": 74149,
        "costOfRevenue": 44186,
        "grossProfit": 29963,
        "grossProfitRatio": 0.4040917612,
        "researchAndDevelopmentExpenses": 0,
        "generalAndAdministrativeExpenses": 0,
        "sellingAndMarketingExpenses": 0,
        "sellingGeneralAndAdministrativeExpenses": 120845,
        "otherExpenses": 65000,
        "operatingExpenses": 185845,
        "costAndExpenses": 230031,
        "interestIncome": 0,
        "interestExpense": 0,
        "depreciationAndAmortization": 65000,
        "ebitda": -90882,
        "ebitdaratio": -1.2256672376,
        "operatingIncome": -155882,
        "operatingIncomeRatio": -2.1022805432,
        "totalOtherIncomeExpensesNet": 84,
        "incomeBeforeTax": -155798,
        "incomeBeforeTaxRatio": -2.1011476891,
        "incomeTaxExpense": -84,
        "netIncome": -155798,
        "netIncomeRatio": -2.1011476891,
        "eps": -0.2,
        "epsdiluted": -0.2,
        "weightedAverageShsOut": 782107,
        "weightedAverageShsOutDil": 782107,
        "link": "https://www.sec.gov/Archives/edgar/data/887396/000088739603000011/0000887396-03-000011-index.htm",
        "finalLink": "https://www.sec.gov/Archives/edgar/data/887396/000088739603000011/r10qsb-903.txt"
    },
    {
        "date": "2003-06-30",
        "symbol": "EP",
        "reportedCurrency": "USD",
        "cik": "0000887396",
        "fillingDate": "2003-08-11",
        "acceptedDate": "2003-08-11 16:36:57",
        "calendarYear": "2003",
        "period": "Q2",
        "revenue": 33888,
        "costOfRevenue": 21882,
        "grossProfit": 12006,
        "grossProfitRatio": 0.3542847025,
        "researchAndDevelopmentExpenses": 0,
        "generalAndAdministrativeExpenses": 0,
        "sellingAndMarketingExpenses": 0,
        "sellingGeneralAndAdministrativeExpenses": 72727,
        "otherExpenses": 32201,
        "operatingExpenses": 104928,
        "costAndExpenses": 124609,
        "interestIncome": 0,
        "interestExpense": 0,
        "depreciationAndAmortization": 30000,
        "ebitda": -62922,
        "ebitdaratio": -1.8567634561,
        "operatingIncome": -90721,
        "operatingIncomeRatio": -2.6770833333,
        "totalOtherIncomeExpensesNet": 4421,
        "incomeBeforeTax": -86300,
        "incomeBeforeTaxRatio": -2.5466241737,
        "incomeTaxExpense": -4421,
        "netIncome": -88501,
        "netIncomeRatio": -2.6115734183,
        "eps": -0.12,
        "epsdiluted": -0.12,
        "weightedAverageShsOut": 746459,
        "weightedAverageShsOutDil": 746459,
        "link": "https://www.sec.gov/Archives/edgar/data/887396/000088739603000009/0000887396-03-000009-index.htm",
        "finalLink": "https://www.sec.gov/Archives/edgar/data/887396/000088739603000009/r10qsb603.txt"
    },
    {
        "date": "2003-03-31",
        "symbol": "EP",
        "reportedCurrency": "USD",
        "cik": "0000887396",
        "fillingDate": "2003-05-21",
        "acceptedDate": "2003-05-21 12:58:19",
        "calendarYear": "2003",
        "period": "Q1",
        "revenue": 0,
        "costOfRevenue": 17234,
        "grossProfit": -17234,
        "grossProfitRatio": 0,
        "researchAndDevelopmentExpenses": 0,
        "generalAndAdministrativeExpenses": 0,
        "sellingAndMarketingExpenses": 0,
        "sellingGeneralAndAdministrativeExpenses": 28127,
        "otherExpenses": 1028,
        "operatingExpenses": 29155,
        "costAndExpenses": 236455,
        "interestIncome": 0,
        "interestExpense": 0,
        "depreciationAndAmortization": 1028,
        "ebitda": -45361,
        "ebitdaratio": 0,
        "operatingIncome": -236000,
        "operatingIncomeRatio": 0,
        "totalOtherIncomeExpensesNet": 236455,
        "incomeBeforeTax": -615000,
        "incomeBeforeTaxRatio": 0,
        "incomeTaxExpense": 188042,
        "netIncome": -234000,
        "netIncomeRatio": 0,
        "eps": -0.42,
        "epsdiluted": -0.42,
        "weightedAverageShsOut": 552699,
        "weightedAverageShsOutDil": 552699,
        "link": "https://www.sec.gov/Archives/edgar/data/887396/000088739603000008/0000887396-03-000008-index.htm",
        "finalLink": "https://www.sec.gov/Archives/edgar/data/887396/000088739603000008/r10qsb303.txt"
    },
    {
        "date": "2002-12-31",
        "symbol": "EP",
        "reportedCurrency": "USD",
        "cik": "0000887396",
        "fillingDate": "2003-04-16",
        "acceptedDate": "2003-04-15 18:56:18",
        "calendarYear": "2002",
        "period": "Q4",
        "revenue": 0,
        "costOfRevenue": 10745,
        "grossProfit": -10745,
        "grossProfitRatio": 0,
        "researchAndDevelopmentExpenses": 0,
        "generalAndAdministrativeExpenses": 0,
        "sellingAndMarketingExpenses": 0,
        "sellingGeneralAndAdministrativeExpenses": 64790,
        "otherExpenses": 2877,
        "operatingExpenses": 67667,
        "costAndExpenses": 6573156,
        "interestIncome": 0,
        "interestExpense": 20829,
        "depreciationAndAmortization": 1007,
        "ebitda": -77405,
        "ebitdaratio": 0,
        "operatingIncome": -6573156,
        "operatingIncomeRatio": 0,
        "totalOtherIncomeExpensesNet": 6573156,
        "incomeBeforeTax": -19564463,
        "incomeBeforeTaxRatio": 0,
        "incomeTaxExpense": 5265522,
        "netIncome": -5343934,
        "netIncomeRatio": 0,
        "eps": -9.67,
        "epsdiluted": -9.67,
        "weightedAverageShsOut": 552699,
        "weightedAverageShsOutDil": 552699,
        "link": "https://www.sec.gov/Archives/edgar/data/887396/000088739603000005/0000887396-03-000005-index.htm",
        "finalLink": "https://www.sec.gov/Archives/edgar/data/887396/000088739603000005/r10-k2002.txt"
    },
    {
        "date": "2002-09-30",
        "symbol": "EP",
        "reportedCurrency": "USD",
        "cik": "0000887396",
        "fillingDate": "2002-11-12",
        "acceptedDate": "2002-11-12 09:48:47",
        "calendarYear": "2002",
        "period": "Q3",
        "revenue": 0,
        "costOfRevenue": 5178,
        "grossProfit": -5178,
        "grossProfitRatio": 0,
        "researchAndDevelopmentExpenses": 0,
        "generalAndAdministrativeExpenses": 0,
        "sellingAndMarketingExpenses": 0,
        "sellingGeneralAndAdministrativeExpenses": 36425,
        "otherExpenses": 1045,
        "operatingExpenses": 37470,
        "costAndExpenses": 42648,
        "interestIncome": 0,
        "interestExpense": 33730,
        "depreciationAndAmortization": 1045,
        "ebitda": -41603,
        "ebitdaratio": 0,
        "operatingIncome": -42648,
        "operatingIncomeRatio": 0,
        "totalOtherIncomeExpensesNet": 34,
        "incomeBeforeTax": -42614,
        "incomeBeforeTaxRatio": 0,
        "incomeTaxExpense": 33696,
        "netIncome": -76344,
        "netIncomeRatio": 0,
        "eps": -0.15,
        "epsdiluted": -0.15,
        "weightedAverageShsOut": 509579,
        "weightedAverageShsOutDil": 509579,
        "link": "https://www.sec.gov/Archives/edgar/data/887396/000088739602000016/0000887396-02-000016-index.htm",
        "finalLink": "https://www.sec.gov/Archives/edgar/data/887396/000088739602000016/r10qsb902.txt"
    },
    {
        "date": "2002-06-30",
        "symbol": "EP",
        "reportedCurrency": "USD",
        "cik": "0000887396",
        "fillingDate": "2002-08-28",
        "acceptedDate": "2002-08-28 16:20:27",
        "calendarYear": "2002",
        "period": "Q2",
        "revenue": 0,
        "costOfRevenue": 0,
        "grossProfit": 0,
        "grossProfitRatio": 0,
        "researchAndDevelopmentExpenses": 0,
        "generalAndAdministrativeExpenses": 0,
        "sellingAndMarketingExpenses": 0,
        "sellingGeneralAndAdministrativeExpenses": 125814,
        "otherExpenses": 1054,
        "operatingExpenses": 126868,
        "costAndExpenses": 126868,
        "interestIncome": 0,
        "interestExpense": 14993,
        "depreciationAndAmortization": 1054,
        "ebitda": -126000,
        "ebitdaratio": 0,
        "operatingIncome": -127000,
        "operatingIncomeRatio": 0,
        "totalOtherIncomeExpensesNet": 1785,
        "incomeBeforeTax": -125000,
        "incomeBeforeTaxRatio": 0,
        "incomeTaxExpense": 13208,
        "netIncome": -140000,
        "netIncomeRatio": 0,
        "eps": -0.28,
        "epsdiluted": -0.28,
        "weightedAverageShsOut": 511480,
        "weightedAverageShsOutDil": 511480,
        "link": "https://www.sec.gov/Archives/edgar/data/887396/000088739602000015/0000887396-02-000015-index.htm",
        "finalLink": "https://www.sec.gov/Archives/edgar/data/887396/000088739602000015/r10qsb602.txt"
    },
    {
        "date": "2002-03-31",
        "symbol": "EP",
        "reportedCurrency": "USD",
        "cik": "0000887396",
        "fillingDate": "2002-05-15",
        "acceptedDate": "2002-05-15 09:54:15",
        "calendarYear": "2002",
        "period": "Q1",
        "revenue": 0,
        "costOfRevenue": 73341,
        "grossProfit": -73341,
        "grossProfitRatio": 0,
        "researchAndDevelopmentExpenses": 0,
        "generalAndAdministrativeExpenses": 0,
        "sellingAndMarketingExpenses": 0,
        "sellingGeneralAndAdministrativeExpenses": 52610,
        "otherExpenses": 1044,
        "operatingExpenses": 53654,
        "costAndExpenses": 126995,
        "interestIncome": 0,
        "interestExpense": 5385,
        "depreciationAndAmortization": 1044,
        "ebitda": -125951,
        "ebitdaratio": 0,
        "operatingIncome": -126995,
        "operatingIncomeRatio": 0,
        "totalOtherIncomeExpensesNet": 0,
        "incomeBeforeTax": 0,
        "incomeBeforeTaxRatio": 0,
        "incomeTaxExpense": 5385,
        "netIncome": -132380,
        "netIncomeRatio": 0,
        "eps": -0.27,
        "epsdiluted": -0.27,
        "weightedAverageShsOut": 489482,
        "weightedAverageShsOutDil": 489482,
        "link": "https://www.sec.gov/Archives/edgar/data/887396/000088739602000006/0000887396-02-000006-index.htm",
        "finalLink": "https://www.sec.gov/Archives/edgar/data/887396/000088739602000006/r10qsb302.txt"
    },
    {
        "date": "2001-12-31",
        "symbol": "EP",
        "reportedCurrency": "USD",
        "cik": "0000887396",
        "fillingDate": "2002-04-11",
        "acceptedDate": "2002-04-11 00:00:00",
        "calendarYear": "2001",
        "period": "Q4",
        "revenue": 2482,
        "costOfRevenue": 13313,
        "grossProfit": -10831,
        "grossProfitRatio": -4.3638195004,
        "researchAndDevelopmentExpenses": 0,
        "generalAndAdministrativeExpenses": 217366,
        "sellingAndMarketingExpenses": 0,
        "sellingGeneralAndAdministrativeExpenses": 66249,
        "otherExpenses": -482000,
        "operatingExpenses": -413000,
        "costAndExpenses": -400000,
        "interestIncome": 0,
        "interestExpense": 0,
        "depreciationAndAmortization": 4212,
        "ebitda": 406614,
        "ebitdaratio": 163.8251410153,
        "operatingIncome": 402402,
        "operatingIncomeRatio": 162.1281224819,
        "totalOtherIncomeExpensesNet": -555000,
        "incomeBeforeTax": -153000,
        "incomeBeforeTaxRatio": -61.6438356164,
        "incomeTaxExpense": -68026,
        "netIncome": -84824,
        "netIncomeRatio": -34.1756647865,
        "eps": -0.17,
        "epsdiluted": -0.17,
        "weightedAverageShsOut": 489482,
        "weightedAverageShsOutDil": 489482,
        "link": "https://www.sec.gov/Archives/edgar/data/887396/000088739602000002/0000887396-02-000002-index.htm",
        "finalLink": "https://www.sec.gov/Archives/edgar/data/887396/000088739602000002/empr0110ksb.htm"
    },
    {
        "date": "2001-09-30",
        "symbol": "EP",
        "reportedCurrency": "USD",
        "cik": "0000887396",
        "fillingDate": "2001-12-07",
        "acceptedDate": "2001-12-07 00:00:00",
        "calendarYear": "2001",
        "period": "Q3",
        "revenue": 0,
        "costOfRevenue": 7446,
        "grossProfit": -7446,
        "grossProfitRatio": 0,
        "researchAndDevelopmentExpenses": 0,
        "generalAndAdministrativeExpenses": 77952,
        "sellingAndMarketingExpenses": 0,
        "sellingGeneralAndAdministrativeExpenses": 77952,
        "otherExpenses": 0,
        "operatingExpenses": 77952,
        "costAndExpenses": 85398,
        "interestIncome": 0,
        "interestExpense": 0,
        "depreciationAndAmortization": 0,
        "ebitda": -85398,
        "ebitdaratio": 0,
        "operatingIncome": -85398,
        "operatingIncomeRatio": 0,
        "totalOtherIncomeExpensesNet": -5918,
        "incomeBeforeTax": -91316,
        "incomeBeforeTaxRatio": 0,
        "incomeTaxExpense": 0,
        "netIncome": -91316,
        "netIncomeRatio": 0,
        "eps": -0.2,
        "epsdiluted": -0.2,
        "weightedAverageShsOut": 443423,
        "weightedAverageShsOutDil": 443423,
        "link": "https://www.sec.gov/Archives/edgar/data/887396/000088739601500010/0000887396-01-500010-index.htm",
        "finalLink": "https://www.sec.gov/Archives/edgar/data/887396/000088739601500010/empr0901.htm"
    },
    {
        "date": "2001-06-30",
        "symbol": "EP",
        "reportedCurrency": "USD",
        "cik": "0000887396",
        "fillingDate": "2001-08-27",
        "acceptedDate": "2001-08-27 00:00:00",
        "calendarYear": "2001",
        "period": "Q2",
        "revenue": 9928,
        "costOfRevenue": 10154,
        "grossProfit": -226,
        "grossProfitRatio": -0.0227639001,
        "researchAndDevelopmentExpenses": 0,
        "generalAndAdministrativeExpenses": 0,
        "sellingAndMarketingExpenses": 0,
        "sellingGeneralAndAdministrativeExpenses": 33408,
        "otherExpenses": 0,
        "operatingExpenses": 33408,
        "costAndExpenses": 43562,
        "interestIncome": 0,
        "interestExpense": 0,
        "depreciationAndAmortization": 525,
        "ebitda": -33109,
        "ebitdaratio": -3.3349113618,
        "operatingIncome": -33634,
        "operatingIncomeRatio": -3.3877921031,
        "totalOtherIncomeExpensesNet": 8688,
        "incomeBeforeTax": -24946,
        "incomeBeforeTaxRatio": -2.5126913779,
        "incomeTaxExpense": 0,
        "netIncome": -24946,
        "netIncomeRatio": -2.5126913779,
        "eps": -0.0636,
        "epsdiluted": -0.0636,
        "weightedAverageShsOut": 392000,
        "weightedAverageShsOutDil": 392000,
        "link": "https://www.sec.gov/Archives/edgar/data/887396/000088739601500008/0000887396-01-500008-index.htm",
        "finalLink": "https://www.sec.gov/Archives/edgar/data/887396/000088739601500008/empr0601.htm"
    },
    {
        "date": "2001-03-31",
        "symbol": "EP",
        "reportedCurrency": "USD",
        "cik": "0000887396",
        "fillingDate": "2001-05-11",
        "acceptedDate": "2001-05-11 00:00:00",
        "calendarYear": "2001",
        "period": "Q1",
        "revenue": 1,
        "costOfRevenue": -525,
        "grossProfit": 526,
        "grossProfitRatio": 526,
        "researchAndDevelopmentExpenses": 0,
        "generalAndAdministrativeExpenses": 0,
        "sellingAndMarketingExpenses": 0,
        "sellingGeneralAndAdministrativeExpenses": 39757,
        "otherExpenses": 525,
        "operatingExpenses": 40282,
        "costAndExpenses": 39757,
        "interestIncome": 0,
        "interestExpense": 4571,
        "depreciationAndAmortization": 525,
        "ebitda": -39232,
        "ebitdaratio": -39232,
        "operatingIncome": -39757,
        "operatingIncomeRatio": -39757,
        "totalOtherIncomeExpensesNet": 48,
        "incomeBeforeTax": -39709,
        "incomeBeforeTaxRatio": -39709,
        "incomeTaxExpense": 3324,
        "netIncome": -43080,
        "netIncomeRatio": -43080,
        "eps": -0.13,
        "epsdiluted": -0.13,
        "weightedAverageShsOut": 333395,
        "weightedAverageShsOutDil": 333395,
        "link": "https://www.sec.gov/Archives/edgar/data/887396/000088739601500003/0000887396-01-500003-index.htm",
        "finalLink": "https://www.sec.gov/Archives/edgar/data/887396/000088739601500003/r10qsb-march2001.txt"
    },
    {
        "date": "2000-12-31",
        "symbol": "EP",
        "reportedCurrency": "USD",
        "cik": "0000887396",
        "fillingDate": "2001-03-29",
        "acceptedDate": "2001-03-29 00:00:00",
        "calendarYear": "2000",
        "period": "Q4",
        "revenue": 2989,
        "costOfRevenue": -36,
        "grossProfit": 3025,
        "grossProfitRatio": 1.0120441619,
        "researchAndDevelopmentExpenses": 0,
        "generalAndAdministrativeExpenses": 0,
        "sellingAndMarketingExpenses": 0,
        "sellingGeneralAndAdministrativeExpenses": 27686,
        "otherExpenses": 36,
        "operatingExpenses": 27722,
        "costAndExpenses": 27686,
        "interestIncome": 0,
        "interestExpense": 0,
        "depreciationAndAmortization": 36,
        "ebitda": -24661,
        "ebitdaratio": -8.2505854801,
        "operatingIncome": -24697,
        "operatingIncomeRatio": -8.262629642,
        "totalOtherIncomeExpensesNet": 0,
        "incomeBeforeTax": 0,
        "incomeBeforeTaxRatio": 0,
        "incomeTaxExpense": 28765,
        "netIncome": -53462,
        "netIncomeRatio": -17.8862495818,
        "eps": -0.16,
        "epsdiluted": -0.16,
        "weightedAverageShsOut": 333395,
        "weightedAverageShsOutDil": 333395,
        "link": "https://www.sec.gov/Archives/edgar/data/887396/000088739601000001/0000887396-01-000001-index.htm",
        "finalLink": "https://www.sec.gov/Archives/edgar/data/887396/000088739601000001/0000887396-01-000001-0001.txt"
    },
    {
        "date": "2000-09-30",
        "symbol": "EP",
        "reportedCurrency": "USD",
        "cik": "0000887396",
        "fillingDate": "2000-11-14",
        "acceptedDate": "2000-11-14 00:00:00",
        "calendarYear": "2000",
        "period": "Q3",
        "revenue": 1,
        "costOfRevenue": -680,
        "grossProfit": 681,
        "grossProfitRatio": 681,
        "researchAndDevelopmentExpenses": 0,
        "generalAndAdministrativeExpenses": 0,
        "sellingAndMarketingExpenses": 0,
        "sellingGeneralAndAdministrativeExpenses": 26295,
        "otherExpenses": 680,
        "operatingExpenses": 26975,
        "costAndExpenses": 26295,
        "interestIncome": 976,
        "interestExpense": 0,
        "depreciationAndAmortization": 680,
        "ebitda": -25615,
        "ebitdaratio": -25615,
        "operatingIncome": -26295,
        "operatingIncomeRatio": -26295,
        "totalOtherIncomeExpensesNet": 54,
        "incomeBeforeTax": -26241,
        "incomeBeforeTaxRatio": -26241,
        "incomeTaxExpense": -1028,
        "netIncome": -25266,
        "netIncomeRatio": -25266,
        "eps": -0.08,
        "epsdiluted": -0.08,
        "weightedAverageShsOut": 315748,
        "weightedAverageShsOutDil": 315748,
        "link": "https://www.sec.gov/Archives/edgar/data/887396/000088739600000008/0000887396-00-000008-index.htm",
        "finalLink": "https://www.sec.gov/Archives/edgar/data/887396/000088739600000008/0000887396-00-000008-0001.txt"
    },
    {
        "date": "2000-06-30",
        "symbol": "EP",
        "reportedCurrency": "USD",
        "cik": "0000887396",
        "fillingDate": "2000-07-28",
        "acceptedDate": "2000-07-28 00:00:00",
        "calendarYear": "2000",
        "period": "Q2",
        "revenue": 91,
        "costOfRevenue": -681,
        "grossProfit": 772,
        "grossProfitRatio": 8.4835164835,
        "researchAndDevelopmentExpenses": 0,
        "generalAndAdministrativeExpenses": 0,
        "sellingAndMarketingExpenses": 0,
        "sellingGeneralAndAdministrativeExpenses": 56813,
        "otherExpenses": 681,
        "operatingExpenses": 57494,
        "costAndExpenses": 56813,
        "interestIncome": 0,
        "interestExpense": 0,
        "depreciationAndAmortization": 682,
        "ebitda": -56041,
        "ebitdaratio": -615.8351648352,
        "operatingIncome": -56723,
        "operatingIncomeRatio": -623.3296703297,
        "totalOtherIncomeExpensesNet": 0,
        "incomeBeforeTax": 0,
        "incomeBeforeTaxRatio": 0,
        "incomeTaxExpense": -1721,
        "netIncome": -56723,
        "netIncomeRatio": -623.3296703297,
        "eps": -0.18,
        "epsdiluted": -0.18,
        "weightedAverageShsOut": 315748,
        "weightedAverageShsOutDil": 315748,
        "link": "https://www.sec.gov/Archives/edgar/data/887396/000088739600000005/0000887396-00-000005-index.htm",
        "finalLink": "https://www.sec.gov/Archives/edgar/data/887396/000088739600000005/0000887396-00-000005-0001.txt"
    },
    {
        "date": "2000-03-31",
        "symbol": "EP",
        "reportedCurrency": "USD",
        "cik": "0000887396",
        "fillingDate": "2000-05-19",
        "acceptedDate": "2000-05-19 00:00:00",
        "calendarYear": "2000",
        "period": "Q1",
        "revenue": 1,
        "costOfRevenue": -681,
        "grossProfit": 682,
        "grossProfitRatio": 682,
        "researchAndDevelopmentExpenses": 0,
        "generalAndAdministrativeExpenses": 0,
        "sellingAndMarketingExpenses": 0,
        "sellingGeneralAndAdministrativeExpenses": 27303,
        "otherExpenses": 681,
        "operatingExpenses": 27984,
        "costAndExpenses": 27303,
        "interestIncome": 0,
        "interestExpense": 0,
        "depreciationAndAmortization": 681,
        "ebitda": -26621,
        "ebitdaratio": -26621,
        "operatingIncome": -27302,
        "operatingIncomeRatio": -27302,
        "totalOtherIncomeExpensesNet": 0,
        "incomeBeforeTax": 0,
        "incomeBeforeTaxRatio": 0,
        "incomeTaxExpense": 0,
        "netIncome": -27303,
        "netIncomeRatio": -27303,
        "eps": -0.0922,
        "epsdiluted": -0.0922,
        "weightedAverageShsOut": 301601,
        "weightedAverageShsOutDil": 301601,
        "link": "https://www.sec.gov/Archives/edgar/data/887396/000088739600000004/0000887396-00-000004-index.html",
        "finalLink": "https://www.sec.gov/Archives/edgar/data/887396/000088739600000004/0000887396-00-000004.txt"
    }
]