[
    {
        "date": "2020-06-30",
        "symbol": "ETFC",
        "reportedCurrency": "USD",
        "cik": "0001015780",
        "fillingDate": "2020-08-05",
        "acceptedDate": "2020-08-05 17:13:04",
        "calendarYear": "2020",
        "period": "Q2",
        "revenue": 716000000,
        "costOfRevenue": 0,
        "grossProfit": 716000000,
        "grossProfitRatio": 1,
        "researchAndDevelopmentExpenses": 0,
        "generalAndAdministrativeExpenses": 261000000,
        "sellingAndMarketingExpenses": 64000000,
        "sellingGeneralAndAdministrativeExpenses": 325000000,
        "otherExpenses": -756000000,
        "operatingExpenses": -431000000,
        "costAndExpenses": -431000000,
        "interestIncome": 0,
        "interestExpense": 21000000,
        "depreciationAndAmortization": 73000000,
        "ebitda": 358000000,
        "ebitdaratio": 0.5,
        "operatingIncome": 285000000,
        "operatingIncomeRatio": 0.3980446927,
        "totalOtherIncomeExpensesNet": -21000000,
        "incomeBeforeTax": 264000000,
        "incomeBeforeTaxRatio": 0.3687150838,
        "incomeTaxExpense": 68000000,
        "netIncome": 196000000,
        "netIncomeRatio": 0.2737430168,
        "eps": 0.89,
        "epsdiluted": 0.88,
        "weightedAverageShsOut": 221438000,
        "weightedAverageShsOutDil": 221693000,
        "link": "",
        "finalLink": ""
    },
    {
        "date": "2020-03-31",
        "symbol": "ETFC",
        "reportedCurrency": "USD",
        "cik": "0001015780",
        "fillingDate": "2020-05-06",
        "acceptedDate": "2020-05-06 17:30:42",
        "calendarYear": "2020",
        "period": "Q1",
        "revenue": 707000000,
        "costOfRevenue": 0,
        "grossProfit": 707000000,
        "grossProfitRatio": 1,
        "researchAndDevelopmentExpenses": 0,
        "generalAndAdministrativeExpenses": 245000000,
        "sellingAndMarketingExpenses": 56000000,
        "sellingGeneralAndAdministrativeExpenses": 301000000,
        "otherExpenses": -709000000,
        "operatingExpenses": -408000000,
        "costAndExpenses": -408000000,
        "interestIncome": 0,
        "interestExpense": 43000000,
        "depreciationAndAmortization": 57000000,
        "ebitda": 356000000,
        "ebitdaratio": 0.5035360679,
        "operatingIncome": 299000000,
        "operatingIncomeRatio": 0.4229137199,
        "totalOtherIncomeExpensesNet": -43000000,
        "incomeBeforeTax": 256000000,
        "incomeBeforeTaxRatio": 0.3620933522,
        "incomeTaxExpense": 75000000,
        "netIncome": 181000000,
        "netIncomeRatio": 0.2560113154,
        "eps": 0.81,
        "epsdiluted": 0.81,
        "weightedAverageShsOut": 222295000,
        "weightedAverageShsOutDil": 222742000,
        "link": "https://www.sec.gov/Archives/edgar/data/1015780/000101578020000106/0001015780-20-000106-index.html",
        "finalLink": "https://www.sec.gov/Archives/edgar/data/1015780/000101578020000106/etfc-20200331.htm"
    },
    {
        "date": "2019-12-31",
        "symbol": "ETFC",
        "reportedCurrency": "USD",
        "cik": "0001015780",
        "fillingDate": "2020-02-19",
        "acceptedDate": "2020-02-19 17:23:53",
        "calendarYear": "2019",
        "period": "Q4",
        "revenue": 679000000,
        "costOfRevenue": 0,
        "grossProfit": 679000000,
        "grossProfitRatio": 1,
        "researchAndDevelopmentExpenses": 0,
        "generalAndAdministrativeExpenses": 238000000,
        "sellingAndMarketingExpenses": 53000000,
        "sellingGeneralAndAdministrativeExpenses": 291000000,
        "otherExpenses": -658000000,
        "operatingExpenses": -367000000,
        "costAndExpenses": -367000000,
        "interestIncome": 0,
        "interestExpense": 60000000,
        "depreciationAndAmortization": 57000000,
        "ebitda": 369000000,
        "ebitdaratio": 0.5434462445,
        "operatingIncome": 312000000,
        "operatingIncomeRatio": 0.4594992636,
        "totalOtherIncomeExpensesNet": -60000000,
        "incomeBeforeTax": 252000000,
        "incomeBeforeTaxRatio": 0.3711340206,
        "incomeTaxExpense": 80000000,
        "netIncome": 172000000,
        "netIncomeRatio": 0.2533136966,
        "eps": 0.77,
        "epsdiluted": 0.76,
        "weightedAverageShsOut": 224712000,
        "weightedAverageShsOutDil": 225211000,
        "link": "https://www.sec.gov/Archives/edgar/data/1015780/000101578020000065/0001015780-20-000065-index.htm",
        "finalLink": "https://www.sec.gov/Archives/edgar/data/1015780/000101578020000065/etfc-2019123110k.htm"
    },
    {
        "date": "2019-09-30",
        "symbol": "ETFC",
        "reportedCurrency": "USD",
        "cik": "0001015780",
        "fillingDate": "2019-10-31",
        "acceptedDate": "2019-10-31 16:38:21",
        "calendarYear": "2019",
        "period": "Q3",
        "revenue": 767000000,
        "costOfRevenue": 0,
        "grossProfit": 767000000,
        "grossProfitRatio": 1,
        "researchAndDevelopmentExpenses": 0,
        "generalAndAdministrativeExpenses": 232000000,
        "sellingAndMarketingExpenses": 41000000,
        "sellingGeneralAndAdministrativeExpenses": 273000000,
        "otherExpenses": -594000000,
        "operatingExpenses": -321000000,
        "costAndExpenses": -321000000,
        "interestIncome": 0,
        "interestExpense": 66000000,
        "depreciationAndAmortization": 56000000,
        "ebitda": 502000000,
        "ebitdaratio": 0.6544980443,
        "operatingIncome": 446000000,
        "operatingIncomeRatio": 0.5814863103,
        "totalOtherIncomeExpensesNet": -66000000,
        "incomeBeforeTax": 380000000,
        "incomeBeforeTaxRatio": 0.4954367666,
        "incomeTaxExpense": 106000000,
        "netIncome": 274000000,
        "netIncomeRatio": 0.3572359844,
        "eps": 1.16,
        "epsdiluted": 1.16,
        "weightedAverageShsOut": 235829000,
        "weightedAverageShsOutDil": 236313000,
        "link": "https://www.sec.gov/Archives/edgar/data/1015780/000101578019000204/0001015780-19-000204-index.htm",
        "finalLink": "https://www.sec.gov/Archives/edgar/data/1015780/000101578019000204/etfc-2019093010q.htm"
    },
    {
        "date": "2019-06-30",
        "symbol": "ETFC",
        "reportedCurrency": "USD",
        "cik": "0001015780",
        "fillingDate": "2019-08-01",
        "acceptedDate": "2019-08-01 16:27:42",
        "calendarYear": "2019",
        "period": "Q2",
        "revenue": 685000000,
        "costOfRevenue": 0,
        "grossProfit": 685000000,
        "grossProfitRatio": 1,
        "researchAndDevelopmentExpenses": 0,
        "generalAndAdministrativeExpenses": 233000000,
        "sellingAndMarketingExpenses": 48000000,
        "sellingGeneralAndAdministrativeExpenses": 281000000,
        "otherExpenses": -601000000,
        "operatingExpenses": -320000000,
        "costAndExpenses": -320000000,
        "interestIncome": 0,
        "interestExpense": 70000000,
        "depreciationAndAmortization": 58000000,
        "ebitda": 423000000,
        "ebitdaratio": 0.6175182482,
        "operatingIncome": 365000000,
        "operatingIncomeRatio": 0.5328467153,
        "totalOtherIncomeExpensesNet": -70000000,
        "incomeBeforeTax": 295000000,
        "incomeBeforeTaxRatio": 0.4306569343,
        "incomeTaxExpense": 76000000,
        "netIncome": 219000000,
        "netIncomeRatio": 0.3197080292,
        "eps": 0.9,
        "epsdiluted": 0.9,
        "weightedAverageShsOut": 243007000,
        "weightedAverageShsOutDil": 243465000,
        "link": "https://www.sec.gov/Archives/edgar/data/1015780/000101578019000158/0001015780-19-000158-index.htm",
        "finalLink": "https://www.sec.gov/Archives/edgar/data/1015780/000101578019000158/etfc-2019063010q.htm"
    },
    {
        "date": "2019-03-31",
        "symbol": "ETFC",
        "reportedCurrency": "USD",
        "cik": "0001015780",
        "fillingDate": "2019-05-02",
        "acceptedDate": "2019-05-02 16:32:05",
        "calendarYear": "2019",
        "period": "Q1",
        "revenue": 755000000,
        "costOfRevenue": 0,
        "grossProfit": 755000000,
        "grossProfitRatio": 1,
        "researchAndDevelopmentExpenses": 0,
        "generalAndAdministrativeExpenses": 213000000,
        "sellingAndMarketingExpenses": 54000000,
        "sellingGeneralAndAdministrativeExpenses": 267000000,
        "otherExpenses": -567000000,
        "operatingExpenses": -300000000,
        "costAndExpenses": -300000000,
        "interestIncome": 0,
        "interestExpense": 63000000,
        "depreciationAndAmortization": 54000000,
        "ebitda": 509000000,
        "ebitdaratio": 0.6741721854,
        "operatingIncome": 455000000,
        "operatingIncomeRatio": 0.6026490066,
        "totalOtherIncomeExpensesNet": -63000000,
        "incomeBeforeTax": 392000000,
        "incomeBeforeTaxRatio": 0.519205298,
        "incomeTaxExpense": 102000000,
        "netIncome": 290000000,
        "netIncomeRatio": 0.3841059603,
        "eps": 1.18,
        "epsdiluted": 1.17,
        "weightedAverageShsOut": 246252000,
        "weightedAverageShsOutDil": 246934000,
        "link": "https://www.sec.gov/Archives/edgar/data/1015780/000101578019000096/0001015780-19-000096-index.htm",
        "finalLink": "https://www.sec.gov/Archives/edgar/data/1015780/000101578019000060/etfc-2018123110k.htm"
    },
    {
        "date": "2018-12-31",
        "symbol": "ETFC",
        "reportedCurrency": "USD",
        "cik": "0001015780",
        "fillingDate": "2019-02-20",
        "acceptedDate": "2019-02-20 16:47:35",
        "calendarYear": "2018",
        "period": "Q4",
        "revenue": 735000000,
        "costOfRevenue": 0,
        "grossProfit": 735000000,
        "grossProfitRatio": 1,
        "researchAndDevelopmentExpenses": 0,
        "generalAndAdministrativeExpenses": 215000000,
        "sellingAndMarketingExpenses": 48000000,
        "sellingGeneralAndAdministrativeExpenses": 263000000,
        "otherExpenses": -577000000,
        "operatingExpenses": -314000000,
        "costAndExpenses": -314000000,
        "interestIncome": 0,
        "interestExpense": 56000000,
        "depreciationAndAmortization": 52000000,
        "ebitda": 473000000,
        "ebitdaratio": 0.643537415,
        "operatingIncome": 421000000,
        "operatingIncomeRatio": 0.5727891156,
        "totalOtherIncomeExpensesNet": -56000000,
        "incomeBeforeTax": 365000000,
        "incomeBeforeTaxRatio": 0.4965986395,
        "incomeTaxExpense": 95000000,
        "netIncome": 270000000,
        "netIncomeRatio": 0.3673469388,
        "eps": 1.07,
        "epsdiluted": 1.07,
        "weightedAverageShsOut": 252610000,
        "weightedAverageShsOutDil": 253463000,
        "link": "https://www.sec.gov/Archives/edgar/data/1015780/000101578019000060/0001015780-19-000060-index.htm",
        "finalLink": "https://www.sec.gov/Archives/edgar/data/1015780/000101578019000060/etfc-2018123110k.htm"
    },
    {
        "date": "2018-09-30",
        "symbol": "ETFC",
        "reportedCurrency": "USD",
        "cik": "0001015780",
        "fillingDate": "2018-11-01",
        "acceptedDate": "2018-11-01 16:34:48",
        "calendarYear": "2018",
        "period": "Q3",
        "revenue": 720000000,
        "costOfRevenue": 0,
        "grossProfit": 720000000,
        "grossProfitRatio": 1,
        "researchAndDevelopmentExpenses": 0,
        "generalAndAdministrativeExpenses": 223000000,
        "sellingAndMarketingExpenses": 45000000,
        "sellingGeneralAndAdministrativeExpenses": 268000000,
        "otherExpenses": -566000000,
        "operatingExpenses": -298000000,
        "costAndExpenses": -298000000,
        "interestIncome": 0,
        "interestExpense": 48000000,
        "depreciationAndAmortization": 63000000,
        "ebitda": 485000000,
        "ebitdaratio": 0.6736111111,
        "operatingIncome": 422000000,
        "operatingIncomeRatio": 0.5861111111,
        "totalOtherIncomeExpensesNet": -48000000,
        "incomeBeforeTax": 374000000,
        "incomeBeforeTaxRatio": 0.5194444444,
        "incomeTaxExpense": 89000000,
        "netIncome": 285000000,
        "netIncomeRatio": 0.3958333333,
        "eps": 1.1,
        "epsdiluted": 1.09,
        "weightedAverageShsOut": 259498000,
        "weightedAverageShsOutDil": 260661000,
        "link": "https://www.sec.gov/Archives/edgar/data/1015780/000101578018000102/0001015780-18-000102-index.htm",
        "finalLink": "https://www.sec.gov/Archives/edgar/data/1015780/000101578018000102/etfc-2018093010q.htm"
    },
    {
        "date": "2018-06-30",
        "symbol": "ETFC",
        "reportedCurrency": "USD",
        "cik": "0001015780",
        "fillingDate": "2018-08-06",
        "acceptedDate": "2018-08-06 16:06:39",
        "calendarYear": "2018",
        "period": "Q2",
        "revenue": 710000000,
        "costOfRevenue": 0,
        "grossProfit": 710000000,
        "grossProfitRatio": 1,
        "researchAndDevelopmentExpenses": 0,
        "generalAndAdministrativeExpenses": 227000000,
        "sellingAndMarketingExpenses": 47000000,
        "sellingGeneralAndAdministrativeExpenses": 274000000,
        "otherExpenses": -603000000,
        "operatingExpenses": -329000000,
        "costAndExpenses": -329000000,
        "interestIncome": 0,
        "interestExpense": 36000000,
        "depreciationAndAmortization": 64000000,
        "ebitda": 445000000,
        "ebitdaratio": 0.6267605634,
        "operatingIncome": 381000000,
        "operatingIncomeRatio": 0.5366197183,
        "totalOtherIncomeExpensesNet": -36000000,
        "incomeBeforeTax": 345000000,
        "incomeBeforeTaxRatio": 0.485915493,
        "incomeTaxExpense": 95000000,
        "netIncome": 250000000,
        "netIncomeRatio": 0.3521126761,
        "eps": 0.95,
        "epsdiluted": 0.94,
        "weightedAverageShsOut": 263809000,
        "weightedAverageShsOutDil": 264929000,
        "link": "https://www.sec.gov/Archives/edgar/data/1015780/000101578018000076/0001015780-18-000076-index.htm",
        "finalLink": "https://www.sec.gov/Archives/edgar/data/1015780/000101578018000076/etfc-2018063010q.htm"
    },
    {
        "date": "2018-03-31",
        "symbol": "ETFC",
        "reportedCurrency": "USD",
        "cik": "0001015780",
        "fillingDate": "2018-05-03",
        "acceptedDate": "2018-05-03 16:09:13",
        "calendarYear": "2018",
        "period": "Q1",
        "revenue": 708000000,
        "costOfRevenue": 0,
        "grossProfit": 708000000,
        "grossProfitRatio": 1,
        "researchAndDevelopmentExpenses": 0,
        "generalAndAdministrativeExpenses": 228000000,
        "sellingAndMarketingExpenses": 60000000,
        "sellingGeneralAndAdministrativeExpenses": 288000000,
        "otherExpenses": -639000000,
        "operatingExpenses": -351000000,
        "costAndExpenses": -351000000,
        "interestIncome": 0,
        "interestExpense": 23000000,
        "depreciationAndAmortization": 65000000,
        "ebitda": 422000000,
        "ebitdaratio": 0.5960451977,
        "operatingIncome": 357000000,
        "operatingIncomeRatio": 0.5042372881,
        "totalOtherIncomeExpensesNet": -23000000,
        "incomeBeforeTax": 334000000,
        "incomeBeforeTaxRatio": 0.4717514124,
        "incomeTaxExpense": 87000000,
        "netIncome": 247000000,
        "netIncomeRatio": 0.3488700565,
        "eps": 0.93,
        "epsdiluted": 0.92,
        "weightedAverageShsOut": 266558000,
        "weightedAverageShsOutDil": 267699000,
        "link": "https://www.sec.gov/Archives/edgar/data/1015780/000101578018000045/0001015780-18-000045-index.htm",
        "finalLink": "https://www.sec.gov/Archives/edgar/data/1015780/000101578018000033/etfc-2017123110k.htm"
    },
    {
        "date": "2017-12-31",
        "symbol": "ETFC",
        "reportedCurrency": "USD",
        "cik": "0001015780",
        "fillingDate": "2018-02-21",
        "acceptedDate": "2018-02-21 17:24:00",
        "calendarYear": "2017",
        "period": "Q4",
        "revenue": 637000000,
        "costOfRevenue": 0,
        "grossProfit": 637000000,
        "grossProfitRatio": 1,
        "researchAndDevelopmentExpenses": 0,
        "generalAndAdministrativeExpenses": 206000000,
        "sellingAndMarketingExpenses": 43000000,
        "sellingGeneralAndAdministrativeExpenses": 249000000,
        "otherExpenses": -567000000,
        "operatingExpenses": -318000000,
        "costAndExpenses": -318000000,
        "interestIncome": 0,
        "interestExpense": 20000000,
        "depreciationAndAmortization": 70000000,
        "ebitda": 389000000,
        "ebitdaratio": 0.6106750392,
        "operatingIncome": 319000000,
        "operatingIncomeRatio": 0.5007849294,
        "totalOtherIncomeExpensesNet": -20000000,
        "incomeBeforeTax": 299000000,
        "incomeBeforeTaxRatio": 0.4693877551,
        "incomeTaxExpense": 170000000,
        "netIncome": 129000000,
        "netIncomeRatio": 0.2025117739,
        "eps": 0.48,
        "epsdiluted": 0.48,
        "weightedAverageShsOut": 269111000,
        "weightedAverageShsOutDil": 270347000,
        "link": "https://www.sec.gov/Archives/edgar/data/1015780/000101578018000033/0001015780-18-000033-index.htm",
        "finalLink": "https://www.sec.gov/Archives/edgar/data/1015780/000101578018000033/etfc-2017123110k.htm"
    },
    {
        "date": "2017-09-30",
        "symbol": "ETFC",
        "reportedCurrency": "USD",
        "cik": "0001015780",
        "fillingDate": "2017-11-02",
        "acceptedDate": "2017-11-02 16:06:47",
        "calendarYear": "2017",
        "period": "Q3",
        "revenue": 599000000,
        "costOfRevenue": 0,
        "grossProfit": 599000000,
        "grossProfitRatio": 1,
        "researchAndDevelopmentExpenses": 0,
        "generalAndAdministrativeExpenses": 205000000,
        "sellingAndMarketingExpenses": 38000000,
        "sellingGeneralAndAdministrativeExpenses": 243000000,
        "otherExpenses": -597000000,
        "operatingExpenses": -354000000,
        "costAndExpenses": -354000000,
        "interestIncome": 0,
        "interestExpense": 22000000,
        "depreciationAndAmortization": 68000000,
        "ebitda": 313000000,
        "ebitdaratio": 0.5225375626,
        "operatingIncome": 245000000,
        "operatingIncomeRatio": 0.409015025,
        "totalOtherIncomeExpensesNet": -22000000,
        "incomeBeforeTax": 223000000,
        "incomeBeforeTaxRatio": 0.3722871452,
        "incomeTaxExpense": 76000000,
        "netIncome": 147000000,
        "netIncomeRatio": 0.245409015,
        "eps": 0.54,
        "epsdiluted": 0.54,
        "weightedAverageShsOut": 273441000,
        "weightedAverageShsOutDil": 274594000,
        "link": "https://www.sec.gov/Archives/edgar/data/1015780/000101578017000104/0001015780-17-000104-index.htm",
        "finalLink": "https://www.sec.gov/Archives/edgar/data/1015780/000101578017000104/etfc-201793010q.htm"
    },
    {
        "date": "2017-06-30",
        "symbol": "ETFC",
        "reportedCurrency": "USD",
        "cik": "0001015780",
        "fillingDate": "2017-08-03",
        "acceptedDate": "2017-08-03 16:03:25",
        "calendarYear": "2017",
        "period": "Q2",
        "revenue": 577000000,
        "costOfRevenue": 0,
        "grossProfit": 577000000,
        "grossProfitRatio": 1,
        "researchAndDevelopmentExpenses": 0,
        "generalAndAdministrativeExpenses": 210000000,
        "sellingAndMarketingExpenses": 42000000,
        "sellingGeneralAndAdministrativeExpenses": 252000000,
        "otherExpenses": -490000000,
        "operatingExpenses": -238000000,
        "costAndExpenses": -238000000,
        "interestIncome": 0,
        "interestExpense": 22000000,
        "depreciationAndAmortization": 63000000,
        "ebitda": 402000000,
        "ebitdaratio": 0.6967071057,
        "operatingIncome": 339000000,
        "operatingIncomeRatio": 0.5875216638,
        "totalOtherIncomeExpensesNet": -22000000,
        "incomeBeforeTax": 317000000,
        "incomeBeforeTaxRatio": 0.5493934142,
        "incomeTaxExpense": 124000000,
        "netIncome": 193000000,
        "netIncomeRatio": 0.3344887348,
        "eps": 0.7,
        "epsdiluted": 0.7,
        "weightedAverageShsOut": 275410000,
        "weightedAverageShsOutDil": 276272000,
        "link": "https://www.sec.gov/Archives/edgar/data/1015780/000101578017000075/0001015780-17-000075-index.htm",
        "finalLink": "https://www.sec.gov/Archives/edgar/data/1015780/000101578017000075/etfc-201763010q.htm"
    },
    {
        "date": "2017-03-31",
        "symbol": "ETFC",
        "reportedCurrency": "USD",
        "cik": "0001015780",
        "fillingDate": "2017-05-04",
        "acceptedDate": "2017-05-04 16:38:51",
        "calendarYear": "2017",
        "period": "Q1",
        "revenue": 553000000,
        "costOfRevenue": 0,
        "grossProfit": 553000000,
        "grossProfitRatio": 1,
        "researchAndDevelopmentExpenses": 0,
        "generalAndAdministrativeExpenses": 201000000,
        "sellingAndMarketingExpenses": 43000000,
        "sellingGeneralAndAdministrativeExpenses": 244000000,
        "otherExpenses": -550000000,
        "operatingExpenses": -306000000,
        "costAndExpenses": -306000000,
        "interestIncome": 0,
        "interestExpense": 22000000,
        "depreciationAndAmortization": 61000000,
        "ebitda": 308000000,
        "ebitdaratio": 0.5569620253,
        "operatingIncome": 247000000,
        "operatingIncomeRatio": 0.4466546112,
        "totalOtherIncomeExpensesNet": -22000000,
        "incomeBeforeTax": 225000000,
        "incomeBeforeTaxRatio": 0.4068716094,
        "incomeTaxExpense": 80000000,
        "netIncome": 145000000,
        "netIncomeRatio": 0.2622061483,
        "eps": 0.53,
        "epsdiluted": 0.52,
        "weightedAverageShsOut": 274876000,
        "weightedAverageShsOutDil": 276277000,
        "link": "https://www.sec.gov/Archives/edgar/data/1015780/000101578017000040/0001015780-17-000040-index.htm",
        "finalLink": "https://www.sec.gov/Archives/edgar/data/1015780/000101578017000030/etfc-20161231x10k.htm"
    },
    {
        "date": "2016-12-31",
        "symbol": "ETFC",
        "reportedCurrency": "USD",
        "cik": "0001015780",
        "fillingDate": "2017-02-22",
        "acceptedDate": "2017-02-22 17:12:36",
        "calendarYear": "2016",
        "period": "Q4",
        "revenue": 509000000,
        "costOfRevenue": 0,
        "grossProfit": 509000000,
        "grossProfitRatio": 1,
        "researchAndDevelopmentExpenses": 0,
        "generalAndAdministrativeExpenses": 186000000,
        "sellingAndMarketingExpenses": 31000000,
        "sellingGeneralAndAdministrativeExpenses": 217000000,
        "otherExpenses": -499000000,
        "operatingExpenses": -282000000,
        "costAndExpenses": -282000000,
        "interestIncome": 0,
        "interestExpense": 22000000,
        "depreciationAndAmortization": 65000000,
        "ebitda": 292000000,
        "ebitdaratio": 0.5736738703,
        "operatingIncome": 227000000,
        "operatingIncomeRatio": 0.4459724951,
        "totalOtherIncomeExpensesNet": -22000000,
        "incomeBeforeTax": 205000000,
        "incomeBeforeTaxRatio": 0.4027504912,
        "incomeTaxExpense": 78000000,
        "netIncome": 127000000,
        "netIncomeRatio": 0.2495088409,
        "eps": 0.46,
        "epsdiluted": 0.46,
        "weightedAverageShsOut": 274585000,
        "weightedAverageShsOutDil": 275840000,
        "link": "https://www.sec.gov/Archives/edgar/data/1015780/000101578017000030/0001015780-17-000030-index.htm",
        "finalLink": "https://www.sec.gov/Archives/edgar/data/1015780/000101578017000030/etfc-20161231x10k.htm"
    },
    {
        "date": "2016-09-30",
        "symbol": "ETFC",
        "reportedCurrency": "USD",
        "cik": "0001015780",
        "fillingDate": "2016-11-03",
        "acceptedDate": "2016-11-03 16:54:46",
        "calendarYear": "2016",
        "period": "Q3",
        "revenue": 486000000,
        "costOfRevenue": 0,
        "grossProfit": 486000000,
        "grossProfitRatio": 1,
        "researchAndDevelopmentExpenses": 0,
        "generalAndAdministrativeExpenses": 177000000,
        "sellingAndMarketingExpenses": 27000000,
        "sellingGeneralAndAdministrativeExpenses": 204000000,
        "otherExpenses": -443000000,
        "operatingExpenses": -239000000,
        "costAndExpenses": -239000000,
        "interestIncome": 0,
        "interestExpense": 22000000,
        "depreciationAndAmortization": 62000000,
        "ebitda": 309000000,
        "ebitdaratio": 0.6358024691,
        "operatingIncome": 247000000,
        "operatingIncomeRatio": 0.5082304527,
        "totalOtherIncomeExpensesNet": -22000000,
        "incomeBeforeTax": 225000000,
        "incomeBeforeTaxRatio": 0.462962963,
        "incomeTaxExpense": 86000000,
        "netIncome": 139000000,
        "netIncomeRatio": 0.2860082305,
        "eps": 0.51,
        "epsdiluted": 0.5,
        "weightedAverageShsOut": 274362000,
        "weightedAverageShsOutDil": 275472000,
        "link": "https://www.sec.gov/Archives/edgar/data/1015780/000101578016000179/0001015780-16-000179-index.htm",
        "finalLink": "https://www.sec.gov/Archives/edgar/data/1015780/000101578016000179/etfc-2016930x10q.htm"
    },
    {
        "date": "2016-06-30",
        "symbol": "ETFC",
        "reportedCurrency": "USD",
        "cik": "0001015780",
        "fillingDate": "2016-08-04",
        "acceptedDate": "2016-08-04 16:10:50",
        "calendarYear": "2016",
        "period": "Q2",
        "revenue": 474000000,
        "costOfRevenue": 0,
        "grossProfit": 474000000,
        "grossProfitRatio": 1,
        "researchAndDevelopmentExpenses": 0,
        "generalAndAdministrativeExpenses": 176000000,
        "sellingAndMarketingExpenses": 30000000,
        "sellingGeneralAndAdministrativeExpenses": 206000000,
        "otherExpenses": -446000000,
        "operatingExpenses": -240000000,
        "costAndExpenses": -240000000,
        "interestIncome": 0,
        "interestExpense": 20000000,
        "depreciationAndAmortization": 59000000,
        "ebitda": 293000000,
        "ebitdaratio": 0.6181434599,
        "operatingIncome": 234000000,
        "operatingIncomeRatio": 0.4936708861,
        "totalOtherIncomeExpensesNet": -20000000,
        "incomeBeforeTax": 214000000,
        "incomeBeforeTaxRatio": 0.4514767932,
        "incomeTaxExpense": 81000000,
        "netIncome": 133000000,
        "netIncomeRatio": 0.2805907173,
        "eps": 0.48,
        "epsdiluted": 0.48,
        "weightedAverageShsOut": 277013000,
        "weightedAverageShsOutDil": 277978000,
        "link": "https://www.sec.gov/Archives/edgar/data/1015780/000101578016000165/0001015780-16-000165-index.htm",
        "finalLink": "https://www.sec.gov/Archives/edgar/data/1015780/000101578016000165/etfc-2016630x10q.htm"
    },
    {
        "date": "2016-03-31",
        "symbol": "ETFC",
        "reportedCurrency": "USD",
        "cik": "0001015780",
        "fillingDate": "2016-05-04",
        "acceptedDate": "2016-05-04 16:14:11",
        "calendarYear": "2016",
        "period": "Q1",
        "revenue": 472000000,
        "costOfRevenue": 0,
        "grossProfit": 472000000,
        "grossProfitRatio": 1,
        "researchAndDevelopmentExpenses": 0,
        "generalAndAdministrativeExpenses": 179000000,
        "sellingAndMarketingExpenses": 43000000,
        "sellingGeneralAndAdministrativeExpenses": 222000000,
        "otherExpenses": -479000000,
        "operatingExpenses": -257000000,
        "costAndExpenses": -257000000,
        "interestIncome": 0,
        "interestExpense": 21000000,
        "depreciationAndAmortization": 53000000,
        "ebitda": 268000000,
        "ebitdaratio": 0.5677966102,
        "operatingIncome": 215000000,
        "operatingIncomeRatio": 0.4555084746,
        "totalOtherIncomeExpensesNet": -21000000,
        "incomeBeforeTax": 194000000,
        "incomeBeforeTaxRatio": 0.4110169492,
        "incomeTaxExpense": 41000000,
        "netIncome": 153000000,
        "netIncomeRatio": 0.3241525424,
        "eps": 0.54,
        "epsdiluted": 0.53,
        "weightedAverageShsOut": 285274000,
        "weightedAverageShsOutDil": 286680000,
        "link": "https://www.sec.gov/Archives/edgar/data/1015780/000101578016000131/0001015780-16-000131-index.htm",
        "finalLink": "https://www.sec.gov/Archives/edgar/data/1015780/000101578016000121/etfc-20151231x10k.htm"
    },
    {
        "date": "2015-12-31",
        "symbol": "ETFC",
        "reportedCurrency": "USD",
        "cik": "0001015780",
        "fillingDate": "2016-02-24",
        "acceptedDate": "2016-02-24 16:54:12",
        "calendarYear": "2015",
        "period": "Q4",
        "revenue": 454000000,
        "costOfRevenue": 0,
        "grossProfit": 454000000,
        "grossProfitRatio": 1,
        "researchAndDevelopmentExpenses": 0,
        "generalAndAdministrativeExpenses": 168000000,
        "sellingAndMarketingExpenses": 35000000,
        "sellingGeneralAndAdministrativeExpenses": 203000000,
        "otherExpenses": -493000000,
        "operatingExpenses": -290000000,
        "costAndExpenses": -290000000,
        "interestIncome": 0,
        "interestExpense": 7000000,
        "depreciationAndAmortization": 54000000,
        "ebitda": 218000000,
        "ebitdaratio": 0.4801762115,
        "operatingIncome": 164000000,
        "operatingIncomeRatio": 0.3612334802,
        "totalOtherIncomeExpensesNet": -7000000,
        "incomeBeforeTax": 157000000,
        "incomeBeforeTaxRatio": 0.345814978,
        "incomeTaxExpense": 68000000,
        "netIncome": 89000000,
        "netIncomeRatio": 0.1960352423,
        "eps": 0.3,
        "epsdiluted": 0.3,
        "weightedAverageShsOut": 292713000,
        "weightedAverageShsOutDil": 294947000,
        "link": "https://www.sec.gov/Archives/edgar/data/1015780/000101578016000121/0001015780-16-000121-index.htm",
        "finalLink": "https://www.sec.gov/Archives/edgar/data/1015780/000101578016000121/etfc-20151231x10k.htm"
    },
    {
        "date": "2015-09-30",
        "symbol": "ETFC",
        "reportedCurrency": "USD",
        "cik": "0001015780",
        "fillingDate": "2015-11-04",
        "acceptedDate": "2015-11-04 16:11:17",
        "calendarYear": "2015",
        "period": "Q3",
        "revenue": 73000000,
        "costOfRevenue": 0,
        "grossProfit": 73000000,
        "grossProfitRatio": 1,
        "researchAndDevelopmentExpenses": 0,
        "generalAndAdministrativeExpenses": 177000000,
        "sellingAndMarketingExpenses": 23000000,
        "sellingGeneralAndAdministrativeExpenses": 200000000,
        "otherExpenses": -485000000,
        "operatingExpenses": -285000000,
        "costAndExpenses": -285000000,
        "interestIncome": 0,
        "interestExpense": 34000000,
        "depreciationAndAmortization": 85000000,
        "ebitda": -127000000,
        "ebitdaratio": -1.7397260274,
        "operatingIncome": -212000000,
        "operatingIncomeRatio": -2.904109589,
        "totalOtherIncomeExpensesNet": -34000000,
        "incomeBeforeTax": -246000000,
        "incomeBeforeTaxRatio": -3.3698630137,
        "incomeTaxExpense": -93000000,
        "netIncome": -153000000,
        "netIncomeRatio": -2.095890411,
        "eps": -0.53,
        "epsdiluted": -0.53,
        "weightedAverageShsOut": 290480000,
        "weightedAverageShsOutDil": 290480000,
        "link": "https://www.sec.gov/Archives/edgar/data/1015780/000101578015000084/0001015780-15-000084-index.htm",
        "finalLink": "https://www.sec.gov/Archives/edgar/data/1015780/000101578015000084/etfc-20150930x10q.htm"
    },
    {
        "date": "2015-06-30",
        "symbol": "ETFC",
        "reportedCurrency": "USD",
        "cik": "0001015780",
        "fillingDate": "2015-08-05",
        "acceptedDate": "2015-08-05 12:34:09",
        "calendarYear": "2015",
        "period": "Q2",
        "revenue": 445000000,
        "costOfRevenue": 0,
        "grossProfit": 445000000,
        "grossProfitRatio": 1,
        "researchAndDevelopmentExpenses": 0,
        "generalAndAdministrativeExpenses": 173000000,
        "sellingAndMarketingExpenses": 32000000,
        "sellingGeneralAndAdministrativeExpenses": 205000000,
        "otherExpenses": -490000000,
        "operatingExpenses": -285000000,
        "costAndExpenses": -285000000,
        "interestIncome": 0,
        "interestExpense": 43000000,
        "depreciationAndAmortization": 97000000,
        "ebitda": 257000000,
        "ebitdaratio": 0.5775280899,
        "operatingIncome": 160000000,
        "operatingIncomeRatio": 0.3595505618,
        "totalOtherIncomeExpensesNet": -43000000,
        "incomeBeforeTax": 117000000,
        "incomeBeforeTaxRatio": 0.2629213483,
        "incomeTaxExpense": -175000000,
        "netIncome": 292000000,
        "netIncomeRatio": 0.6561797753,
        "eps": 1.01,
        "epsdiluted": 0.99,
        "weightedAverageShsOut": 290086000,
        "weightedAverageShsOutDil": 294936000,
        "link": "https://www.sec.gov/Archives/edgar/data/1015780/000101578015000075/0001015780-15-000075-index.htm",
        "finalLink": "https://www.sec.gov/Archives/edgar/data/1015780/000101578015000075/etfc-20150630x10q.htm"
    },
    {
        "date": "2015-03-31",
        "symbol": "ETFC",
        "reportedCurrency": "USD",
        "cik": "0001015780",
        "fillingDate": "2015-05-06",
        "acceptedDate": "2015-05-06 16:22:01",
        "calendarYear": "2015",
        "period": "Q1",
        "revenue": 456000000,
        "costOfRevenue": 0,
        "grossProfit": 456000000,
        "grossProfitRatio": 1,
        "researchAndDevelopmentExpenses": 0,
        "generalAndAdministrativeExpenses": 174000000,
        "sellingAndMarketingExpenses": 34000000,
        "sellingGeneralAndAdministrativeExpenses": 208000000,
        "otherExpenses": -556000000,
        "operatingExpenses": -348000000,
        "costAndExpenses": -348000000,
        "interestIncome": 0,
        "interestExpense": 45000000,
        "depreciationAndAmortization": 89000000,
        "ebitda": 197000000,
        "ebitdaratio": 0.4320175439,
        "operatingIncome": 108000000,
        "operatingIncomeRatio": 0.2368421053,
        "totalOtherIncomeExpensesNet": -45000000,
        "incomeBeforeTax": 63000000,
        "incomeBeforeTaxRatio": 0.1381578947,
        "incomeTaxExpense": 23000000,
        "netIncome": 40000000,
        "netIncomeRatio": 0.0877192982,
        "eps": 0.14,
        "epsdiluted": 0.14,
        "weightedAverageShsOut": 289741000,
        "weightedAverageShsOutDil": 294722000,
        "link": "https://www.sec.gov/Archives/edgar/data/1015780/000101578015000038/0001015780-15-000038-index.htm",
        "finalLink": "https://www.sec.gov/Archives/edgar/data/1015780/000101578015000026/etfc-20141231x10k.htm"
    },
    {
        "date": "2014-12-31",
        "symbol": "ETFC",
        "reportedCurrency": "USD",
        "cik": "0001015780",
        "fillingDate": "2015-02-24",
        "acceptedDate": "2015-02-24 17:30:14",
        "calendarYear": "2014",
        "period": "Q4",
        "revenue": 461000000,
        "costOfRevenue": 0,
        "grossProfit": 461000000,
        "grossProfitRatio": 1,
        "researchAndDevelopmentExpenses": 0,
        "generalAndAdministrativeExpenses": 165000000,
        "sellingAndMarketingExpenses": 32000000,
        "sellingGeneralAndAdministrativeExpenses": 197000000,
        "otherExpenses": -540000000,
        "operatingExpenses": -343000000,
        "costAndExpenses": -343000000,
        "interestIncome": 0,
        "interestExpense": 47000000,
        "depreciationAndAmortization": 86000000,
        "ebitda": 204000000,
        "ebitdaratio": 0.442516269,
        "operatingIncome": 118000000,
        "operatingIncomeRatio": 0.2559652928,
        "totalOtherIncomeExpensesNet": -47000000,
        "incomeBeforeTax": 71000000,
        "incomeBeforeTaxRatio": 0.1540130152,
        "incomeTaxExpense": 30000000,
        "netIncome": 41000000,
        "netIncomeRatio": 0.0889370933,
        "eps": 0.14,
        "epsdiluted": 0.14,
        "weightedAverageShsOut": 289209000,
        "weightedAverageShsOutDil": 294364000,
        "link": "https://www.sec.gov/Archives/edgar/data/1015780/000101578015000026/0001015780-15-000026-index.htm",
        "finalLink": "https://www.sec.gov/Archives/edgar/data/1015780/000101578015000026/etfc-20141231x10k.htm"
    },
    {
        "date": "2014-09-30",
        "symbol": "ETFC",
        "reportedCurrency": "USD",
        "cik": "0001015780",
        "fillingDate": "2014-11-04",
        "acceptedDate": "2014-11-04 16:12:34",
        "calendarYear": "2014",
        "period": "Q3",
        "revenue": 440000000,
        "costOfRevenue": 0,
        "grossProfit": 440000000,
        "grossProfitRatio": 1,
        "researchAndDevelopmentExpenses": 0,
        "generalAndAdministrativeExpenses": 164000000,
        "sellingAndMarketingExpenses": 21000000,
        "sellingGeneralAndAdministrativeExpenses": 185000000,
        "otherExpenses": -450000000,
        "operatingExpenses": -265000000,
        "costAndExpenses": -265000000,
        "interestIncome": 0,
        "interestExpense": 50000000,
        "depreciationAndAmortization": 86000000,
        "ebitda": 261000000,
        "ebitdaratio": 0.5931818182,
        "operatingIncome": 175000000,
        "operatingIncomeRatio": 0.3977272727,
        "totalOtherIncomeExpensesNet": -50000000,
        "incomeBeforeTax": 125000000,
        "incomeBeforeTaxRatio": 0.2840909091,
        "incomeTaxExpense": 39000000,
        "netIncome": 86000000,
        "netIncomeRatio": 0.1954545455,
        "eps": 0.3,
        "epsdiluted": 0.29,
        "weightedAverageShsOut": 288843000,
        "weightedAverageShsOutDil": 294119000,
        "link": "https://www.sec.gov/Archives/edgar/data/1015780/000101578014000069/0001015780-14-000069-index.htm",
        "finalLink": "https://www.sec.gov/Archives/edgar/data/1015780/000101578014000069/etfc-20140930x10q.htm"
    },
    {
        "date": "2014-06-30",
        "symbol": "ETFC",
        "reportedCurrency": "USD",
        "cik": "0001015780",
        "fillingDate": "2014-08-05",
        "acceptedDate": "2014-08-05 16:21:15",
        "calendarYear": "2014",
        "period": "Q2",
        "revenue": 438000000,
        "costOfRevenue": 0,
        "grossProfit": 438000000,
        "grossProfitRatio": 1,
        "researchAndDevelopmentExpenses": 0,
        "generalAndAdministrativeExpenses": 159000000,
        "sellingAndMarketingExpenses": 33000000,
        "sellingGeneralAndAdministrativeExpenses": 192000000,
        "otherExpenses": -466000000,
        "operatingExpenses": -274000000,
        "costAndExpenses": -274000000,
        "interestIncome": 0,
        "interestExpense": 52000000,
        "depreciationAndAmortization": 80000000,
        "ebitda": 244000000,
        "ebitdaratio": 0.5570776256,
        "operatingIncome": 164000000,
        "operatingIncomeRatio": 0.3744292237,
        "totalOtherIncomeExpensesNet": -52000000,
        "incomeBeforeTax": 112000000,
        "incomeBeforeTaxRatio": 0.2557077626,
        "incomeTaxExpense": 43000000,
        "netIncome": 69000000,
        "netIncomeRatio": 0.1575342466,
        "eps": 0.24,
        "epsdiluted": 0.23,
        "weightedAverageShsOut": 288705000,
        "weightedAverageShsOutDil": 293826000,
        "link": "https://www.sec.gov/Archives/edgar/data/1015780/000101578014000061/0001015780-14-000061-index.htm",
        "finalLink": "https://www.sec.gov/Archives/edgar/data/1015780/000101578014000061/etfc-20140630x10q.htm"
    },
    {
        "date": "2014-03-31",
        "symbol": "ETFC",
        "reportedCurrency": "USD",
        "cik": "0001015780",
        "fillingDate": "2014-05-06",
        "acceptedDate": "2014-05-06 16:24:34",
        "calendarYear": "2014",
        "period": "Q1",
        "revenue": 475000000,
        "costOfRevenue": 0,
        "grossProfit": 475000000,
        "grossProfitRatio": 1,
        "researchAndDevelopmentExpenses": 0,
        "generalAndAdministrativeExpenses": 168000000,
        "sellingAndMarketingExpenses": 34000000,
        "sellingGeneralAndAdministrativeExpenses": 202000000,
        "otherExpenses": -477000000,
        "operatingExpenses": -275000000,
        "costAndExpenses": -275000000,
        "interestIncome": 0,
        "interestExpense": 56000000,
        "depreciationAndAmortization": 79000000,
        "ebitda": 279000000,
        "ebitdaratio": 0.5873684211,
        "operatingIncome": 200000000,
        "operatingIncomeRatio": 0.4210526316,
        "totalOtherIncomeExpensesNet": -56000000,
        "incomeBeforeTax": 144000000,
        "incomeBeforeTaxRatio": 0.3031578947,
        "incomeTaxExpense": 47000000,
        "netIncome": 97000000,
        "netIncomeRatio": 0.2042105263,
        "eps": 0.34,
        "epsdiluted": 0.33,
        "weightedAverageShsOut": 288051000,
        "weightedAverageShsOutDil": 293819000,
        "link": "https://www.sec.gov/Archives/edgar/data/1015780/000101578014000031/0001015780-14-000031-index.htm",
        "finalLink": "https://www.sec.gov/Archives/edgar/data/1015780/000119312514067515/d680999d10k.htm"
    },
    {
        "date": "2013-12-31",
        "symbol": "ETFC",
        "reportedCurrency": "USD",
        "cik": "0001015780",
        "fillingDate": "2014-02-25",
        "acceptedDate": "2014-02-25 17:13:07",
        "calendarYear": "2013",
        "period": "Q4",
        "revenue": 447099000,
        "costOfRevenue": 0,
        "grossProfit": 447099000,
        "grossProfitRatio": 1,
        "researchAndDevelopmentExpenses": 0,
        "generalAndAdministrativeExpenses": 164063000,
        "sellingAndMarketingExpenses": 27615000,
        "sellingGeneralAndAdministrativeExpenses": 191678000,
        "otherExpenses": -473372000,
        "operatingExpenses": -281694000,
        "costAndExpenses": -281694000,
        "interestIncome": 0,
        "interestExpense": 59982000,
        "depreciationAndAmortization": 83689000,
        "ebitda": 249094000,
        "ebitdaratio": 0.5571338786,
        "operatingIncome": 165405000,
        "operatingIncomeRatio": 0.3699516215,
        "totalOtherIncomeExpensesNet": -59982000,
        "incomeBeforeTax": 105423000,
        "incomeBeforeTaxRatio": 0.2357934149,
        "incomeTaxExpense": 47560000,
        "netIncome": 57863000,
        "netIncomeRatio": 0.1294187641,
        "eps": 0.2,
        "epsdiluted": 0.2,
        "weightedAverageShsOut": 287316000,
        "weightedAverageShsOutDil": 293149000,
        "link": "https://www.sec.gov/Archives/edgar/data/1015780/000119312514067515/0001193125-14-067515-index.htm",
        "finalLink": "https://www.sec.gov/Archives/edgar/data/1015780/000119312514067515/d680999d10k.htm"
    },
    {
        "date": "2013-09-30",
        "symbol": "ETFC",
        "reportedCurrency": "USD",
        "cik": "0001015780",
        "fillingDate": "2013-11-07",
        "acceptedDate": "2013-11-07 16:06:30",
        "calendarYear": "2013",
        "period": "Q3",
        "revenue": 416802000,
        "costOfRevenue": 0,
        "grossProfit": 416802000,
        "grossProfitRatio": 1,
        "researchAndDevelopmentExpenses": 0,
        "generalAndAdministrativeExpenses": 159332000,
        "sellingAndMarketingExpenses": 20925000,
        "sellingGeneralAndAdministrativeExpenses": 180257000,
        "otherExpenses": -457061000,
        "operatingExpenses": -276804000,
        "costAndExpenses": -276804000,
        "interestIncome": 0,
        "interestExpense": 60068000,
        "depreciationAndAmortization": 96717000,
        "ebitda": 236715000,
        "ebitdaratio": 0.5679315358,
        "operatingIncome": 139998000,
        "operatingIncomeRatio": 0.3358861042,
        "totalOtherIncomeExpensesNet": -60068000,
        "incomeBeforeTax": 79930000,
        "incomeBeforeTaxRatio": 0.1917697132,
        "incomeTaxExpense": 32502000,
        "netIncome": 47428000,
        "netIncomeRatio": 0.1137902409,
        "eps": 0.17,
        "epsdiluted": 0.16,
        "weightedAverageShsOut": 287111000,
        "weightedAverageShsOutDil": 292630000,
        "link": "https://www.sec.gov/Archives/edgar/data/1015780/000119312513432790/0001193125-13-432790-index.htm",
        "finalLink": "https://www.sec.gov/Archives/edgar/data/1015780/000119312513432790/d623906d10q.htm"
    },
    {
        "date": "2013-06-30",
        "symbol": "ETFC",
        "reportedCurrency": "USD",
        "cik": "0001015780",
        "fillingDate": "2013-08-06",
        "acceptedDate": "2013-08-06 17:06:25",
        "calendarYear": "2013",
        "period": "Q2",
        "revenue": 439931000,
        "costOfRevenue": 0,
        "grossProfit": 439931000,
        "grossProfitRatio": 1,
        "researchAndDevelopmentExpenses": 0,
        "generalAndAdministrativeExpenses": 160755000,
        "sellingAndMarketingExpenses": 23284000,
        "sellingGeneralAndAdministrativeExpenses": 184039000,
        "otherExpenses": -612462000,
        "operatingExpenses": -428423000,
        "costAndExpenses": -428423000,
        "interestIncome": 0,
        "interestExpense": 59289000,
        "depreciationAndAmortization": 101095000,
        "ebitda": 112603000,
        "ebitdaratio": 0.2559560477,
        "operatingIncome": 11508000,
        "operatingIncomeRatio": 0.0261586476,
        "totalOtherIncomeExpensesNet": -59289000,
        "incomeBeforeTax": -47781000,
        "incomeBeforeTaxRatio": -0.1086102139,
        "incomeTaxExpense": 6622000,
        "netIncome": -54403000,
        "netIncomeRatio": -0.1236625744,
        "eps": -0.19,
        "epsdiluted": -0.19,
        "weightedAverageShsOut": 286903000,
        "weightedAverageShsOutDil": 286903000,
        "link": "https://www.sec.gov/Archives/edgar/data/1015780/000119312513321845/0001193125-13-321845-index.htm",
        "finalLink": "https://www.sec.gov/Archives/edgar/data/1015780/000119312513321845/d578482d10q.htm"
    },
    {
        "date": "2013-03-31",
        "symbol": "ETFC",
        "reportedCurrency": "USD",
        "cik": "0001015780",
        "fillingDate": "2013-05-07",
        "acceptedDate": "2013-05-07 16:03:33",
        "calendarYear": "2013",
        "period": "Q1",
        "revenue": 419865000,
        "costOfRevenue": 0,
        "grossProfit": 419865000,
        "grossProfitRatio": 1,
        "researchAndDevelopmentExpenses": 0,
        "generalAndAdministrativeExpenses": 175100000,
        "sellingAndMarketingExpenses": 36584000,
        "sellingGeneralAndAdministrativeExpenses": 211684000,
        "otherExpenses": -515451000,
        "operatingExpenses": -303767000,
        "costAndExpenses": -303767000,
        "interestIncome": 0,
        "interestExpense": 58731000,
        "depreciationAndAmortization": 113472000,
        "ebitda": 229570000,
        "ebitdaratio": 0.5467709859,
        "operatingIncome": 116098000,
        "operatingIncomeRatio": 0.2765126886,
        "totalOtherIncomeExpensesNet": -58731000,
        "incomeBeforeTax": 57367000,
        "incomeBeforeTaxRatio": 0.1366320127,
        "incomeTaxExpense": 22243000,
        "netIncome": 35124000,
        "netIncomeRatio": 0.0836554607,
        "eps": 0.12,
        "epsdiluted": 0.12,
        "weightedAverageShsOut": 286626000,
        "weightedAverageShsOutDil": 291696000,
        "link": "https://www.sec.gov/Archives/edgar/data/1015780/000119312513204379/0001193125-13-204379-index.htm",
        "finalLink": "https://www.sec.gov/Archives/edgar/data/1015780/000119312513077166/d489725d10k.htm"
    },
    {
        "date": "2012-12-31",
        "symbol": "ETFC",
        "reportedCurrency": "USD",
        "cik": "0001015780",
        "fillingDate": "2013-02-26",
        "acceptedDate": "2013-02-26 17:09:59",
        "calendarYear": "2012",
        "period": "Q4",
        "revenue": 603512000,
        "costOfRevenue": 0,
        "grossProfit": 603512000,
        "grossProfitRatio": 1,
        "researchAndDevelopmentExpenses": 0,
        "generalAndAdministrativeExpenses": 158852000,
        "sellingAndMarketingExpenses": 29295000,
        "sellingGeneralAndAdministrativeExpenses": 188147000,
        "otherExpenses": -1088638000,
        "operatingExpenses": -900491000,
        "costAndExpenses": -900491000,
        "interestIncome": 0,
        "interestExpense": -75784000,
        "depreciationAndAmortization": 108953000,
        "ebitda": -188026000,
        "ebitdaratio": -0.3115530429,
        "operatingIncome": -296979000,
        "operatingIncomeRatio": -0.4920846644,
        "totalOtherIncomeExpensesNet": 75784000,
        "incomeBeforeTax": -221195000,
        "incomeBeforeTaxRatio": -0.3665130105,
        "incomeTaxExpense": -35136000,
        "netIncome": -186059000,
        "netIncomeRatio": -0.308293787,
        "eps": -0.65,
        "epsdiluted": -0.65,
        "weightedAverageShsOut": 286016000,
        "weightedAverageShsOutDil": 286016000,
        "link": "https://www.sec.gov/Archives/edgar/data/1015780/000119312513077166/0001193125-13-077166-index.htm",
        "finalLink": "https://www.sec.gov/Archives/edgar/data/1015780/000119312513077166/d489725d10k.htm"
    },
    {
        "date": "2012-09-30",
        "symbol": "ETFC",
        "reportedCurrency": "USD",
        "cik": "0001015780",
        "fillingDate": "2012-11-01",
        "acceptedDate": "2012-11-01 16:50:20",
        "calendarYear": "2012",
        "period": "Q3",
        "revenue": 444573000,
        "costOfRevenue": 0,
        "grossProfit": 444573000,
        "grossProfitRatio": 1,
        "researchAndDevelopmentExpenses": 0,
        "generalAndAdministrativeExpenses": 174548000,
        "sellingAndMarketingExpenses": 26001000,
        "sellingGeneralAndAdministrativeExpenses": 200549000,
        "otherExpenses": -562842000,
        "operatingExpenses": -362293000,
        "costAndExpenses": -362293000,
        "interestIncome": 0,
        "interestExpense": 118583000,
        "depreciationAndAmortization": 107788000,
        "ebitda": 190068000,
        "ebitdaratio": 0.4275293371,
        "operatingIncome": 82280000,
        "operatingIncomeRatio": 0.1850764666,
        "totalOtherIncomeExpensesNet": -118583000,
        "incomeBeforeTax": -36303000,
        "incomeBeforeTaxRatio": -0.0816581304,
        "incomeTaxExpense": -7678000,
        "netIncome": -28625000,
        "netIncomeRatio": -0.0643876259,
        "eps": -0.1,
        "epsdiluted": -0.1,
        "weightedAverageShsOut": 285850000,
        "weightedAverageShsOutDil": 285850000,
        "link": "https://www.sec.gov/Archives/edgar/data/1015780/000119312512446767/0001193125-12-446767-index.htm",
        "finalLink": "https://www.sec.gov/Archives/edgar/data/1015780/000119312512446767/d431227d10q.htm"
    },
    {
        "date": "2012-06-30",
        "symbol": "ETFC",
        "reportedCurrency": "USD",
        "cik": "0001015780",
        "fillingDate": "2012-08-03",
        "acceptedDate": "2012-08-03 16:06:18",
        "calendarYear": "2012",
        "period": "Q2",
        "revenue": 457677000,
        "costOfRevenue": 0,
        "grossProfit": 457677000,
        "grossProfitRatio": 1,
        "researchAndDevelopmentExpenses": 0,
        "generalAndAdministrativeExpenses": 163939000,
        "sellingAndMarketingExpenses": 36567000,
        "sellingGeneralAndAdministrativeExpenses": 200506000,
        "otherExpenses": -522228000,
        "operatingExpenses": -321722000,
        "costAndExpenses": -321722000,
        "interestIncome": 0,
        "interestExpense": 75415000,
        "depreciationAndAmortization": 100082000,
        "ebitda": 236037000,
        "ebitdaratio": 0.5157283412,
        "operatingIncome": 135955000,
        "operatingIncomeRatio": 0.2970544729,
        "totalOtherIncomeExpensesNet": -75415000,
        "incomeBeforeTax": 60540000,
        "incomeBeforeTaxRatio": 0.132276693,
        "incomeTaxExpense": 21030000,
        "netIncome": 39510000,
        "netIncomeRatio": 0.086327257,
        "eps": 0.14,
        "epsdiluted": 0.14,
        "weightedAverageShsOut": 285645000,
        "weightedAverageShsOutDil": 290044000,
        "link": "https://www.sec.gov/Archives/edgar/data/1015780/000119312512334814/0001193125-12-334814-index.htm",
        "finalLink": "https://www.sec.gov/Archives/edgar/data/1015780/000119312512334814/d389196d10q.htm"
    },
    {
        "date": "2012-03-31",
        "symbol": "ETFC",
        "reportedCurrency": "USD",
        "cik": "0001015780",
        "fillingDate": "2012-05-04",
        "acceptedDate": "2012-05-04 16:06:54",
        "calendarYear": "2012",
        "period": "Q1",
        "revenue": 447817000,
        "costOfRevenue": 0,
        "grossProfit": 447817000,
        "grossProfitRatio": 1,
        "researchAndDevelopmentExpenses": 0,
        "generalAndAdministrativeExpenses": 174315000,
        "sellingAndMarketingExpenses": 47588000,
        "sellingGeneralAndAdministrativeExpenses": 221903000,
        "otherExpenses": -481192000,
        "operatingExpenses": -259289000,
        "costAndExpenses": -259289000,
        "interestIncome": 0,
        "interestExpense": 122534000,
        "depreciationAndAmortization": 92738000,
        "ebitda": 281266000,
        "ebitdaratio": 0.6280824533,
        "operatingIncome": 188528000,
        "operatingIncomeRatio": 0.4209933969,
        "totalOtherIncomeExpensesNet": -122534000,
        "incomeBeforeTax": 65994000,
        "incomeBeforeTaxRatio": 0.147368233,
        "incomeTaxExpense": 3403000,
        "netIncome": 62591000,
        "netIncomeRatio": 0.1397691468,
        "eps": 0.22,
        "epsdiluted": 0.22,
        "weightedAverageShsOut": 285478000,
        "weightedAverageShsOutDil": 290017000,
        "link": "https://www.sec.gov/Archives/edgar/data/1015780/000119312512211911/0001193125-12-211911-index.htm",
        "finalLink": "https://www.sec.gov/Archives/edgar/data/1015780/000119312512075584/d283628d10k.htm"
    },
    {
        "date": "2011-12-31",
        "symbol": "ETFC",
        "reportedCurrency": "USD",
        "cik": "0001015780",
        "fillingDate": "2012-02-23",
        "acceptedDate": "2012-02-23 17:15:44",
        "calendarYear": "2011",
        "period": "Q4",
        "revenue": 477775000,
        "costOfRevenue": 0,
        "grossProfit": 477775000,
        "grossProfitRatio": 1,
        "researchAndDevelopmentExpenses": 0,
        "generalAndAdministrativeExpenses": 165407000,
        "sellingAndMarketingExpenses": 36530000,
        "sellingGeneralAndAdministrativeExpenses": 201937000,
        "otherExpenses": -601633000,
        "operatingExpenses": -399696000,
        "costAndExpenses": -399696000,
        "interestIncome": 0,
        "interestExpense": 77261000,
        "depreciationAndAmortization": 90083000,
        "ebitda": 168162000,
        "ebitdaratio": 0.3519690231,
        "operatingIncome": 78079000,
        "operatingIncomeRatio": 0.1634221129,
        "totalOtherIncomeExpensesNet": -77261000,
        "incomeBeforeTax": 818000,
        "incomeBeforeTaxRatio": 0.001712103,
        "incomeTaxExpense": 7164000,
        "netIncome": -6346000,
        "netIncomeRatio": -0.0132824028,
        "eps": -0.0224,
        "epsdiluted": -0.0224,
        "weightedAverageShsOut": 283807000,
        "weightedAverageShsOutDil": 283807000,
        "link": "https://www.sec.gov/Archives/edgar/data/1015780/000119312512075584/0001193125-12-075584-index.htm",
        "finalLink": "https://www.sec.gov/Archives/edgar/data/1015780/000119312512075584/d283628d10k.htm"
    },
    {
        "date": "2011-09-30",
        "symbol": "ETFC",
        "reportedCurrency": "USD",
        "cik": "0001015780",
        "fillingDate": "2011-11-04",
        "acceptedDate": "2011-11-04 16:01:40",
        "calendarYear": "2011",
        "period": "Q3",
        "revenue": 510471000,
        "costOfRevenue": 0,
        "grossProfit": 510471000,
        "grossProfitRatio": 1,
        "researchAndDevelopmentExpenses": 0,
        "generalAndAdministrativeExpenses": 167820000,
        "sellingAndMarketingExpenses": 27258000,
        "sellingGeneralAndAdministrativeExpenses": 195078000,
        "otherExpenses": -604486000,
        "operatingExpenses": -409408000,
        "costAndExpenses": -409408000,
        "interestIncome": 0,
        "interestExpense": 78123000,
        "depreciationAndAmortization": 85738000,
        "ebitda": 186801000,
        "ebitdaratio": 0.3659385156,
        "operatingIncome": 101063000,
        "operatingIncomeRatio": 0.1979799048,
        "totalOtherIncomeExpensesNet": -78123000,
        "incomeBeforeTax": 22940000,
        "incomeBeforeTaxRatio": 0.0449388898,
        "incomeTaxExpense": -47756000,
        "netIncome": 70696000,
        "netIncomeRatio": 0.1384917067,
        "eps": 0.25,
        "epsdiluted": 0.24,
        "weightedAverageShsOut": 283807000,
        "weightedAverageShsOutDil": 289706000,
        "link": "https://www.sec.gov/Archives/edgar/data/1015780/000119312511297350/0001193125-11-297350-index.htm",
        "finalLink": "https://www.sec.gov/Archives/edgar/data/1015780/000119312511297350/d251411d10q.htm"
    },
    {
        "date": "2011-06-30",
        "symbol": "ETFC",
        "reportedCurrency": "USD",
        "cik": "0001015780",
        "fillingDate": "2011-08-04",
        "acceptedDate": "2011-08-04 16:06:08",
        "calendarYear": "2011",
        "period": "Q2",
        "revenue": 520503000,
        "costOfRevenue": 0,
        "grossProfit": 520503000,
        "grossProfitRatio": 1,
        "researchAndDevelopmentExpenses": 0,
        "generalAndAdministrativeExpenses": 160968000,
        "sellingAndMarketingExpenses": 37019000,
        "sellingGeneralAndAdministrativeExpenses": 197987000,
        "otherExpenses": -556650000,
        "operatingExpenses": -358663000,
        "costAndExpenses": -358663000,
        "interestIncome": 0,
        "interestExpense": 79232000,
        "depreciationAndAmortization": 82593000,
        "ebitda": 244433000,
        "ebitdaratio": 0.4696092049,
        "operatingIncome": 161840000,
        "operatingIncomeRatio": 0.3109300042,
        "totalOtherIncomeExpensesNet": -79232000,
        "incomeBeforeTax": 82608000,
        "incomeBeforeTaxRatio": 0.158708019,
        "incomeTaxExpense": 35490000,
        "netIncome": 47118000,
        "netIncomeRatio": 0.0905239739,
        "eps": 0.18,
        "epsdiluted": 0.16,
        "weightedAverageShsOut": 269119000,
        "weightedAverageShsOutDil": 289643000,
        "link": "https://www.sec.gov/Archives/edgar/data/1015780/000119312511210315/0001193125-11-210315-index.htm",
        "finalLink": "https://www.sec.gov/Archives/edgar/data/1015780/000119312511210315/d10q.htm"
    },
    {
        "date": "2011-03-31",
        "symbol": "ETFC",
        "reportedCurrency": "USD",
        "cik": "0001015780",
        "fillingDate": "2011-05-04",
        "acceptedDate": "2011-05-04 16:07:32",
        "calendarYear": "2011",
        "period": "Q1",
        "revenue": 542757000,
        "costOfRevenue": 0,
        "grossProfit": 542757000,
        "grossProfitRatio": 1,
        "researchAndDevelopmentExpenses": 0,
        "generalAndAdministrativeExpenses": 159280000,
        "sellingAndMarketingExpenses": 44365000,
        "sellingGeneralAndAdministrativeExpenses": 203645000,
        "otherExpenses": -589674000,
        "operatingExpenses": -386029000,
        "costAndExpenses": -386029000,
        "interestIncome": 0,
        "interestExpense": 77764000,
        "depreciationAndAmortization": 82277000,
        "ebitda": 239005000,
        "ebitdaratio": 0.4403536021,
        "operatingIncome": 156728000,
        "operatingIncomeRatio": 0.2887627428,
        "totalOtherIncomeExpensesNet": -77764000,
        "incomeBeforeTax": 78964000,
        "incomeBeforeTaxRatio": 0.1454868385,
        "incomeTaxExpense": 33731000,
        "netIncome": 45233000,
        "netIncomeRatio": 0.0833393213,
        "eps": 0.2,
        "epsdiluted": 0.16,
        "weightedAverageShsOut": 230301000,
        "weightedAverageShsOutDil": 289677000,
        "link": "https://www.sec.gov/Archives/edgar/data/1015780/000119312511126062/0001193125-11-126062-index.htm",
        "finalLink": "https://www.sec.gov/Archives/edgar/data/1015780/000119312511042158/d10k.htm"
    },
    {
        "date": "2010-12-31",
        "symbol": "ETFC",
        "reportedCurrency": "USD",
        "cik": "0001015780",
        "fillingDate": "2011-02-22",
        "acceptedDate": "2011-02-22 16:15:15",
        "calendarYear": "2010",
        "period": "Q4",
        "revenue": 527508000,
        "costOfRevenue": 0,
        "grossProfit": 527508000,
        "grossProfitRatio": 1,
        "researchAndDevelopmentExpenses": 0,
        "generalAndAdministrativeExpenses": 153833000,
        "sellingAndMarketingExpenses": 38648000,
        "sellingGeneralAndAdministrativeExpenses": 192481000,
        "otherExpenses": -668027000,
        "operatingExpenses": -475546000,
        "costAndExpenses": -475546000,
        "interestIncome": 0,
        "interestExpense": 76977000,
        "depreciationAndAmortization": 86779000,
        "ebitda": 138741000,
        "ebitdaratio": 0.2630121249,
        "operatingIncome": 51962000,
        "operatingIncomeRatio": 0.0985046672,
        "totalOtherIncomeExpensesNet": -76977000,
        "incomeBeforeTax": -25015000,
        "incomeBeforeTaxRatio": -0.0474210818,
        "incomeTaxExpense": -900000,
        "netIncome": -24115000,
        "netIncomeRatio": -0.0457149465,
        "eps": -0.11,
        "epsdiluted": -0.11,
        "weightedAverageShsOut": 220415000,
        "weightedAverageShsOutDil": 220415000,
        "link": "https://www.sec.gov/Archives/edgar/data/1015780/000119312511042158/0001193125-11-042158-index.htm",
        "finalLink": "https://www.sec.gov/Archives/edgar/data/1015780/000119312511042158/d10k.htm"
    },
    {
        "date": "2010-09-30",
        "symbol": "ETFC",
        "reportedCurrency": "USD",
        "cik": "0001015780",
        "fillingDate": "2010-11-03",
        "acceptedDate": "2010-11-03 16:05:26",
        "calendarYear": "2010",
        "period": "Q3",
        "revenue": 496723000,
        "costOfRevenue": 0,
        "grossProfit": 496723000,
        "grossProfitRatio": 1,
        "researchAndDevelopmentExpenses": 0,
        "generalAndAdministrativeExpenses": 146878000,
        "sellingAndMarketingExpenses": 25590000,
        "sellingGeneralAndAdministrativeExpenses": 172468000,
        "otherExpenses": -556516000,
        "operatingExpenses": -384048000,
        "costAndExpenses": -384048000,
        "interestIncome": 0,
        "interestExpense": 77131000,
        "depreciationAndAmortization": 86226000,
        "ebitda": 198901000,
        "ebitdaratio": 0.4004263946,
        "operatingIncome": 112675000,
        "operatingIncomeRatio": 0.2268366877,
        "totalOtherIncomeExpensesNet": -77131000,
        "incomeBeforeTax": 35544000,
        "incomeBeforeTaxRatio": 0.0715569845,
        "incomeTaxExpense": 27140000,
        "netIncome": 8404000,
        "netIncomeRatio": 0.0169188864,
        "eps": 0.0381,
        "epsdiluted": 0.0291,
        "weightedAverageShsOut": 220415000,
        "weightedAverageShsOutDil": 289271000,
        "link": "https://www.sec.gov/Archives/edgar/data/1015780/000119312510246097/0001193125-10-246097-index.htm",
        "finalLink": "https://www.sec.gov/Archives/edgar/data/1015780/000119312510246097/d10q.htm"
    },
    {
        "date": "2010-06-30",
        "symbol": "ETFC",
        "reportedCurrency": "USD",
        "cik": "0001015780",
        "fillingDate": "2010-08-04",
        "acceptedDate": "2010-08-04 16:09:14",
        "calendarYear": "2010",
        "period": "Q2",
        "revenue": 546159000,
        "costOfRevenue": 0,
        "grossProfit": 546159000,
        "grossProfitRatio": 1,
        "researchAndDevelopmentExpenses": 0,
        "generalAndAdministrativeExpenses": 156765000,
        "sellingAndMarketingExpenses": 29777000,
        "sellingGeneralAndAdministrativeExpenses": 186542000,
        "otherExpenses": -600689000,
        "operatingExpenses": -414147000,
        "costAndExpenses": -414147000,
        "interestIncome": 0,
        "interestExpense": 79753000,
        "depreciationAndAmortization": 79880000,
        "ebitda": 211892000,
        "ebitdaratio": 0.3879676065,
        "operatingIncome": 132012000,
        "operatingIncomeRatio": 0.2417098318,
        "totalOtherIncomeExpensesNet": -79753000,
        "incomeBeforeTax": 52259000,
        "incomeBeforeTaxRatio": 0.09568459,
        "incomeTaxExpense": 17183000,
        "netIncome": 35076000,
        "netIncomeRatio": 0.0642230559,
        "eps": 0.17,
        "epsdiluted": 0.12,
        "weightedAverageShsOut": 211642000,
        "weightedAverageShsOutDil": 289150000,
        "link": "https://www.sec.gov/Archives/edgar/data/1015780/000119312510177182/0001193125-10-177182-index.htm",
        "finalLink": "https://www.sec.gov/Archives/edgar/data/1015780/000119312510177182/d10q.htm"
    },
    {
        "date": "2010-03-31",
        "symbol": "ETFC",
        "reportedCurrency": "USD",
        "cik": "0001015780",
        "fillingDate": "2010-05-05",
        "acceptedDate": "2010-05-05 16:04:58",
        "calendarYear": "2010",
        "period": "Q1",
        "revenue": 545155000,
        "costOfRevenue": 0,
        "grossProfit": 545155000,
        "grossProfitRatio": 1,
        "researchAndDevelopmentExpenses": 0,
        "generalAndAdministrativeExpenses": 166131000,
        "sellingAndMarketingExpenses": 38135000,
        "sellingGeneralAndAdministrativeExpenses": 204266000,
        "otherExpenses": -728781000,
        "operatingExpenses": -524515000,
        "costAndExpenses": -524515000,
        "interestIncome": 0,
        "interestExpense": 86569000,
        "depreciationAndAmortization": 86200000,
        "ebitda": 106840000,
        "ebitdaratio": 0.1959809595,
        "operatingIncome": 20640000,
        "operatingIncomeRatio": 0.0378607919,
        "totalOtherIncomeExpensesNet": -86569000,
        "incomeBeforeTax": -65929000,
        "incomeBeforeTaxRatio": -0.1209362475,
        "incomeTaxExpense": -18092000,
        "netIncome": -47837000,
        "netIncomeRatio": -0.0877493557,
        "eps": -0.25,
        "epsdiluted": -0.25,
        "weightedAverageShsOut": 192195100,
        "weightedAverageShsOutDil": 192195100,
        "link": "https://www.sec.gov/Archives/edgar/data/1015780/000119312510108835/0001193125-10-108835-index.htm",
        "finalLink": "https://www.sec.gov/Archives/edgar/data/1015780/000119312510038928/d10k.htm"
    },
    {
        "date": "2009-12-31",
        "symbol": "ETFC",
        "reportedCurrency": "USD",
        "cik": "0001015780",
        "fillingDate": "2010-02-24",
        "acceptedDate": "2010-02-24 16:34:07",
        "calendarYear": "2009",
        "period": "Q4",
        "revenue": 544852000,
        "costOfRevenue": 0,
        "grossProfit": 544852000,
        "grossProfitRatio": 1,
        "researchAndDevelopmentExpenses": 0,
        "generalAndAdministrativeExpenses": 175514000,
        "sellingAndMarketingExpenses": 26384000,
        "sellingGeneralAndAdministrativeExpenses": 201898000,
        "otherExpenses": -775887000,
        "operatingExpenses": -573989000,
        "costAndExpenses": -573989000,
        "interestIncome": 0,
        "interestExpense": 99393000,
        "depreciationAndAmortization": 82418000,
        "ebitda": 53281000,
        "ebitdaratio": 0.0977898585,
        "operatingIncome": -29137000,
        "operatingIncomeRatio": -0.0534769075,
        "totalOtherIncomeExpensesNet": -99393000,
        "incomeBeforeTax": -128530000,
        "incomeBeforeTaxRatio": -0.235898923,
        "incomeTaxExpense": -38376000,
        "netIncome": -90154000,
        "netIncomeRatio": -0.1654651171,
        "eps": -0.71,
        "epsdiluted": -0.71,
        "weightedAverageShsOut": 126849400,
        "weightedAverageShsOutDil": 126849400,
        "link": "https://www.sec.gov/Archives/edgar/data/1015780/000119312510038928/0001193125-10-038928-index.htm",
        "finalLink": "https://www.sec.gov/Archives/edgar/data/1015780/000119312510038928/d10k.htm"
    },
    {
        "date": "2009-09-30",
        "symbol": "ETFC",
        "reportedCurrency": "USD",
        "cik": "0001015780",
        "fillingDate": "2009-11-04",
        "acceptedDate": "2009-11-04 16:06:42",
        "calendarYear": "2009",
        "period": "Q3",
        "revenue": 594556000,
        "costOfRevenue": 0,
        "grossProfit": 594556000,
        "grossProfitRatio": 1,
        "researchAndDevelopmentExpenses": 0,
        "generalAndAdministrativeExpenses": 181724000,
        "sellingAndMarketingExpenses": 19438000,
        "sellingGeneralAndAdministrativeExpenses": 201162000,
        "otherExpenses": -1828407000,
        "operatingExpenses": -1627245000,
        "costAndExpenses": -1627245000,
        "interestIncome": 0,
        "interestExpense": 118660000,
        "depreciationAndAmortization": 85240000,
        "ebitda": -947449000,
        "ebitdaratio": -1.5935403898,
        "operatingIncome": -1032689000,
        "operatingIncomeRatio": -1.7369078775,
        "totalOtherIncomeExpensesNet": -118660000,
        "incomeBeforeTax": -1151349000,
        "incomeBeforeTaxRatio": -1.9364853773,
        "incomeTaxExpense": -319663000,
        "netIncome": -831686000,
        "netIncomeRatio": -1.3988354335,
        "eps": -6.56,
        "epsdiluted": -6.56,
        "weightedAverageShsOut": 126849400,
        "weightedAverageShsOutDil": 126849400,
        "link": "https://www.sec.gov/Archives/edgar/data/1015780/000119312509223745/0001193125-09-223745-index.htm",
        "finalLink": "https://www.sec.gov/Archives/edgar/data/1015780/000119312509223745/d10q.htm"
    },
    {
        "date": "2009-06-30",
        "symbol": "ETFC",
        "reportedCurrency": "USD",
        "cik": "0001015780",
        "fillingDate": "2009-08-06",
        "acceptedDate": "2009-08-06 16:06:57",
        "calendarYear": "2009",
        "period": "Q2",
        "revenue": 650577000,
        "costOfRevenue": 0,
        "grossProfit": 650577000,
        "grossProfitRatio": 1,
        "researchAndDevelopmentExpenses": 0,
        "generalAndAdministrativeExpenses": 155099000,
        "sellingAndMarketingExpenses": 24986000,
        "sellingGeneralAndAdministrativeExpenses": 180085000,
        "otherExpenses": -896230000,
        "operatingExpenses": -716145000,
        "costAndExpenses": -716145000,
        "interestIncome": 0,
        "interestExpense": 145928000,
        "depreciationAndAmortization": 95484000,
        "ebitda": 29916000,
        "ebitdaratio": 0.0459837959,
        "operatingIncome": -65568000,
        "operatingIncomeRatio": -0.1007843806,
        "totalOtherIncomeExpensesNet": -145928000,
        "incomeBeforeTax": -211496000,
        "incomeBeforeTaxRatio": -0.3250898818,
        "incomeTaxExpense": -68259000,
        "netIncome": -143237000,
        "netIncomeRatio": -0.2201691729,
        "eps": -2.16,
        "epsdiluted": -2.16,
        "weightedAverageShsOut": 66206800,
        "weightedAverageShsOutDil": 66206800,
        "link": "https://www.sec.gov/Archives/edgar/data/1015780/000119312509167157/0001193125-09-167157-index.htm",
        "finalLink": "https://www.sec.gov/Archives/edgar/data/1015780/000119312509167157/d10q.htm"
    },
    {
        "date": "2009-03-31",
        "symbol": "ETFC",
        "reportedCurrency": "USD",
        "cik": "0001015780",
        "fillingDate": "2009-05-05",
        "acceptedDate": "2009-05-05 16:12:03",
        "calendarYear": "2009",
        "period": "Q1",
        "revenue": 497343000,
        "costOfRevenue": 0,
        "grossProfit": 497343000,
        "grossProfitRatio": 1,
        "researchAndDevelopmentExpenses": 0,
        "generalAndAdministrativeExpenses": 148404000,
        "sellingAndMarketingExpenses": 43591000,
        "sellingGeneralAndAdministrativeExpenses": 191995000,
        "otherExpenses": -825419000,
        "operatingExpenses": -633424000,
        "costAndExpenses": -633424000,
        "interestIncome": 0,
        "interestExpense": 207975000,
        "depreciationAndAmortization": 82827000,
        "ebitda": -53254000,
        "ebitdaratio": -0.1070770072,
        "operatingIncome": -136081000,
        "operatingIncomeRatio": -0.2736159954,
        "totalOtherIncomeExpensesNet": -207975000,
        "incomeBeforeTax": -344056000,
        "incomeBeforeTaxRatio": -0.6917881623,
        "incomeTaxExpense": -111371000,
        "netIncome": -232685000,
        "netIncomeRatio": -0.4678561878,
        "eps": -4.1,
        "epsdiluted": -4.1,
        "weightedAverageShsOut": 56783300,
        "weightedAverageShsOutDil": 56783300,
        "link": "https://www.sec.gov/Archives/edgar/data/1015780/000119312509099923/0001193125-09-099923-index.htm",
        "finalLink": "https://www.sec.gov/Archives/edgar/data/1015780/000119312509039144/d10k.htm"
    },
    {
        "date": "2008-12-31",
        "symbol": "ETFC",
        "reportedCurrency": "USD",
        "cik": "0001015780",
        "fillingDate": "2009-02-26",
        "acceptedDate": "2009-02-26 16:46:21",
        "calendarYear": "2008",
        "period": "Q4",
        "revenue": 388981000,
        "costOfRevenue": 0,
        "grossProfit": 388981000,
        "grossProfitRatio": 1,
        "researchAndDevelopmentExpenses": 0,
        "generalAndAdministrativeExpenses": 174601000,
        "sellingAndMarketingExpenses": 44684000,
        "sellingGeneralAndAdministrativeExpenses": 219285000,
        "otherExpenses": -698941000,
        "operatingExpenses": -479656000,
        "costAndExpenses": -479656000,
        "interestIncome": 0,
        "interestExpense": 354005000,
        "depreciationAndAmortization": 71917000,
        "ebitda": -18758000,
        "ebitdaratio": -0.0482234351,
        "operatingIncome": -90675000,
        "operatingIncomeRatio": -0.2331090722,
        "totalOtherIncomeExpensesNet": -354667000,
        "incomeBeforeTax": -445342000,
        "incomeBeforeTaxRatio": -1.1448939665,
        "incomeTaxExpense": -169117000,
        "netIncome": -275563000,
        "netIncomeRatio": -0.7084227764,
        "eps": -5.14,
        "epsdiluted": -5.14,
        "weightedAverageShsOut": 53652100,
        "weightedAverageShsOutDil": 53652100,
        "link": "https://www.sec.gov/Archives/edgar/data/1015780/000119312509039144/0001193125-09-039144-index.htm",
        "finalLink": "https://www.sec.gov/Archives/edgar/data/1015780/000119312509039144/d10k.htm"
    },
    {
        "date": "2008-09-30",
        "symbol": "ETFC",
        "reportedCurrency": "USD",
        "cik": "0001015780",
        "fillingDate": "2008-11-05",
        "acceptedDate": "2008-11-05 17:16:27",
        "calendarYear": "2008",
        "period": "Q3",
        "revenue": 312099000,
        "costOfRevenue": 0,
        "grossProfit": 312099000,
        "grossProfitRatio": 1,
        "researchAndDevelopmentExpenses": 0,
        "generalAndAdministrativeExpenses": 83644000,
        "sellingAndMarketingExpenses": 30381000,
        "sellingGeneralAndAdministrativeExpenses": 114025000,
        "otherExpenses": -289332000,
        "operatingExpenses": -175307000,
        "costAndExpenses": -175307000,
        "interestIncome": 0,
        "interestExpense": 368069000,
        "depreciationAndAmortization": 70038000,
        "ebitda": 206830000,
        "ebitdaratio": 0.6627063848,
        "operatingIncome": 136792000,
        "operatingIncomeRatio": 0.4382968225,
        "totalOtherIncomeExpensesNet": -638383000,
        "incomeBeforeTax": -501591000,
        "incomeBeforeTaxRatio": -1.6071534994,
        "incomeTaxExpense": -180802000,
        "netIncome": -50475000,
        "netIncomeRatio": -0.1617275288,
        "eps": -0.94,
        "epsdiluted": -0.94,
        "weightedAverageShsOut": 53652100,
        "weightedAverageShsOutDil": 53652100,
        "link": "https://www.sec.gov/Archives/edgar/data/1015780/000119312508226077/0001193125-08-226077-index.htm",
        "finalLink": "https://www.sec.gov/Archives/edgar/data/1015780/000119312508226077/d10q.htm"
    },
    {
        "date": "2008-06-30",
        "symbol": "ETFC",
        "reportedCurrency": "USD",
        "cik": "0001015780",
        "fillingDate": "2008-08-08",
        "acceptedDate": "2008-08-07 20:02:33",
        "calendarYear": "2008",
        "period": "Q2",
        "revenue": 443912000,
        "costOfRevenue": 0,
        "grossProfit": 443912000,
        "grossProfitRatio": 1,
        "researchAndDevelopmentExpenses": 0,
        "generalAndAdministrativeExpenses": 96082000,
        "sellingAndMarketingExpenses": 42737000,
        "sellingGeneralAndAdministrativeExpenses": 138819000,
        "otherExpenses": -366699000,
        "operatingExpenses": -227880000,
        "costAndExpenses": -227880000,
        "interestIncome": 0,
        "interestExpense": 373559000,
        "depreciationAndAmortization": 73224000,
        "ebitda": 289256000,
        "ebitdaratio": 0.6516066247,
        "operatingIncome": 216032000,
        "operatingIncomeRatio": 0.4866550127,
        "totalOtherIncomeExpensesNet": -398443000,
        "incomeBeforeTax": -182411000,
        "incomeBeforeTaxRatio": -0.4109170286,
        "incomeTaxExpense": -62968000,
        "netIncome": -94559000,
        "netIncomeRatio": -0.2130129395,
        "eps": -1.92,
        "epsdiluted": -1.92,
        "weightedAverageShsOut": 49271200,
        "weightedAverageShsOutDil": 49271200,
        "link": "https://www.sec.gov/Archives/edgar/data/1015780/000119312508170497/0001193125-08-170497-index.htm",
        "finalLink": "https://www.sec.gov/Archives/edgar/data/1015780/000119312508170497/d10q.htm"
    },
    {
        "date": "2008-03-31",
        "symbol": "ETFC",
        "reportedCurrency": "USD",
        "cik": "0001015780",
        "fillingDate": "2008-05-09",
        "acceptedDate": "2008-05-09 16:06:42",
        "calendarYear": "2008",
        "period": "Q1",
        "revenue": 489095000,
        "costOfRevenue": 0,
        "grossProfit": 489095000,
        "grossProfitRatio": 1,
        "researchAndDevelopmentExpenses": 0,
        "generalAndAdministrativeExpenses": 128777000,
        "sellingAndMarketingExpenses": 60472000,
        "sellingGeneralAndAdministrativeExpenses": 189249000,
        "otherExpenses": -351979000,
        "operatingExpenses": -162730000,
        "costAndExpenses": -162730000,
        "interestIncome": 0,
        "interestExpense": 473207000,
        "depreciationAndAmortization": 77649000,
        "ebitda": 404014000,
        "ebitdaratio": 0.8260440201,
        "operatingIncome": 326365000,
        "operatingIncomeRatio": 0.6672834521,
        "totalOtherIncomeExpensesNet": -473207000,
        "incomeBeforeTax": -146842000,
        "incomeBeforeTaxRatio": -0.3002320613,
        "incomeTaxExpense": -55649000,
        "netIncome": -91193000,
        "netIncomeRatio": -0.1864525297,
        "eps": -1.98,
        "epsdiluted": -1.98,
        "weightedAverageShsOut": 46085700,
        "weightedAverageShsOutDil": 46085700,
        "link": "https://www.sec.gov/Archives/edgar/data/1015780/000119312508109757/0001193125-08-109757-index.htm",
        "finalLink": "https://www.sec.gov/Archives/edgar/data/1015780/000119312508041906/d10k.htm"
    },
    {
        "date": "2007-12-31",
        "symbol": "ETFC",
        "reportedCurrency": "USD",
        "cik": "0001015780",
        "fillingDate": "2008-02-28",
        "acceptedDate": "2008-02-28 16:49:46",
        "calendarYear": "2007",
        "period": "Q4",
        "revenue": -1494199000,
        "costOfRevenue": 0,
        "grossProfit": -1494199000,
        "grossProfitRatio": 1,
        "researchAndDevelopmentExpenses": 0,
        "generalAndAdministrativeExpenses": 105068000,
        "sellingAndMarketingExpenses": 41535000,
        "sellingGeneralAndAdministrativeExpenses": 146603000,
        "otherExpenses": -681415000,
        "operatingExpenses": -534812000,
        "costAndExpenses": -534812000,
        "interestIncome": 0,
        "interestExpense": 555495000,
        "depreciationAndAmortization": 68338000,
        "ebitda": -1960673000,
        "ebitdaratio": 1.3121900095,
        "operatingIncome": -2029011000,
        "operatingIncomeRatio": 1.3579255507,
        "totalOtherIncomeExpensesNet": -555495000,
        "incomeBeforeTax": -2584506000,
        "incomeBeforeTaxRatio": 1.7296933006,
        "incomeTaxExpense": -872661000,
        "netIncome": -1711845000,
        "netIncomeRatio": 1.1456606516,
        "eps": -40.66,
        "epsdiluted": -40.66,
        "weightedAverageShsOut": 42096400,
        "weightedAverageShsOutDil": 42096400,
        "link": "https://www.sec.gov/Archives/edgar/data/1015780/000119312508041906/0001193125-08-041906-index.htm",
        "finalLink": "https://www.sec.gov/Archives/edgar/data/1015780/000119312508041906/d10k.htm"
    },
    {
        "date": "2007-09-30",
        "symbol": "ETFC",
        "reportedCurrency": "USD",
        "cik": "0001015780",
        "fillingDate": "2007-11-09",
        "acceptedDate": "2007-11-09 16:10:04",
        "calendarYear": "2007",
        "period": "Q3",
        "revenue": 470662000,
        "costOfRevenue": 0,
        "grossProfit": 470662000,
        "grossProfitRatio": 1,
        "researchAndDevelopmentExpenses": 0,
        "generalAndAdministrativeExpenses": 117538000,
        "sellingAndMarketingExpenses": 26508000,
        "sellingGeneralAndAdministrativeExpenses": 144046000,
        "otherExpenses": -140052000,
        "operatingExpenses": 3994000,
        "costAndExpenses": 3994000,
        "interestIncome": 0,
        "interestExpense": 571169000,
        "depreciationAndAmortization": 73846000,
        "ebitda": 548502000,
        "ebitdaratio": 1.165384076,
        "operatingIncome": 474656000,
        "operatingIncomeRatio": 1.0084859198,
        "totalOtherIncomeExpensesNet": -571169000,
        "incomeBeforeTax": -96513000,
        "incomeBeforeTaxRatio": -0.2050579822,
        "incomeTaxExpense": -38065000,
        "netIncome": -58448000,
        "netIncomeRatio": -0.1241825344,
        "eps": -1.39,
        "epsdiluted": -1.39,
        "weightedAverageShsOut": 42096400,
        "weightedAverageShsOutDil": 42096400,
        "link": "https://www.sec.gov/Archives/edgar/data/1015780/000119312507242441/0001193125-07-242441-index.htm",
        "finalLink": "https://www.sec.gov/Archives/edgar/data/1015780/000119312507242441/d10q.htm"
    },
    {
        "date": "2007-06-30",
        "symbol": "ETFC",
        "reportedCurrency": "USD",
        "cik": "0001015780",
        "fillingDate": "2007-08-09",
        "acceptedDate": "2007-08-09 16:08:10",
        "calendarYear": "2007",
        "period": "Q2",
        "revenue": 673996000,
        "costOfRevenue": 0,
        "grossProfit": 673996000,
        "grossProfitRatio": 1,
        "researchAndDevelopmentExpenses": 0,
        "generalAndAdministrativeExpenses": 119079000,
        "sellingAndMarketingExpenses": 35938000,
        "sellingGeneralAndAdministrativeExpenses": 155017000,
        "otherExpenses": -58582000,
        "operatingExpenses": 96435000,
        "costAndExpenses": 96435000,
        "interestIncome": 0,
        "interestExpense": 529474000,
        "depreciationAndAmortization": 70289000,
        "ebitda": 840720000,
        "ebitdaratio": 1.2473664532,
        "operatingIncome": 770431000,
        "operatingIncomeRatio": 1.1430794842,
        "totalOtherIncomeExpensesNet": -529474000,
        "incomeBeforeTax": 240957000,
        "incomeBeforeTaxRatio": 0.3575050891,
        "incomeTaxExpense": 81828000,
        "netIncome": 159129000,
        "netIncomeRatio": 0.2360978403,
        "eps": 3.76,
        "epsdiluted": 3.65,
        "weightedAverageShsOut": 42330800,
        "weightedAverageShsOutDil": 43577500,
        "link": "https://www.sec.gov/Archives/edgar/data/1015780/000119312507177460/0001193125-07-177460-index.htm",
        "finalLink": "https://www.sec.gov/Archives/edgar/data/1015780/000119312507177460/d10q.htm"
    },
    {
        "date": "2007-03-31",
        "symbol": "ETFC",
        "reportedCurrency": "USD",
        "cik": "0001015780",
        "fillingDate": "2007-05-10",
        "acceptedDate": "2007-05-10 16:21:36",
        "calendarYear": "2007",
        "period": "Q1",
        "revenue": 657949000,
        "costOfRevenue": 0,
        "grossProfit": 657949000,
        "grossProfitRatio": 1,
        "researchAndDevelopmentExpenses": 0,
        "generalAndAdministrativeExpenses": 123782000,
        "sellingAndMarketingExpenses": 45592000,
        "sellingGeneralAndAdministrativeExpenses": 169374000,
        "otherExpenses": -87965000,
        "operatingExpenses": 81409000,
        "costAndExpenses": 81409000,
        "interestIncome": 0,
        "interestExpense": 477000000,
        "depreciationAndAmortization": 70018000,
        "ebitda": 809376000,
        "ebitdaratio": 1.2301500572,
        "operatingIncome": 739358000,
        "operatingIncomeRatio": 1.1237314746,
        "totalOtherIncomeExpensesNet": -477000000,
        "incomeBeforeTax": 262358000,
        "incomeBeforeTaxRatio": 0.398751271,
        "incomeTaxExpense": 92948000,
        "netIncome": 169410000,
        "netIncomeRatio": 0.2574819629,
        "eps": 4,
        "epsdiluted": 3.87,
        "weightedAverageShsOut": 42378600,
        "weightedAverageShsOutDil": 43753500,
        "link": "https://www.sec.gov/Archives/edgar/data/1015780/000119312507110264/0001193125-07-110264-index.htm",
        "finalLink": "https://www.sec.gov/Archives/edgar/data/1015780/000119312507043983/d10k.htm"
    },
    {
        "date": "2006-12-31",
        "symbol": "ETFC",
        "reportedCurrency": "USD",
        "cik": "0001015780",
        "fillingDate": "2007-03-01",
        "acceptedDate": "2007-03-01 13:21:10",
        "calendarYear": "2006",
        "period": "Q4",
        "revenue": 616885000,
        "costOfRevenue": 0,
        "grossProfit": 616885000,
        "grossProfitRatio": 1,
        "researchAndDevelopmentExpenses": 0,
        "generalAndAdministrativeExpenses": 116868000,
        "sellingAndMarketingExpenses": 30667000,
        "sellingGeneralAndAdministrativeExpenses": 147535000,
        "otherExpenses": -64998000,
        "operatingExpenses": 82537000,
        "costAndExpenses": 82537000,
        "interestIncome": 0,
        "interestExpense": 450988000,
        "depreciationAndAmortization": 71670000,
        "ebitda": 771092000,
        "ebitdaratio": 1.2499769001,
        "operatingIncome": 699422000,
        "operatingIncomeRatio": 1.1337964126,
        "totalOtherIncomeExpensesNet": -450733000,
        "incomeBeforeTax": 248689000,
        "incomeBeforeTaxRatio": 0.4031367273,
        "incomeTaxExpense": 71779000,
        "netIncome": 176655000,
        "netIncomeRatio": 0.2863661785,
        "eps": 4.17,
        "epsdiluted": 4.17,
        "weightedAverageShsOut": 42373600,
        "weightedAverageShsOutDil": 42373600,
        "link": "https://www.sec.gov/Archives/edgar/data/1015780/000119312507043983/0001193125-07-043983-index.htm",
        "finalLink": "https://www.sec.gov/Archives/edgar/data/1015780/000119312507043983/d10k.htm"
    },
    {
        "date": "2006-09-30",
        "symbol": "ETFC",
        "reportedCurrency": "USD",
        "cik": "0001015780",
        "fillingDate": "2006-11-07",
        "acceptedDate": "2006-11-07 16:31:44",
        "calendarYear": "2006",
        "period": "Q3",
        "revenue": 587801000,
        "costOfRevenue": 0,
        "grossProfit": 587801000,
        "grossProfitRatio": 1,
        "researchAndDevelopmentExpenses": 0,
        "generalAndAdministrativeExpenses": 110705000,
        "sellingAndMarketingExpenses": 23914000,
        "sellingGeneralAndAdministrativeExpenses": 134619000,
        "otherExpenses": -88485000,
        "operatingExpenses": 46134000,
        "costAndExpenses": 46134000,
        "interestIncome": 0,
        "interestExpense": 414257000,
        "depreciationAndAmortization": 70813000,
        "ebitda": 704748000,
        "ebitdaratio": 1.1989567898,
        "operatingIncome": 633935000,
        "operatingIncomeRatio": 1.078485746,
        "totalOtherIncomeExpensesNet": -417278000,
        "incomeBeforeTax": 216657000,
        "incomeBeforeTaxRatio": 0.3685890293,
        "incomeTaxExpense": 66429000,
        "netIncome": 153249000,
        "netIncomeRatio": 0.2607157865,
        "eps": 3.62,
        "epsdiluted": 3.49,
        "weightedAverageShsOut": 42373600,
        "weightedAverageShsOutDil": 43888300,
        "link": "https://www.sec.gov/Archives/edgar/data/1015780/000119312506226723/0001193125-06-226723-index.htm",
        "finalLink": "https://www.sec.gov/Archives/edgar/data/1015780/000119312506226723/d10q.htm"
    },
    {
        "date": "2006-06-30",
        "symbol": "ETFC",
        "reportedCurrency": "USD",
        "cik": "0001015780",
        "fillingDate": "2006-08-08",
        "acceptedDate": "2006-08-08 17:11:20",
        "calendarYear": "2006",
        "period": "Q2",
        "revenue": 603181000,
        "costOfRevenue": 0,
        "grossProfit": 603181000,
        "grossProfitRatio": 1,
        "researchAndDevelopmentExpenses": 0,
        "generalAndAdministrativeExpenses": 125641000,
        "sellingAndMarketingExpenses": 30420000,
        "sellingGeneralAndAdministrativeExpenses": 156061000,
        "otherExpenses": -165793000,
        "operatingExpenses": -9732000,
        "costAndExpenses": -9732000,
        "interestIncome": 0,
        "interestExpense": 351885000,
        "depreciationAndAmortization": 71753000,
        "ebitda": 665202000,
        "ebitdaratio": 1.102823199,
        "operatingIncome": 593449000,
        "operatingIncomeRatio": 0.9838655395,
        "totalOtherIncomeExpensesNet": -351677000,
        "incomeBeforeTax": 241772000,
        "incomeBeforeTaxRatio": 0.4008282754,
        "incomeTaxExpense": 85080000,
        "netIncome": 156484000,
        "netIncomeRatio": 0.2594312487,
        "eps": 3.71,
        "epsdiluted": 3.56,
        "weightedAverageShsOut": 42192900,
        "weightedAverageShsOutDil": 43946000,
        "link": "https://www.sec.gov/Archives/edgar/data/1015780/000119312506165924/0001193125-06-165924-index.htm",
        "finalLink": "https://www.sec.gov/Archives/edgar/data/1015780/000119312506165924/d10q.htm"
    },
    {
        "date": "2006-03-31",
        "symbol": "ETFC",
        "reportedCurrency": "USD",
        "cik": "0001015780",
        "fillingDate": "2006-05-09",
        "acceptedDate": "2006-05-09 16:55:11",
        "calendarYear": "2006",
        "period": "Q1",
        "revenue": 586608000,
        "costOfRevenue": 0,
        "grossProfit": 586608000,
        "grossProfitRatio": 1,
        "researchAndDevelopmentExpenses": 0,
        "generalAndAdministrativeExpenses": 115988000,
        "sellingAndMarketingExpenses": 34781000,
        "sellingGeneralAndAdministrativeExpenses": 150769000,
        "otherExpenses": -206198000,
        "operatingExpenses": -55429000,
        "costAndExpenses": -55429000,
        "interestIncome": 0,
        "interestExpense": 310013000,
        "depreciationAndAmortization": 72605000,
        "ebitda": 603784000,
        "ebitdaratio": 1.0292802007,
        "operatingIncome": 531179000,
        "operatingIncomeRatio": 0.9055093009,
        "totalOtherIncomeExpensesNet": -309500000,
        "incomeBeforeTax": 221679000,
        "incomeBeforeTaxRatio": 0.3778997218,
        "incomeTaxExpense": 78695000,
        "netIncome": 142471000,
        "netIncomeRatio": 0.2428725827,
        "eps": 3.44,
        "epsdiluted": 3.3,
        "weightedAverageShsOut": 41467900,
        "weightedAverageShsOutDil": 43230200,
        "link": "https://www.sec.gov/Archives/edgar/data/1015780/000119312506105557/0001193125-06-105557-index.htm",
        "finalLink": "https://www.sec.gov/Archives/edgar/data/1015780/000119312506045154/d10k.htm"
    },
    {
        "date": "2005-12-31",
        "symbol": "ETFC",
        "reportedCurrency": "USD",
        "cik": "0001015780",
        "fillingDate": "2006-03-03",
        "acceptedDate": "2006-03-03 17:13:32",
        "calendarYear": "2005",
        "period": "Q4",
        "revenue": 463270000,
        "costOfRevenue": 0,
        "grossProfit": 463270000,
        "grossProfitRatio": 1,
        "researchAndDevelopmentExpenses": 0,
        "generalAndAdministrativeExpenses": 97870000,
        "sellingAndMarketingExpenses": 31678000,
        "sellingGeneralAndAdministrativeExpenses": 129548000,
        "otherExpenses": -124140000,
        "operatingExpenses": 5408000,
        "costAndExpenses": 5408000,
        "interestIncome": 0,
        "interestExpense": 280613000,
        "depreciationAndAmortization": 97279000,
        "ebitda": 565957000,
        "ebitdaratio": 1.2216569171,
        "operatingIncome": 468678000,
        "operatingIncomeRatio": 1.0116735381,
        "totalOtherIncomeExpensesNet": -280678000,
        "incomeBeforeTax": 188000000,
        "incomeBeforeTaxRatio": 0.4058108662,
        "incomeTaxExpense": 60351000,
        "netIncome": 127714000,
        "netIncomeRatio": 0.2756794094,
        "eps": 3.48,
        "epsdiluted": 3.48,
        "weightedAverageShsOut": 36734200,
        "weightedAverageShsOutDil": 36734200,
        "link": "https://www.sec.gov/Archives/edgar/data/1015780/000119312506045154/0001193125-06-045154-index.htm",
        "finalLink": "https://www.sec.gov/Archives/edgar/data/1015780/000119312506045154/d10k.htm"
    },
    {
        "date": "2005-09-30",
        "symbol": "ETFC",
        "reportedCurrency": "USD",
        "cik": "0001015780",
        "fillingDate": "2005-11-01",
        "acceptedDate": "2005-11-01 17:10:49",
        "calendarYear": "2005",
        "period": "Q3",
        "revenue": 450550000,
        "costOfRevenue": 0,
        "grossProfit": 450550000,
        "grossProfitRatio": 1,
        "researchAndDevelopmentExpenses": 0,
        "generalAndAdministrativeExpenses": 103310000,
        "sellingAndMarketingExpenses": 21188000,
        "sellingGeneralAndAdministrativeExpenses": 124498000,
        "otherExpenses": -189410000,
        "operatingExpenses": -64912000,
        "costAndExpenses": -64912000,
        "interestIncome": 0,
        "interestExpense": 220884000,
        "depreciationAndAmortization": 77290000,
        "ebitda": 462928000,
        "ebitdaratio": 1.0274730884,
        "operatingIncome": 385638000,
        "operatingIncomeRatio": 0.8559272001,
        "totalOtherIncomeExpensesNet": -219764000,
        "incomeBeforeTax": 165874000,
        "incomeBeforeTaxRatio": 0.3681589169,
        "incomeTaxExpense": 57263000,
        "netIncome": 107491000,
        "netIncomeRatio": 0.2385772944,
        "eps": 2.93,
        "epsdiluted": 2.81,
        "weightedAverageShsOut": 36734200,
        "weightedAverageShsOutDil": 38203100,
        "link": "https://www.sec.gov/Archives/edgar/data/1015780/000119312505213216/0001193125-05-213216-index.htm",
        "finalLink": "https://www.sec.gov/Archives/edgar/data/1015780/000119312505213216/d10q.htm"
    },
    {
        "date": "2005-06-30",
        "symbol": "ETFC",
        "reportedCurrency": "USD",
        "cik": "0001015780",
        "fillingDate": "2005-08-05",
        "acceptedDate": "2005-08-05 16:46:38",
        "calendarYear": "2005",
        "period": "Q2",
        "revenue": 427229000,
        "costOfRevenue": 0,
        "grossProfit": 427229000,
        "grossProfitRatio": 1,
        "researchAndDevelopmentExpenses": 0,
        "generalAndAdministrativeExpenses": 85917000,
        "sellingAndMarketingExpenses": 26482000,
        "sellingGeneralAndAdministrativeExpenses": 112399000,
        "otherExpenses": -192777000,
        "operatingExpenses": -80378000,
        "costAndExpenses": -80378000,
        "interestIncome": 0,
        "interestExpense": 191265000,
        "depreciationAndAmortization": 95427000,
        "ebitda": 442278000,
        "ebitdaratio": 1.0352246687,
        "operatingIncome": 346851000,
        "operatingIncomeRatio": 0.8118620225,
        "totalOtherIncomeExpensesNet": -184571000,
        "incomeBeforeTax": 162280000,
        "incomeBeforeTaxRatio": 0.3798431286,
        "incomeTaxExpense": 54019000,
        "netIncome": 101567000,
        "netIncomeRatio": 0.2377343298,
        "eps": 2.78,
        "epsdiluted": 2.7,
        "weightedAverageShsOut": 36518000,
        "weightedAverageShsOutDil": 37634500,
        "link": "https://www.sec.gov/Archives/edgar/data/1015780/000119312505159175/0001193125-05-159175-index.htm",
        "finalLink": "https://www.sec.gov/Archives/edgar/data/1015780/000119312505159175/d10q.htm"
    },
    {
        "date": "2005-03-31",
        "symbol": "ETFC",
        "reportedCurrency": "USD",
        "cik": "0001015780",
        "fillingDate": "2005-05-06",
        "acceptedDate": "2005-05-06 17:03:20",
        "calendarYear": "2005",
        "period": "Q1",
        "revenue": 441126000,
        "costOfRevenue": 0,
        "grossProfit": 441126000,
        "grossProfitRatio": 1,
        "researchAndDevelopmentExpenses": 0,
        "generalAndAdministrativeExpenses": 98636000,
        "sellingAndMarketingExpenses": 26821000,
        "sellingGeneralAndAdministrativeExpenses": 125457000,
        "otherExpenses": -262142000,
        "operatingExpenses": -136685000,
        "costAndExpenses": -136685000,
        "interestIncome": 0,
        "interestExpense": 160358000,
        "depreciationAndAmortization": 92969000,
        "ebitda": 397410000,
        "ebitdaratio": 0.9008990629,
        "operatingIncome": 304441000,
        "operatingIncomeRatio": 0.6901452193,
        "totalOtherIncomeExpensesNet": -160358000,
        "incomeBeforeTax": 144083000,
        "incomeBeforeTaxRatio": 0.3266254993,
        "incomeTaxExpense": 52089000,
        "netIncome": 91994000,
        "netIncomeRatio": 0.2085435907,
        "eps": 2.51,
        "epsdiluted": 2.43,
        "weightedAverageShsOut": 36613000,
        "weightedAverageShsOutDil": 37873400,
        "link": "https://www.sec.gov/Archives/edgar/data/1015780/000119312505099399/0001193125-05-099399-index.htm",
        "finalLink": "https://www.sec.gov/Archives/edgar/data/1015780/000119312505046680/d10k.htm"
    },
    {
        "date": "2004-12-31",
        "symbol": "ETFC",
        "reportedCurrency": "USD",
        "cik": "0001015780",
        "fillingDate": "2005-03-10",
        "acceptedDate": "2005-03-10 17:28:23",
        "calendarYear": "2004",
        "period": "Q4",
        "revenue": 433963000,
        "costOfRevenue": 0,
        "grossProfit": 433963000,
        "grossProfitRatio": 1,
        "researchAndDevelopmentExpenses": 0,
        "generalAndAdministrativeExpenses": 95562000,
        "sellingAndMarketingExpenses": 16614000,
        "sellingGeneralAndAdministrativeExpenses": 112176000,
        "otherExpenses": -270981000,
        "operatingExpenses": -158805000,
        "costAndExpenses": -158805000,
        "interestIncome": 0,
        "interestExpense": 152613000,
        "depreciationAndAmortization": 102583000,
        "ebitda": 377741000,
        "ebitdaratio": 0.8704451762,
        "operatingIncome": 275158000,
        "operatingIncomeRatio": 0.634058664,
        "totalOtherIncomeExpensesNet": -152539000,
        "incomeBeforeTax": 122619000,
        "incomeBeforeTaxRatio": 0.282556347,
        "incomeTaxExpense": 32716000,
        "netIncome": 89829000,
        "netIncomeRatio": 0.2069969099,
        "eps": 2.43,
        "epsdiluted": 2.43,
        "weightedAverageShsOut": 36910300,
        "weightedAverageShsOutDil": 36910300,
        "link": "https://www.sec.gov/Archives/edgar/data/1015780/000119312505046680/0001193125-05-046680-index.htm",
        "finalLink": "https://www.sec.gov/Archives/edgar/data/1015780/000119312505046680/d10k.htm"
    },
    {
        "date": "2004-09-30",
        "symbol": "ETFC",
        "reportedCurrency": "USD",
        "cik": "0001015780",
        "fillingDate": "2004-11-05",
        "acceptedDate": "2004-11-04 20:47:16",
        "calendarYear": "2004",
        "period": "Q3",
        "revenue": 383478000,
        "costOfRevenue": 0,
        "grossProfit": 383478000,
        "grossProfitRatio": 1,
        "researchAndDevelopmentExpenses": 0,
        "generalAndAdministrativeExpenses": 87264000,
        "sellingAndMarketingExpenses": 10232000,
        "sellingGeneralAndAdministrativeExpenses": 97496000,
        "otherExpenses": -222511000,
        "operatingExpenses": -125015000,
        "costAndExpenses": -125015000,
        "interestIncome": 0,
        "interestExpense": 140725000,
        "depreciationAndAmortization": 97952000,
        "ebitda": 356415000,
        "ebitdaratio": 0.929427503,
        "operatingIncome": 258463000,
        "operatingIncomeRatio": 0.6739969438,
        "totalOtherIncomeExpensesNet": -140162000,
        "incomeBeforeTax": 118301000,
        "incomeBeforeTaxRatio": 0.3084948811,
        "incomeTaxExpense": 38464000,
        "netIncome": 79274000,
        "netIncomeRatio": 0.2067237234,
        "eps": 2.15,
        "epsdiluted": 2.08,
        "weightedAverageShsOut": 36910300,
        "weightedAverageShsOutDil": 38055700,
        "link": "https://www.sec.gov/Archives/edgar/data/1015780/000119312504186668/0001193125-04-186668-index.htm",
        "finalLink": "https://www.sec.gov/Archives/edgar/data/1015780/000119312504186668/d10q.htm"
    },
    {
        "date": "2004-06-30",
        "symbol": "ETFC",
        "reportedCurrency": "USD",
        "cik": "0001015780",
        "fillingDate": "2004-08-05",
        "acceptedDate": "2004-08-05 17:25:51",
        "calendarYear": "2004",
        "period": "Q2",
        "revenue": 409698000,
        "costOfRevenue": 0,
        "grossProfit": 409698000,
        "grossProfitRatio": 1,
        "researchAndDevelopmentExpenses": 0,
        "generalAndAdministrativeExpenses": 99896000,
        "sellingAndMarketingExpenses": 14773000,
        "sellingGeneralAndAdministrativeExpenses": 114669000,
        "otherExpenses": -227689000,
        "operatingExpenses": -113020000,
        "costAndExpenses": -113020000,
        "interestIncome": 0,
        "interestExpense": 132578000,
        "depreciationAndAmortization": 101029000,
        "ebitda": 397707000,
        "ebitdaratio": 0.9707321002,
        "operatingIncome": 296678000,
        "operatingIncomeRatio": 0.7241382677,
        "totalOtherIncomeExpensesNet": -163878000,
        "incomeBeforeTax": 132800000,
        "incomeBeforeTaxRatio": 0.3241411967,
        "incomeTaxExpense": 41195000,
        "netIncome": 122905000,
        "netIncomeRatio": 0.2999892604,
        "eps": 3.37,
        "epsdiluted": 2.95,
        "weightedAverageShsOut": 36507200,
        "weightedAverageShsOutDil": 41671300,
        "link": "https://www.sec.gov/Archives/edgar/data/1015780/000119312504132792/0001193125-04-132792-index.htm",
        "finalLink": "https://www.sec.gov/Archives/edgar/data/1015780/000119312504132792/d10q.htm"
    },
    {
        "date": "2004-03-31",
        "symbol": "ETFC",
        "reportedCurrency": "USD",
        "cik": "0001015780",
        "fillingDate": "2004-05-06",
        "acceptedDate": "2004-05-05 21:57:42",
        "calendarYear": "2004",
        "period": "Q1",
        "revenue": 441154000,
        "costOfRevenue": 0,
        "grossProfit": 441154000,
        "grossProfitRatio": 1,
        "researchAndDevelopmentExpenses": 0,
        "generalAndAdministrativeExpenses": 99978000,
        "sellingAndMarketingExpenses": 24140000,
        "sellingGeneralAndAdministrativeExpenses": 124118000,
        "otherExpenses": -295630000,
        "operatingExpenses": -171512000,
        "costAndExpenses": -171512000,
        "interestIncome": 0,
        "interestExpense": 132064000,
        "depreciationAndAmortization": 101387000,
        "ebitda": 371029000,
        "ebitdaratio": 0.8410419037,
        "operatingIncome": 269642000,
        "operatingIncomeRatio": 0.6112196648,
        "totalOtherIncomeExpensesNet": -132064000,
        "incomeBeforeTax": 137578000,
        "incomeBeforeTaxRatio": 0.3118593507,
        "incomeTaxExpense": 49103000,
        "netIncome": 88475000,
        "netIncomeRatio": 0.2005535482,
        "eps": 2.42,
        "epsdiluted": 2.08,
        "weightedAverageShsOut": 36504500,
        "weightedAverageShsOutDil": 42515500,
        "link": "https://www.sec.gov/Archives/edgar/data/1015780/000119312504079644/0001193125-04-079644-index.htm",
        "finalLink": "https://www.sec.gov/Archives/edgar/data/1015780/000119312504038392/d10k.htm"
    },
    {
        "date": "2003-12-31",
        "symbol": "ETFC",
        "reportedCurrency": "USD",
        "cik": "0001015780",
        "fillingDate": "2004-03-11",
        "acceptedDate": "2004-03-10 18:19:01",
        "calendarYear": "2003",
        "period": "Q4",
        "revenue": 491442000,
        "costOfRevenue": 0,
        "grossProfit": 491442000,
        "grossProfitRatio": 1,
        "researchAndDevelopmentExpenses": 0,
        "generalAndAdministrativeExpenses": 62140000,
        "sellingAndMarketingExpenses": 0,
        "sellingGeneralAndAdministrativeExpenses": 62140000,
        "otherExpenses": -246002000,
        "operatingExpenses": -183862000,
        "costAndExpenses": -183862000,
        "interestIncome": 0,
        "interestExpense": 133848000,
        "depreciationAndAmortization": 116300000,
        "ebitda": 423880000,
        "ebitdaratio": 0.8625229427,
        "operatingIncome": 307580000,
        "operatingIncomeRatio": 0.6258724326,
        "totalOtherIncomeExpensesNet": -133848000,
        "incomeBeforeTax": 173732000,
        "incomeBeforeTaxRatio": 0.3535147586,
        "incomeTaxExpense": 66277000,
        "netIncome": 107455000,
        "netIncomeRatio": 0.2186524554,
        "eps": 2.99,
        "epsdiluted": 2.99,
        "weightedAverageShsOut": 35943200,
        "weightedAverageShsOutDil": 35943200,
        "link": "https://www.sec.gov/Archives/edgar/data/1015780/000119312504038392/0001193125-04-038392-index.htm",
        "finalLink": "https://www.sec.gov/Archives/edgar/data/1015780/000119312504038392/d10k.htm"
    },
    {
        "date": "2003-09-30",
        "symbol": "ETFC",
        "reportedCurrency": "USD",
        "cik": "0001015780",
        "fillingDate": "2003-11-07",
        "acceptedDate": "2003-11-06 21:14:05",
        "calendarYear": "2003",
        "period": "Q3",
        "revenue": 438983000,
        "costOfRevenue": 0,
        "grossProfit": 438983000,
        "grossProfitRatio": 1,
        "researchAndDevelopmentExpenses": 0,
        "generalAndAdministrativeExpenses": 72163000,
        "sellingAndMarketingExpenses": 0,
        "sellingGeneralAndAdministrativeExpenses": 72163000,
        "otherExpenses": -293558000,
        "operatingExpenses": -221395000,
        "costAndExpenses": -221395000,
        "interestIncome": 0,
        "interestExpense": 131318000,
        "depreciationAndAmortization": 0,
        "ebitda": 217588000,
        "ebitdaratio": 0.4956638412,
        "operatingIncome": 217588000,
        "operatingIncomeRatio": 0.4956638412,
        "totalOtherIncomeExpensesNet": -131318000,
        "incomeBeforeTax": 86270000,
        "incomeBeforeTaxRatio": 0.1965224166,
        "incomeTaxExpense": 24867000,
        "netIncome": 61403000,
        "netIncomeRatio": 0.139875576,
        "eps": 1.71,
        "epsdiluted": 1.65,
        "weightedAverageShsOut": 35943200,
        "weightedAverageShsOutDil": 37117300,
        "link": "https://www.sec.gov/Archives/edgar/data/1015780/000119312503074571/0001193125-03-074571-index.htm",
        "finalLink": "https://www.sec.gov/Archives/edgar/data/1015780/000119312503074571/d10q.htm"
    },
    {
        "date": "2003-06-30",
        "symbol": "ETFC",
        "reportedCurrency": "USD",
        "cik": "0001015780",
        "fillingDate": "2003-08-08",
        "acceptedDate": "2003-08-07 21:23:28",
        "calendarYear": "2003",
        "period": "Q2",
        "revenue": 394918000,
        "costOfRevenue": 0,
        "grossProfit": 394918000,
        "grossProfitRatio": 1,
        "researchAndDevelopmentExpenses": 0,
        "generalAndAdministrativeExpenses": 66398000,
        "sellingAndMarketingExpenses": 0,
        "sellingGeneralAndAdministrativeExpenses": 66398000,
        "otherExpenses": -303981000,
        "operatingExpenses": -237583000,
        "costAndExpenses": -237583000,
        "interestIncome": 0,
        "interestExpense": 139330000,
        "depreciationAndAmortization": 0,
        "ebitda": 157335000,
        "ebitdaratio": 0.3983991613,
        "operatingIncome": 157335000,
        "operatingIncomeRatio": 0.3983991613,
        "totalOtherIncomeExpensesNet": -139330000,
        "incomeBeforeTax": 18005000,
        "incomeBeforeTaxRatio": 0.0455917431,
        "incomeTaxExpense": 5318000,
        "netIncome": 12687000,
        "netIncomeRatio": 0.0321256565,
        "eps": 0.36,
        "epsdiluted": 0.35,
        "weightedAverageShsOut": 35623700,
        "weightedAverageShsOutDil": 36369700,
        "link": "https://www.sec.gov/Archives/edgar/data/1015780/000119312503031209/0001193125-03-031209-index.htm",
        "finalLink": "https://www.sec.gov/Archives/edgar/data/1015780/000119312503031209/d10q.htm"
    },
    {
        "date": "2003-03-31",
        "symbol": "ETFC",
        "reportedCurrency": "USD",
        "cik": "0001015780",
        "fillingDate": "2003-05-02",
        "acceptedDate": "2003-05-01 18:59:24",
        "calendarYear": "2003",
        "period": "Q1",
        "revenue": 318222000,
        "costOfRevenue": 0,
        "grossProfit": 318222000,
        "grossProfitRatio": 1,
        "researchAndDevelopmentExpenses": 0,
        "generalAndAdministrativeExpenses": 55008000,
        "sellingAndMarketingExpenses": 0,
        "sellingGeneralAndAdministrativeExpenses": 55008000,
        "otherExpenses": -200543000,
        "operatingExpenses": -145535000,
        "costAndExpenses": -145535000,
        "interestIncome": 0,
        "interestExpense": 135279000,
        "depreciationAndAmortization": 0,
        "ebitda": 172687000,
        "ebitdaratio": 0.542662041,
        "operatingIncome": 172687000,
        "operatingIncomeRatio": 0.542662041,
        "totalOtherIncomeExpensesNet": -135279000,
        "incomeBeforeTax": 37408000,
        "incomeBeforeTaxRatio": 0.1175531547,
        "incomeTaxExpense": 15926000,
        "netIncome": 21482000,
        "netIncomeRatio": 0.0675063321,
        "eps": 0.61,
        "epsdiluted": 0.6,
        "weightedAverageShsOut": 35456300,
        "weightedAverageShsOutDil": 35844100,
        "link": "https://www.sec.gov/Archives/edgar/data/1015780/000101287003002237/0001012870-03-002237-index.htm",
        "finalLink": "https://www.sec.gov/Archives/edgar/data/1015780/000101287003001396/d10k.htm"
    },
    {
        "date": "2002-12-31",
        "symbol": "ETFC",
        "reportedCurrency": "USD",
        "cik": "0001015780",
        "fillingDate": "2003-03-27",
        "acceptedDate": "2003-03-26 21:54:10",
        "calendarYear": "2002",
        "period": "Q4",
        "revenue": 366151000,
        "costOfRevenue": 0,
        "grossProfit": 366151000,
        "grossProfitRatio": 1,
        "researchAndDevelopmentExpenses": 0,
        "generalAndAdministrativeExpenses": 53615000,
        "sellingAndMarketingExpenses": 0,
        "sellingGeneralAndAdministrativeExpenses": 53615000,
        "otherExpenses": -212540000,
        "operatingExpenses": -158925000,
        "costAndExpenses": -158925000,
        "interestIncome": 0,
        "interestExpense": 144367000,
        "depreciationAndAmortization": 0,
        "ebitda": 207226000,
        "ebitdaratio": 0.5659577606,
        "operatingIncome": 207226000,
        "operatingIncomeRatio": 0.5659577606,
        "totalOtherIncomeExpensesNet": -146937000,
        "incomeBeforeTax": 60289000,
        "incomeBeforeTaxRatio": 0.1646561118,
        "incomeTaxExpense": 26751000,
        "netIncome": 36108000,
        "netIncomeRatio": 0.0986150523,
        "eps": 1,
        "epsdiluted": 1,
        "weightedAverageShsOut": 35964000,
        "weightedAverageShsOutDil": 35964000,
        "link": "https://www.sec.gov/Archives/edgar/data/1015780/000101287003001396/0001012870-03-001396-index.htm",
        "finalLink": "https://www.sec.gov/Archives/edgar/data/1015780/000101287003001396/d10k.htm"
    },
    {
        "date": "2002-09-30",
        "symbol": "ETFC",
        "reportedCurrency": "USD",
        "cik": "0001015780",
        "fillingDate": "2002-11-13",
        "acceptedDate": "2002-11-13 16:14:49",
        "calendarYear": "2002",
        "period": "Q3",
        "revenue": 305389000,
        "costOfRevenue": 0,
        "grossProfit": 305389000,
        "grossProfitRatio": 1,
        "researchAndDevelopmentExpenses": 0,
        "generalAndAdministrativeExpenses": 52170000,
        "sellingAndMarketingExpenses": 0,
        "sellingGeneralAndAdministrativeExpenses": 52170000,
        "otherExpenses": -172675000,
        "operatingExpenses": -120505000,
        "costAndExpenses": -120505000,
        "interestIncome": 0,
        "interestExpense": 146663000,
        "depreciationAndAmortization": 0,
        "ebitda": 184884000,
        "ebitdaratio": 0.6054049098,
        "operatingIncome": 184884000,
        "operatingIncomeRatio": 0.6054049098,
        "totalOtherIncomeExpensesNet": -146663000,
        "incomeBeforeTax": 38221000,
        "incomeBeforeTaxRatio": 0.12515513,
        "incomeTaxExpense": 17543000,
        "netIncome": 20678000,
        "netIncomeRatio": 0.0677103628,
        "eps": 0.57,
        "epsdiluted": 0.57,
        "weightedAverageShsOut": 35964000,
        "weightedAverageShsOutDil": 36338000,
        "link": "https://www.sec.gov/Archives/edgar/data/1015780/000101287002004380/0001012870-02-004380-index.htm",
        "finalLink": "https://www.sec.gov/Archives/edgar/data/1015780/000101287002004380/d10q.htm"
    },
    {
        "date": "2002-06-30",
        "symbol": "ETFC",
        "reportedCurrency": "USD",
        "cik": "0001015780",
        "fillingDate": "2002-08-12",
        "acceptedDate": "2002-08-12 16:22:48",
        "calendarYear": "2002",
        "period": "Q2",
        "revenue": 316597000,
        "costOfRevenue": 0,
        "grossProfit": 316597000,
        "grossProfitRatio": 1,
        "researchAndDevelopmentExpenses": 0,
        "generalAndAdministrativeExpenses": 50832000,
        "sellingAndMarketingExpenses": 0,
        "sellingGeneralAndAdministrativeExpenses": 50832000,
        "otherExpenses": -155819000,
        "operatingExpenses": -104987000,
        "costAndExpenses": -104987000,
        "interestIncome": 0,
        "interestExpense": 152744000,
        "depreciationAndAmortization": 0,
        "ebitda": 211610000,
        "ebitdaratio": 0.6683891509,
        "operatingIncome": 211610000,
        "operatingIncomeRatio": 0.6683891509,
        "totalOtherIncomeExpensesNet": -151844000,
        "incomeBeforeTax": 59766000,
        "incomeBeforeTaxRatio": 0.1887762676,
        "incomeTaxExpense": 26076000,
        "netIncome": 32790000,
        "netIncomeRatio": 0.1035701539,
        "eps": 0.92,
        "epsdiluted": 0.9,
        "weightedAverageShsOut": 35676000,
        "weightedAverageShsOutDil": 36249800,
        "link": "https://www.sec.gov/Archives/edgar/data/1015780/000101287002003391/0001012870-02-003391-index.htm",
        "finalLink": "https://www.sec.gov/Archives/edgar/data/1015780/000101287002003391/d10q.htm"
    },
    {
        "date": "2002-03-31",
        "symbol": "ETFC",
        "reportedCurrency": "USD",
        "cik": "0001015780",
        "fillingDate": "2002-05-15",
        "acceptedDate": "2002-04-01 00:00:00",
        "calendarYear": "2002",
        "period": "Q1",
        "revenue": 327420000,
        "costOfRevenue": 0,
        "grossProfit": 327420000,
        "grossProfitRatio": 1,
        "researchAndDevelopmentExpenses": 0,
        "generalAndAdministrativeExpenses": 54029000,
        "sellingAndMarketingExpenses": 0,
        "sellingGeneralAndAdministrativeExpenses": 54029000,
        "otherExpenses": -477539000,
        "operatingExpenses": -423510000,
        "costAndExpenses": -423510000,
        "interestIncome": 0,
        "interestExpense": 165140000,
        "depreciationAndAmortization": 0,
        "ebitda": -96090000,
        "ebitdaratio": -0.293476269,
        "operatingIncome": -96090000,
        "operatingIncomeRatio": -0.293476269,
        "totalOtherIncomeExpensesNet": 130199000,
        "incomeBeforeTax": 34109000,
        "incomeBeforeTaxRatio": 0.1041750657,
        "incomeTaxExpense": 14751000,
        "netIncome": -275981000,
        "netIncomeRatio": -0.8428959746,
        "eps": -7.95,
        "epsdiluted": -7.73,
        "weightedAverageShsOut": 34695000,
        "weightedAverageShsOutDil": 35695800,
        "link": "https://www.sec.gov/Archives/edgar/data/1015780/000101287002002317/0001012870-02-002317-index.htm",
        "finalLink": "https://www.sec.gov/Archives/edgar/data/1015780/000101287002001580/d10k.htm"
    },
    {
        "date": "2001-12-31",
        "symbol": "ETFC",
        "reportedCurrency": "USD",
        "cik": "0001015780",
        "fillingDate": "2002-04-01",
        "acceptedDate": "2002-04-01 00:00:00",
        "calendarYear": "2001",
        "period": "Q4",
        "revenue": 384932000,
        "costOfRevenue": 0,
        "grossProfit": 384932000,
        "grossProfitRatio": 1,
        "researchAndDevelopmentExpenses": 0,
        "generalAndAdministrativeExpenses": 58955000,
        "sellingAndMarketingExpenses": 0,
        "sellingGeneralAndAdministrativeExpenses": 58955000,
        "otherExpenses": -238470000,
        "operatingExpenses": -179515000,
        "costAndExpenses": -179515000,
        "interestIncome": 0,
        "interestExpense": 178380000,
        "depreciationAndAmortization": 0,
        "ebitda": 205417000,
        "ebitdaratio": 0.5336449035,
        "operatingIncome": 205417000,
        "operatingIncomeRatio": 0.5336449035,
        "totalOtherIncomeExpensesNet": -192329000,
        "incomeBeforeTax": 13088000,
        "incomeBeforeTaxRatio": 0.0340008105,
        "incomeTaxExpense": 5434000,
        "netIncome": 21603000,
        "netIncomeRatio": 0.0561216007,
        "eps": 0.64,
        "epsdiluted": 0.64,
        "weightedAverageShsOut": 33646900,
        "weightedAverageShsOutDil": 33646900,
        "link": "https://www.sec.gov/Archives/edgar/data/1015780/000101287002001580/0001012870-02-001580-index.htm",
        "finalLink": "https://www.sec.gov/Archives/edgar/data/1015780/000101287002001580/d10k.htm"
    },
    {
        "date": "2001-09-30",
        "symbol": "ETFC",
        "reportedCurrency": "USD",
        "cik": "0001015780",
        "fillingDate": "2001-11-06",
        "acceptedDate": "2001-11-06 00:00:00",
        "calendarYear": "2001",
        "period": "Q3",
        "revenue": 232821000,
        "costOfRevenue": 0,
        "grossProfit": 232821000,
        "grossProfitRatio": 1,
        "researchAndDevelopmentExpenses": 0,
        "generalAndAdministrativeExpenses": 55250000,
        "sellingAndMarketingExpenses": 0,
        "sellingGeneralAndAdministrativeExpenses": 55250000,
        "otherExpenses": -346786000,
        "operatingExpenses": -291536000,
        "costAndExpenses": -291536000,
        "interestIncome": 0,
        "interestExpense": 204493000,
        "depreciationAndAmortization": 0,
        "ebitda": -58715000,
        "ebitdaratio": -0.2521894503,
        "operatingIncome": -58715000,
        "operatingIncomeRatio": -0.2521894503,
        "totalOtherIncomeExpensesNet": -219739000,
        "incomeBeforeTax": -278454000,
        "incomeBeforeTaxRatio": -1.1960003608,
        "incomeTaxExpense": -19471000,
        "netIncome": -243737000,
        "netIncomeRatio": -1.046885805,
        "eps": -7.24,
        "epsdiluted": -7.24,
        "weightedAverageShsOut": 33646900,
        "weightedAverageShsOutDil": 33646900,
        "link": "https://www.sec.gov/Archives/edgar/data/1015780/000095010901504683/0000950109-01-504683-index.htm",
        "finalLink": "https://www.sec.gov/Archives/edgar/data/1015780/000095010901504683/d10q.htm"
    },
    {
        "date": "2001-06-30",
        "symbol": "ETFC",
        "reportedCurrency": "USD",
        "cik": "0001015780",
        "fillingDate": "2001-08-14",
        "acceptedDate": "2001-08-14 00:00:00",
        "calendarYear": "2001",
        "period": "Q2",
        "revenue": 277067000,
        "costOfRevenue": 0,
        "grossProfit": 277067000,
        "grossProfitRatio": 1,
        "researchAndDevelopmentExpenses": 0,
        "generalAndAdministrativeExpenses": 150458000,
        "sellingAndMarketingExpenses": 0,
        "sellingGeneralAndAdministrativeExpenses": 150458000,
        "otherExpenses": -244199000,
        "operatingExpenses": -93741000,
        "costAndExpenses": -93741000,
        "interestIncome": 0,
        "interestExpense": 206176000,
        "depreciationAndAmortization": 0,
        "ebitda": 183326000,
        "ebitdaratio": 0.6616666727,
        "operatingIncome": 183326000,
        "operatingIncomeRatio": 0.6616666727,
        "totalOtherIncomeExpensesNet": -208287000,
        "incomeBeforeTax": -24961000,
        "incomeBeforeTaxRatio": -0.0900901226,
        "incomeTaxExpense": -12655000,
        "netIncome": -10195000,
        "netIncomeRatio": -0.036796154,
        "eps": -0.32,
        "epsdiluted": -0.32,
        "weightedAverageShsOut": 32155000,
        "weightedAverageShsOutDil": 32155000,
        "link": "https://www.sec.gov/Archives/edgar/data/1015780/000095010901502891/0000950109-01-502891-index.htm",
        "finalLink": "https://www.sec.gov/Archives/edgar/data/1015780/000095010901502891/d10q.htm"
    },
    {
        "date": "2001-03-31",
        "symbol": "ETFC",
        "reportedCurrency": "USD",
        "cik": "0001015780",
        "fillingDate": "2001-05-15",
        "acceptedDate": "2001-05-15 00:00:00",
        "calendarYear": "2001",
        "period": "Q1",
        "revenue": 320036000,
        "costOfRevenue": 0,
        "grossProfit": 320036000,
        "grossProfitRatio": 1,
        "researchAndDevelopmentExpenses": 0,
        "generalAndAdministrativeExpenses": 60242000,
        "sellingAndMarketingExpenses": 0,
        "sellingGeneralAndAdministrativeExpenses": 60242000,
        "otherExpenses": -172394000,
        "operatingExpenses": -112152000,
        "costAndExpenses": -112152000,
        "interestIncome": 0,
        "interestExpense": 230329000,
        "depreciationAndAmortization": 0,
        "ebitda": 207884000,
        "ebitdaratio": 0.649564424,
        "operatingIncome": 207884000,
        "operatingIncomeRatio": 0.649564424,
        "totalOtherIncomeExpensesNet": -228292000,
        "incomeBeforeTax": -20408000,
        "incomeBeforeTaxRatio": -0.0637678261,
        "incomeTaxExpense": -13242000,
        "netIncome": -9203000,
        "netIncomeRatio": -0.0287561399,
        "eps": -0.29,
        "epsdiluted": -0.29,
        "weightedAverageShsOut": 31724200,
        "weightedAverageShsOutDil": 31724200,
        "link": "https://www.sec.gov/Archives/edgar/data/1015780/000102140801501039/0001021408-01-501039-index.htm",
        "finalLink": "https://www.sec.gov/Archives/edgar/data/1015780/000102140801501039/d10q.htm"
    },
    {
        "date": "1999-09-30",
        "symbol": "ETFC",
        "reportedCurrency": "USD",
        "cik": "0001015780",
        "fillingDate": "1999-10-22",
        "acceptedDate": "1999-10-22 00:00:00",
        "calendarYear": "1999",
        "period": "Q3",
        "revenue": 257700000,
        "costOfRevenue": 0,
        "grossProfit": 257700000,
        "grossProfitRatio": 1,
        "researchAndDevelopmentExpenses": 0,
        "generalAndAdministrativeExpenses": 338800000,
        "sellingAndMarketingExpenses": 0,
        "sellingGeneralAndAdministrativeExpenses": 338800000,
        "otherExpenses": -634700000,
        "operatingExpenses": -295900000,
        "costAndExpenses": -295900000,
        "interestIncome": 0,
        "interestExpense": 0,
        "depreciationAndAmortization": 12200000,
        "ebitda": -26000000,
        "ebitdaratio": -0.1008925107,
        "operatingIncome": -38200000,
        "operatingIncomeRatio": -0.1482343811,
        "totalOtherIncomeExpensesNet": 0,
        "incomeBeforeTax": -38200000,
        "incomeBeforeTaxRatio": -0.1482343811,
        "incomeTaxExpense": -15900000,
        "netIncome": -22300000,
        "netIncomeRatio": -0.0865347303,
        "eps": -0.92,
        "epsdiluted": -0.92,
        "weightedAverageShsOut": 24200000,
        "weightedAverageShsOutDil": 24200000,
        "link": "https://www.sec.gov/Archives/edgar/data/1015780/000101287099003816/0001012870-99-003816-index.html",
        "finalLink": "https://www.sec.gov/Archives/edgar/data/1015780/0001012870-99-003816.txt"
    },
    {
        "date": "1999-06-30",
        "symbol": "ETFC",
        "reportedCurrency": "USD",
        "cik": "0001015780",
        "fillingDate": "1999-08-16",
        "acceptedDate": "1999-08-16 00:00:00",
        "calendarYear": "1999",
        "period": "Q2",
        "revenue": 156000000,
        "costOfRevenue": 0,
        "grossProfit": 156000000,
        "grossProfitRatio": 1,
        "researchAndDevelopmentExpenses": 0,
        "generalAndAdministrativeExpenses": 15400000,
        "sellingAndMarketingExpenses": 0,
        "sellingGeneralAndAdministrativeExpenses": 15400000,
        "otherExpenses": -186600000,
        "operatingExpenses": -171200000,
        "costAndExpenses": -171200000,
        "interestIncome": 0,
        "interestExpense": 24000000,
        "depreciationAndAmortization": 8200000,
        "ebitda": -7000000,
        "ebitdaratio": -0.0448717949,
        "operatingIncome": -15200000,
        "operatingIncomeRatio": -0.0974358974,
        "totalOtherIncomeExpensesNet": -24000000,
        "incomeBeforeTax": -39200000,
        "incomeBeforeTaxRatio": -0.2512820513,
        "incomeTaxExpense": -15000000,
        "netIncome": -24200000,
        "netIncomeRatio": -0.1551282051,
        "eps": -1,
        "epsdiluted": -1,
        "weightedAverageShsOut": 24200000,
        "weightedAverageShsOutDil": 24200000,
        "link": "https://www.sec.gov/Archives/edgar/data/1015780/000101287099002871/0001012870-99-002871-index.html",
        "finalLink": "https://www.sec.gov/Archives/edgar/data/1015780/0001012870-99-002871.txt"
    },
    {
        "date": "1999-03-31",
        "symbol": "ETFC",
        "reportedCurrency": "USD",
        "cik": "0001015780",
        "fillingDate": "1999-05-17",
        "acceptedDate": "1999-05-17 00:00:00",
        "calendarYear": "1999",
        "period": "Q1",
        "revenue": 158800000,
        "costOfRevenue": 0,
        "grossProfit": 158800000,
        "grossProfitRatio": 1,
        "researchAndDevelopmentExpenses": 0,
        "generalAndAdministrativeExpenses": 18100000,
        "sellingAndMarketingExpenses": 0,
        "sellingGeneralAndAdministrativeExpenses": 18100000,
        "otherExpenses": -151700000,
        "operatingExpenses": -133600000,
        "costAndExpenses": -133600000,
        "interestIncome": 0,
        "interestExpense": 16000000,
        "depreciationAndAmortization": 6800000,
        "ebitda": 32000000,
        "ebitdaratio": 0.201511335,
        "operatingIncome": 25200000,
        "operatingIncomeRatio": 0.1586901763,
        "totalOtherIncomeExpensesNet": -16000000,
        "incomeBeforeTax": 9200000,
        "incomeBeforeTaxRatio": 0.0579345088,
        "incomeTaxExpense": 3400000,
        "netIncome": 5800000,
        "netIncomeRatio": 0.0365239295,
        "eps": 0.3,
        "epsdiluted": 0.3,
        "weightedAverageShsOut": 19333333,
        "weightedAverageShsOutDil": 19333333,
        "link": "https://www.sec.gov/Archives/edgar/data/1015780/000101287099001625/0001012870-99-001625-index.html",
        "finalLink": "https://www.sec.gov/Archives/edgar/data/1015780/0001012870-99-001625.txt"
    },
    {
        "date": "1998-12-31",
        "symbol": "ETFC",
        "reportedCurrency": "USD",
        "cik": "0001015780",
        "fillingDate": "1999-02-16",
        "acceptedDate": "1999-02-16 00:00:00",
        "calendarYear": "1998",
        "period": "Q4",
        "revenue": 88100000,
        "costOfRevenue": 0,
        "grossProfit": 88100000,
        "grossProfitRatio": 1,
        "researchAndDevelopmentExpenses": 0,
        "generalAndAdministrativeExpenses": 14400000,
        "sellingAndMarketingExpenses": 0,
        "sellingGeneralAndAdministrativeExpenses": 14400000,
        "otherExpenses": -115900000,
        "operatingExpenses": -101500000,
        "costAndExpenses": -101500000,
        "interestIncome": 0,
        "interestExpense": 9400000,
        "depreciationAndAmortization": 5200000,
        "ebitda": -8200000,
        "ebitdaratio": -0.0930760499,
        "operatingIncome": -13400000,
        "operatingIncomeRatio": -0.1520998865,
        "totalOtherIncomeExpensesNet": -9400000,
        "incomeBeforeTax": -22800000,
        "incomeBeforeTaxRatio": -0.2587968218,
        "incomeTaxExpense": -9600000,
        "netIncome": -13200000,
        "netIncomeRatio": -0.1498297389,
        "eps": -0.6,
        "epsdiluted": -0.6,
        "weightedAverageShsOut": 22000000,
        "weightedAverageShsOutDil": 22000000,
        "link": "https://www.sec.gov/Archives/edgar/data/1015780/000101287099000541/0001012870-99-000541-index.html",
        "finalLink": "https://www.sec.gov/Archives/edgar/data/1015780/0001012870-99-000541.txt"
    },
    {
        "date": "1998-09-30",
        "symbol": "ETFC",
        "reportedCurrency": "USD",
        "cik": "0001015780",
        "fillingDate": "1998-12-29",
        "acceptedDate": "1998-12-29 00:00:00",
        "calendarYear": "1998",
        "period": "Q3",
        "revenue": 78500000,
        "costOfRevenue": 0,
        "grossProfit": 78500000,
        "grossProfitRatio": 1,
        "researchAndDevelopmentExpenses": 0,
        "generalAndAdministrativeExpenses": 16000000,
        "sellingAndMarketingExpenses": 0,
        "sellingGeneralAndAdministrativeExpenses": 16000000,
        "otherExpenses": -111100000,
        "operatingExpenses": -95100000,
        "costAndExpenses": -95100000,
        "interestIncome": 0,
        "interestExpense": 12500000,
        "depreciationAndAmortization": 6200000,
        "ebitda": -10400000,
        "ebitdaratio": -0.1324840764,
        "operatingIncome": -16600000,
        "operatingIncomeRatio": -0.2114649682,
        "totalOtherIncomeExpensesNet": -12500000,
        "incomeBeforeTax": -29100000,
        "incomeBeforeTaxRatio": -0.3707006369,
        "incomeTaxExpense": -10800000,
        "netIncome": -18300000,
        "netIncomeRatio": -0.2331210191,
        "eps": -1.39,
        "epsdiluted": -1.39,
        "weightedAverageShsOut": 13200000,
        "weightedAverageShsOutDil": 13200000,
        "link": "https://www.sec.gov/Archives/edgar/data/1015780/000101287098003267/0001012870-98-003267-index.html",
        "finalLink": "https://www.sec.gov/Archives/edgar/data/1015780/0001012870-98-003267.txt"
    },
    {
        "date": "1998-06-30",
        "symbol": "ETFC",
        "reportedCurrency": "USD",
        "cik": "0001015780",
        "fillingDate": "1998-08-14",
        "acceptedDate": "1998-08-14 00:00:00",
        "calendarYear": "1998",
        "period": "Q2",
        "revenue": 62300000,
        "costOfRevenue": 0,
        "grossProfit": 62300000,
        "grossProfitRatio": 1,
        "researchAndDevelopmentExpenses": 0,
        "generalAndAdministrativeExpenses": 6200000,
        "sellingAndMarketingExpenses": 0,
        "sellingGeneralAndAdministrativeExpenses": 6200000,
        "otherExpenses": -48300000,
        "operatingExpenses": -42100000,
        "costAndExpenses": -42100000,
        "interestIncome": 0,
        "interestExpense": 10000000,
        "depreciationAndAmortization": 2700000,
        "ebitda": 22900000,
        "ebitdaratio": 0.367576244,
        "operatingIncome": 20200000,
        "operatingIncomeRatio": 0.3242375602,
        "totalOtherIncomeExpensesNet": -10000000,
        "incomeBeforeTax": 10200000,
        "incomeBeforeTaxRatio": 0.1637239165,
        "incomeTaxExpense": 3600000,
        "netIncome": 6600000,
        "netIncomeRatio": 0.1059390048,
        "eps": 0.5,
        "epsdiluted": 0.4,
        "weightedAverageShsOut": 13200000,
        "weightedAverageShsOutDil": 16500000,
        "link": "https://www.sec.gov/Archives/edgar/data/1015780/000101287098002148/0001012870-98-002148-index.html",
        "finalLink": "https://www.sec.gov/Archives/edgar/data/1015780/0001012870-98-002148.txt"
    },
    {
        "date": "1998-03-31",
        "symbol": "ETFC",
        "reportedCurrency": "USD",
        "cik": "0001015780",
        "fillingDate": "1998-05-14",
        "acceptedDate": "1998-05-14 00:00:00",
        "calendarYear": "1998",
        "period": "Q1",
        "revenue": 53300000,
        "costOfRevenue": 0,
        "grossProfit": 53300000,
        "grossProfitRatio": 1,
        "researchAndDevelopmentExpenses": 0,
        "generalAndAdministrativeExpenses": 3900000,
        "sellingAndMarketingExpenses": 0,
        "sellingGeneralAndAdministrativeExpenses": 3900000,
        "otherExpenses": -39200000,
        "operatingExpenses": -35300000,
        "costAndExpenses": -35300000,
        "interestIncome": 0,
        "interestExpense": 8600000,
        "depreciationAndAmortization": 2000000,
        "ebitda": 20000000,
        "ebitdaratio": 0.3752345216,
        "operatingIncome": 18000000,
        "operatingIncomeRatio": 0.3377110694,
        "totalOtherIncomeExpensesNet": -8600000,
        "incomeBeforeTax": 9400000,
        "incomeBeforeTaxRatio": 0.1763602251,
        "incomeTaxExpense": 3300000,
        "netIncome": 6100000,
        "netIncomeRatio": 0.1144465291,
        "eps": 0.4,
        "epsdiluted": 0.4,
        "weightedAverageShsOut": 15250000,
        "weightedAverageShsOutDil": 15250000,
        "link": "https://www.sec.gov/Archives/edgar/data/1015780/000101287098001321/0001012870-98-001321-index.html",
        "finalLink": "https://www.sec.gov/Archives/edgar/data/1015780/0001012870-98-001321.txt"
    },
    {
        "date": "1997-12-31",
        "symbol": "ETFC",
        "reportedCurrency": "USD",
        "cik": "0001015780",
        "fillingDate": "1998-02-17",
        "acceptedDate": "1998-02-17 00:00:00",
        "calendarYear": "1997",
        "period": "Q4",
        "revenue": 51100000,
        "costOfRevenue": 0,
        "grossProfit": 51100000,
        "grossProfitRatio": 1,
        "researchAndDevelopmentExpenses": 0,
        "generalAndAdministrativeExpenses": 4800000,
        "sellingAndMarketingExpenses": 0,
        "sellingGeneralAndAdministrativeExpenses": 4800000,
        "otherExpenses": -39400000,
        "operatingExpenses": -34600000,
        "costAndExpenses": -34600000,
        "interestIncome": 0,
        "interestExpense": 8700000,
        "depreciationAndAmortization": 1600000,
        "ebitda": 18100000,
        "ebitdaratio": 0.3542074364,
        "operatingIncome": 16500000,
        "operatingIncomeRatio": 0.3228962818,
        "totalOtherIncomeExpensesNet": -8700000,
        "incomeBeforeTax": 7800000,
        "incomeBeforeTaxRatio": 0.1526418787,
        "incomeTaxExpense": 2900000,
        "netIncome": 4900000,
        "netIncomeRatio": 0.095890411,
        "eps": 0.4,
        "epsdiluted": 0.3,
        "weightedAverageShsOut": 12250000,
        "weightedAverageShsOutDil": 16333333,
        "link": "https://www.sec.gov/Archives/edgar/data/1015780/000089843098000621/0000898430-98-000621-index.html",
        "finalLink": "https://www.sec.gov/Archives/edgar/data/1015780/0000898430-98-000621.txt"
    },
    {
        "date": "1997-09-30",
        "symbol": "ETFC",
        "reportedCurrency": "USD",
        "cik": "0001015780",
        "fillingDate": "1997-12-23",
        "acceptedDate": "1997-12-23 00:00:00",
        "calendarYear": "1997",
        "period": "Q3",
        "revenue": 48500000,
        "costOfRevenue": 0,
        "grossProfit": 48500000,
        "grossProfitRatio": 1,
        "researchAndDevelopmentExpenses": 0,
        "generalAndAdministrativeExpenses": 3800000,
        "sellingAndMarketingExpenses": 0,
        "sellingGeneralAndAdministrativeExpenses": 3800000,
        "otherExpenses": -36300000,
        "operatingExpenses": -32500000,
        "costAndExpenses": -32500000,
        "interestIncome": 0,
        "interestExpense": 6800000,
        "depreciationAndAmortization": 1400000,
        "ebitda": 17400000,
        "ebitdaratio": 0.3587628866,
        "operatingIncome": 16000000,
        "operatingIncomeRatio": 0.3298969072,
        "totalOtherIncomeExpensesNet": -6800000,
        "incomeBeforeTax": 9200000,
        "incomeBeforeTaxRatio": 0.1896907216,
        "incomeTaxExpense": 3700000,
        "netIncome": 5500000,
        "netIncomeRatio": 0.1134020619,
        "eps": 0.53,
        "epsdiluted": 0.53,
        "weightedAverageShsOut": 10333333,
        "weightedAverageShsOutDil": 10333333,
        "link": "https://www.sec.gov/Archives/edgar/data/1015780/000101287097002529/0001012870-97-002529-index.html",
        "finalLink": "https://www.sec.gov/Archives/edgar/data/1015780/0001012870-97-002529.txt"
    },
    {
        "date": "1997-06-30",
        "symbol": "ETFC",
        "reportedCurrency": "USD",
        "cik": "0001015780",
        "fillingDate": "1997-07-24",
        "acceptedDate": "1997-07-24 00:00:00",
        "calendarYear": "1997",
        "period": "Q2",
        "revenue": 37100000,
        "costOfRevenue": 0,
        "grossProfit": 37100000,
        "grossProfitRatio": 1,
        "researchAndDevelopmentExpenses": 0,
        "generalAndAdministrativeExpenses": 2800000,
        "sellingAndMarketingExpenses": 0,
        "sellingGeneralAndAdministrativeExpenses": 2800000,
        "otherExpenses": -31400000,
        "operatingExpenses": -28600000,
        "costAndExpenses": -28600000,
        "interestIncome": 0,
        "interestExpense": 3300000,
        "depreciationAndAmortization": 900000,
        "ebitda": 9400000,
        "ebitdaratio": 0.2533692722,
        "operatingIncome": 8500000,
        "operatingIncomeRatio": 0.2291105121,
        "totalOtherIncomeExpensesNet": -3300000,
        "incomeBeforeTax": 5200000,
        "incomeBeforeTaxRatio": 0.1401617251,
        "incomeTaxExpense": 2100000,
        "netIncome": 3100000,
        "netIncomeRatio": 0.0835579515,
        "eps": 0.3,
        "epsdiluted": 0.3,
        "weightedAverageShsOut": 10333333,
        "weightedAverageShsOutDil": 10333333,
        "link": "https://www.sec.gov/Archives/edgar/data/1015780/000101578097000013/0001015780-97-000013-index.html",
        "finalLink": "https://www.sec.gov/Archives/edgar/data/1015780/0001015780-97-000013.txt"
    },
    {
        "date": "1997-03-31",
        "symbol": "ETFC",
        "reportedCurrency": "USD",
        "cik": "0001015780",
        "fillingDate": "1997-05-15",
        "acceptedDate": "1997-05-15 00:00:00",
        "calendarYear": "1997",
        "period": "Q1",
        "revenue": 32200000,
        "costOfRevenue": 0,
        "grossProfit": 32200000,
        "grossProfitRatio": 1,
        "researchAndDevelopmentExpenses": 0,
        "generalAndAdministrativeExpenses": 3800000,
        "sellingAndMarketingExpenses": 0,
        "sellingGeneralAndAdministrativeExpenses": 3800000,
        "otherExpenses": -28400000,
        "operatingExpenses": -24600000,
        "costAndExpenses": -24600000,
        "interestIncome": 0,
        "interestExpense": 2500000,
        "depreciationAndAmortization": 800000,
        "ebitda": 8400000,
        "ebitdaratio": 0.2608695652,
        "operatingIncome": 7600000,
        "operatingIncomeRatio": 0.2360248447,
        "totalOtherIncomeExpensesNet": -2500000,
        "incomeBeforeTax": 5100000,
        "incomeBeforeTaxRatio": 0.1583850932,
        "incomeTaxExpense": 2000000,
        "netIncome": 3100000,
        "netIncomeRatio": 0.0962732919,
        "eps": 0.3,
        "epsdiluted": 0.3,
        "weightedAverageShsOut": 10333333,
        "weightedAverageShsOutDil": 10333333,
        "link": "https://www.sec.gov/Archives/edgar/data/1015780/000101578097000009/0001015780-97-000009-index.html",
        "finalLink": "https://www.sec.gov/Archives/edgar/data/1015780/0001015780-97-000009.txt"
    },
    {
        "date": "1996-12-31",
        "symbol": "ETFC",
        "reportedCurrency": "USD",
        "cik": "0001015780",
        "fillingDate": "1997-02-14",
        "acceptedDate": "1997-02-14 00:00:00",
        "calendarYear": "1996",
        "period": "Q4",
        "revenue": 25100000,
        "costOfRevenue": 0,
        "grossProfit": 25100000,
        "grossProfitRatio": 1,
        "researchAndDevelopmentExpenses": 0,
        "generalAndAdministrativeExpenses": 3200000,
        "sellingAndMarketingExpenses": 0,
        "sellingGeneralAndAdministrativeExpenses": 3200000,
        "otherExpenses": -22100000,
        "operatingExpenses": -18900000,
        "costAndExpenses": -18900000,
        "interestIncome": 0,
        "interestExpense": 2300000,
        "depreciationAndAmortization": 500000,
        "ebitda": 6700000,
        "ebitdaratio": 0.2669322709,
        "operatingIncome": 6200000,
        "operatingIncomeRatio": 0.2470119522,
        "totalOtherIncomeExpensesNet": -2300000,
        "incomeBeforeTax": 3900000,
        "incomeBeforeTaxRatio": 0.1553784861,
        "incomeTaxExpense": 1600000,
        "netIncome": 2300000,
        "netIncomeRatio": 0.0916334661,
        "eps": 0.2,
        "epsdiluted": 0.2,
        "weightedAverageShsOut": 11500000,
        "weightedAverageShsOutDil": 11500000,
        "link": "https://www.sec.gov/Archives/edgar/data/1015780/000101578097000002/0001015780-97-000002-index.html",
        "finalLink": "https://www.sec.gov/Archives/edgar/data/1015780/0001015780-97-000002.txt"
    }
]