[
    {
        "date": "2018-06-30",
        "symbol": "EVHC",
        "reportedCurrency": "USD",
        "cik": "0000000000",
        "fillingDate": "2018-06-30",
        "acceptedDate": "2018-06-30 00:00:00",
        "calendarYear": "2018",
        "period": "Q2",
        "revenue": 2072800000,
        "costOfRevenue": 1540100000,
        "grossProfit": 532700000,
        "grossProfitRatio": 0.2569953686,
        "researchAndDevelopmentExpenses": 0,
        "generalAndAdministrativeExpenses": 52600000,
        "sellingAndMarketingExpenses": 0,
        "sellingGeneralAndAdministrativeExpenses": 52600000,
        "otherExpenses": 317700000,
        "operatingExpenses": 370300000,
        "costAndExpenses": 1910400000,
        "interestIncome": 0,
        "interestExpense": 0,
        "depreciationAndAmortization": 70300000,
        "ebitda": 232700000,
        "ebitdaratio": 0.1122636048,
        "operatingIncome": 2143100000,
        "operatingIncomeRatio": 1.0339154766,
        "totalOtherIncomeExpensesNet": -67000000,
        "incomeBeforeTax": -1877800000,
        "incomeBeforeTaxRatio": -0.9059243535,
        "incomeTaxExpense": -100800000,
        "netIncome": -1777000000,
        "netIncomeRatio": -0.8572944809,
        "eps": -14.71,
        "epsdiluted": -14.49,
        "weightedAverageShsOut": 120843000,
        "weightedAverageShsOutDil": 122630000,
        "link": null,
        "finalLink": null
    },
    {
        "date": "2018-03-31",
        "symbol": "EVHC",
        "reportedCurrency": "USD",
        "cik": "0000000000",
        "fillingDate": "2018-03-31",
        "acceptedDate": "2018-03-31 00:00:00",
        "calendarYear": "2018",
        "period": "Q1",
        "revenue": 2077000000,
        "costOfRevenue": 1593300000,
        "grossProfit": 483700000,
        "grossProfitRatio": 0.2328839673,
        "researchAndDevelopmentExpenses": 0,
        "generalAndAdministrativeExpenses": 47600000,
        "sellingAndMarketingExpenses": 0,
        "sellingGeneralAndAdministrativeExpenses": 47600000,
        "otherExpenses": 282800000,
        "operatingExpenses": 330400000,
        "costAndExpenses": 1923700000,
        "interestIncome": 0,
        "interestExpense": 63600000,
        "depreciationAndAmortization": 97600000,
        "ebitda": 253300000,
        "ebitdaratio": 0.1219547424,
        "operatingIncome": 157400000,
        "operatingIncomeRatio": 0.0757823784,
        "totalOtherIncomeExpensesNet": -63800000,
        "incomeBeforeTax": 93600000,
        "incomeBeforeTaxRatio": 0.0450649976,
        "incomeTaxExpense": 5500000,
        "netIncome": 88100000,
        "netIncomeRatio": 0.0424169475,
        "eps": 0.73,
        "epsdiluted": 0.72,
        "weightedAverageShsOut": 120552000,
        "weightedAverageShsOutDil": 122354000,
        "link": null,
        "finalLink": null
    },
    {
        "date": "2017-12-31",
        "symbol": "EVHC",
        "reportedCurrency": "USD",
        "cik": "0000000000",
        "fillingDate": "2017-12-31",
        "acceptedDate": "2017-12-31 00:00:00",
        "calendarYear": "2017",
        "period": "Q4",
        "revenue": 2003000000,
        "costOfRevenue": 1515600000,
        "grossProfit": 487400000,
        "grossProfitRatio": 0.2433349975,
        "researchAndDevelopmentExpenses": 0,
        "generalAndAdministrativeExpenses": 41900000,
        "sellingAndMarketingExpenses": 0,
        "sellingGeneralAndAdministrativeExpenses": 41900000,
        "otherExpenses": 299400000,
        "operatingExpenses": 341300000,
        "costAndExpenses": 1856900000,
        "interestIncome": 0,
        "interestExpense": 61200000,
        "depreciationAndAmortization": 109600000,
        "ebitda": 255700000,
        "ebitdaratio": 0.1276585122,
        "operatingIncome": 639700000,
        "operatingIncomeRatio": 0.3193709436,
        "totalOtherIncomeExpensesNet": -52700000,
        "incomeBeforeTax": -393600000,
        "incomeBeforeTaxRatio": -0.1965052421,
        "incomeTaxExpense": -577000000,
        "netIncome": 183400000,
        "netIncomeRatio": 0.091562656,
        "eps": 1.53,
        "epsdiluted": 1.5,
        "weightedAverageShsOut": 120223000,
        "weightedAverageShsOutDil": 122249000,
        "link": null,
        "finalLink": null
    },
    {
        "date": "2017-09-30",
        "symbol": "EVHC",
        "reportedCurrency": "USD",
        "cik": "0000000000",
        "fillingDate": "2017-09-30",
        "acceptedDate": "2017-09-30 00:00:00",
        "calendarYear": "2017",
        "period": "Q3",
        "revenue": 1990700000,
        "costOfRevenue": 1478200000,
        "grossProfit": 512500000,
        "grossProfitRatio": 0.2574471292,
        "researchAndDevelopmentExpenses": 0,
        "generalAndAdministrativeExpenses": 45200000,
        "sellingAndMarketingExpenses": 0,
        "sellingGeneralAndAdministrativeExpenses": 45200000,
        "otherExpenses": 290100000,
        "operatingExpenses": 335300000,
        "costAndExpenses": 1813500000,
        "interestIncome": 0,
        "interestExpense": 61400000,
        "depreciationAndAmortization": 114200000,
        "ebitda": 293100000,
        "ebitdaratio": 0.1472346411,
        "operatingIncome": 178900000,
        "operatingIncomeRatio": 0.0898678857,
        "totalOtherIncomeExpensesNet": -60400000,
        "incomeBeforeTax": 118500000,
        "incomeBeforeTaxRatio": 0.0595267996,
        "incomeTaxExpense": 27100000,
        "netIncome": 91400000,
        "netIncomeRatio": 0.0459134978,
        "eps": 0.76,
        "epsdiluted": 0.74,
        "weightedAverageShsOut": 119949000,
        "weightedAverageShsOutDil": 122700000,
        "link": null,
        "finalLink": null
    },
    {
        "date": "2017-06-30",
        "symbol": "EVHC",
        "reportedCurrency": "USD",
        "cik": "0000000000",
        "fillingDate": "2017-06-30",
        "acceptedDate": "2017-06-30 00:00:00",
        "calendarYear": "2017",
        "period": "Q2",
        "revenue": 1947000000,
        "costOfRevenue": 1420600000,
        "grossProfit": 526400000,
        "grossProfitRatio": 0.2703646636,
        "researchAndDevelopmentExpenses": 0,
        "generalAndAdministrativeExpenses": 42600000,
        "sellingAndMarketingExpenses": 0,
        "sellingGeneralAndAdministrativeExpenses": 42600000,
        "otherExpenses": 288400000,
        "operatingExpenses": 331000000,
        "costAndExpenses": 1751600000,
        "interestIncome": 0,
        "interestExpense": 56100000,
        "depreciationAndAmortization": 112200000,
        "ebitda": 301700000,
        "ebitdaratio": 0.1549563431,
        "operatingIncome": 195300000,
        "operatingIncomeRatio": 0.1003081664,
        "totalOtherIncomeExpensesNet": -55700000,
        "incomeBeforeTax": 139600000,
        "incomeBeforeTaxRatio": 0.0717000514,
        "incomeTaxExpense": 35600000,
        "netIncome": 104000000,
        "netIncomeRatio": 0.053415511,
        "eps": 0.89,
        "epsdiluted": 0.87,
        "weightedAverageShsOut": 116852000,
        "weightedAverageShsOutDil": 119581000,
        "link": null,
        "finalLink": null
    },
    {
        "date": "2017-03-31",
        "symbol": "EVHC",
        "reportedCurrency": "USD",
        "cik": "0000000000",
        "fillingDate": "2017-03-31",
        "acceptedDate": "2017-03-30 20:00:00",
        "calendarYear": "2017",
        "period": "Q1",
        "revenue": 1878600000,
        "costOfRevenue": 1402100000,
        "grossProfit": 476500000,
        "grossProfitRatio": 0.2536463324,
        "researchAndDevelopmentExpenses": 0,
        "generalAndAdministrativeExpenses": 48800000,
        "sellingAndMarketingExpenses": 0,
        "sellingGeneralAndAdministrativeExpenses": 48800000,
        "otherExpenses": 1100000,
        "operatingExpenses": 325500000,
        "costAndExpenses": 1727600000,
        "interestIncome": 0,
        "interestExpense": 52400000,
        "depreciationAndAmortization": 105500000,
        "ebitda": 256500000,
        "ebitdaratio": 0.1365378473,
        "operatingIncome": 155900000,
        "operatingIncomeRatio": 0.082987331,
        "totalOtherIncomeExpensesNet": -51300000,
        "incomeBeforeTax": 104600000,
        "incomeBeforeTaxRatio": 0.0556797615,
        "incomeTaxExpense": 17500000,
        "netIncome": -445200000,
        "netIncomeRatio": -0.2369849888,
        "eps": -3.82,
        "epsdiluted": -3.73,
        "weightedAverageShsOut": 116563000,
        "weightedAverageShsOutDil": 119475000,
        "link": null,
        "finalLink": null
    },
    {
        "date": "2016-12-31",
        "symbol": "EVHC",
        "reportedCurrency": "USD",
        "cik": "0000000000",
        "fillingDate": "2016-12-31",
        "acceptedDate": "2016-12-30 19:00:00",
        "calendarYear": "2016",
        "period": "Q4",
        "revenue": 1390600000,
        "costOfRevenue": 914500000,
        "grossProfit": 476100000,
        "grossProfitRatio": 0.3423701999,
        "researchAndDevelopmentExpenses": 0,
        "generalAndAdministrativeExpenses": 34500000,
        "sellingAndMarketingExpenses": 0,
        "sellingGeneralAndAdministrativeExpenses": 34500000,
        "otherExpenses": 1000000,
        "operatingExpenses": 345600000,
        "costAndExpenses": 1260100000,
        "interestIncome": 0,
        "interestExpense": 46800000,
        "depreciationAndAmortization": 59200000,
        "ebitda": 189700000,
        "ebitdaratio": 0.1364159356,
        "operatingIncome": -86500000,
        "operatingIncomeRatio": -0.0622033655,
        "totalOtherIncomeExpensesNet": -76100000,
        "incomeBeforeTax": -162600000,
        "incomeBeforeTaxRatio": -0.1169279448,
        "incomeTaxExpense": -84700000,
        "netIncome": -135500000,
        "netIncomeRatio": -0.097439954,
        "eps": -1.81,
        "epsdiluted": -1.81,
        "weightedAverageShsOut": 74846000,
        "weightedAverageShsOutDil": 74846000,
        "link": null,
        "finalLink": null
    },
    {
        "date": "2016-09-30",
        "symbol": "EVHC",
        "reportedCurrency": "USD",
        "cik": "0000000000",
        "fillingDate": "2016-09-30",
        "acceptedDate": "2016-09-29 20:00:00",
        "calendarYear": "2016",
        "period": "Q3",
        "revenue": 822216000,
        "costOfRevenue": 509233000,
        "grossProfit": 312983000,
        "grossProfitRatio": 0.3806578807,
        "researchAndDevelopmentExpenses": 0,
        "generalAndAdministrativeExpenses": 478187000,
        "sellingAndMarketingExpenses": 0,
        "sellingGeneralAndAdministrativeExpenses": 478187000,
        "otherExpenses": 0,
        "operatingExpenses": 163419000,
        "costAndExpenses": 672652000,
        "interestIncome": 0,
        "interestExpense": 32915000,
        "depreciationAndAmortization": 31585000,
        "ebitda": 181149000,
        "ebitdaratio": 0.2203180186,
        "operatingIncome": 158153000,
        "operatingIncomeRatio": 0.1923496989,
        "totalOtherIncomeExpensesNet": -32915000,
        "incomeBeforeTax": 125238000,
        "incomeBeforeTaxRatio": 0.1523176392,
        "incomeTaxExpense": 29658000,
        "netIncome": 39954000,
        "netIncomeRatio": 0.0485930704,
        "eps": 0.7,
        "epsdiluted": 0.69,
        "weightedAverageShsOut": 53757000,
        "weightedAverageShsOutDil": 54258000,
        "link": null,
        "finalLink": null
    },
    {
        "date": "2016-06-30",
        "symbol": "EVHC",
        "reportedCurrency": "USD",
        "cik": "0000000000",
        "fillingDate": "2016-06-30",
        "acceptedDate": "2016-06-29 20:00:00",
        "calendarYear": "2016",
        "period": "Q2",
        "revenue": 758499000,
        "costOfRevenue": 453714000,
        "grossProfit": 304785000,
        "grossProfitRatio": 0.4018265021,
        "researchAndDevelopmentExpenses": 0,
        "generalAndAdministrativeExpenses": 409146000,
        "sellingAndMarketingExpenses": 0,
        "sellingGeneralAndAdministrativeExpenses": 409146000,
        "otherExpenses": 0,
        "operatingExpenses": 146334000,
        "costAndExpenses": 600048000,
        "interestIncome": 0,
        "interestExpense": 31913000,
        "depreciationAndAmortization": 30054000,
        "ebitda": 188505000,
        "ebitdaratio": 0.2485237291,
        "operatingIncome": 168397000,
        "operatingIncomeRatio": 0.2220134766,
        "totalOtherIncomeExpensesNet": -31913000,
        "incomeBeforeTax": 136484000,
        "incomeBeforeTaxRatio": 0.1799395912,
        "incomeTaxExpense": 33365000,
        "netIncome": 46069000,
        "netIncomeRatio": 0.060737061,
        "eps": 0.82,
        "epsdiluted": 0.8,
        "weightedAverageShsOut": 53739000,
        "weightedAverageShsOutDil": 57327000,
        "link": null,
        "finalLink": null
    },
    {
        "date": "2016-03-31",
        "symbol": "EVHC",
        "reportedCurrency": "USD",
        "cik": "0000000000",
        "fillingDate": "2016-03-31",
        "acceptedDate": "2016-03-30 20:00:00",
        "calendarYear": "2016",
        "period": "Q1",
        "revenue": 724678000,
        "costOfRevenue": 456802000,
        "grossProfit": 267876000,
        "grossProfitRatio": 0.3696483128,
        "researchAndDevelopmentExpenses": 0,
        "generalAndAdministrativeExpenses": 411229000,
        "sellingAndMarketingExpenses": 0,
        "sellingGeneralAndAdministrativeExpenses": 411229000,
        "otherExpenses": 0,
        "operatingExpenses": 138144000,
        "costAndExpenses": 594946000,
        "interestIncome": 0,
        "interestExpense": 30810000,
        "depreciationAndAmortization": 29072000,
        "ebitda": 158804000,
        "ebitdaratio": 0.2191373272,
        "operatingIncome": 136311000,
        "operatingIncomeRatio": 0.1880987142,
        "totalOtherIncomeExpensesNet": -30810000,
        "incomeBeforeTax": 105501000,
        "incomeBeforeTaxRatio": 0.1455832797,
        "incomeTaxExpense": 20797000,
        "netIncome": 30863000,
        "netIncomeRatio": 0.0425885704,
        "eps": 0.53,
        "epsdiluted": 0.53,
        "weightedAverageShsOut": 53665000,
        "weightedAverageShsOutDil": 54001000,
        "link": null,
        "finalLink": null
    },
    {
        "date": "2015-12-31",
        "symbol": "EVHC",
        "reportedCurrency": "USD",
        "cik": "0000000000",
        "fillingDate": "2015-12-31",
        "acceptedDate": "2015-12-30 19:00:00",
        "calendarYear": "2015",
        "period": "Q4",
        "revenue": 704262000,
        "costOfRevenue": 414495000,
        "grossProfit": 289767000,
        "grossProfitRatio": 0.4114477283,
        "researchAndDevelopmentExpenses": 0,
        "generalAndAdministrativeExpenses": 367049000,
        "sellingAndMarketingExpenses": 0,
        "sellingGeneralAndAdministrativeExpenses": 367049000,
        "otherExpenses": 0,
        "operatingExpenses": 133091000,
        "costAndExpenses": 547586000,
        "interestIncome": 0,
        "interestExpense": 30915000,
        "depreciationAndAmortization": 26957000,
        "ebitda": 183633000,
        "ebitdaratio": 0.2607452908,
        "operatingIncome": 192093000,
        "operatingIncomeRatio": 0.2727578657,
        "totalOtherIncomeExpensesNet": -30915000,
        "incomeBeforeTax": 161178000,
        "incomeBeforeTaxRatio": 0.2288608501,
        "incomeTaxExpense": 36830000,
        "netIncome": 65573000,
        "netIncomeRatio": 0.0931088146,
        "eps": 1.28,
        "epsdiluted": 1.24,
        "weightedAverageShsOut": 49277000,
        "weightedAverageShsOutDil": 52888000,
        "link": null,
        "finalLink": null
    },
    {
        "date": "2015-09-30",
        "symbol": "EVHC",
        "reportedCurrency": "USD",
        "cik": "0000000000",
        "fillingDate": "2015-09-30",
        "acceptedDate": "2015-09-29 20:00:00",
        "calendarYear": "2015",
        "period": "Q3",
        "revenue": 650227000,
        "costOfRevenue": 373170000,
        "grossProfit": 277057000,
        "grossProfitRatio": 0.4260927338,
        "researchAndDevelopmentExpenses": 0,
        "generalAndAdministrativeExpenses": 329639000,
        "sellingAndMarketingExpenses": 0,
        "sellingGeneralAndAdministrativeExpenses": 329639000,
        "otherExpenses": 0,
        "operatingExpenses": 125065000,
        "costAndExpenses": 498235000,
        "interestIncome": 0,
        "interestExpense": 30242000,
        "depreciationAndAmortization": 24106000,
        "ebitda": 176098000,
        "ebitdaratio": 0.2708254194,
        "operatingIncome": 166039000,
        "operatingIncomeRatio": 0.2553554374,
        "totalOtherIncomeExpensesNet": -30242000,
        "incomeBeforeTax": 135797000,
        "incomeBeforeTaxRatio": 0.2088455263,
        "incomeTaxExpense": 37518000,
        "netIncome": 42661000,
        "netIncomeRatio": 0.0656093949,
        "eps": 0.85,
        "epsdiluted": 0.83,
        "weightedAverageShsOut": 47707000,
        "weightedAverageShsOutDil": 51275000,
        "link": null,
        "finalLink": null
    },
    {
        "date": "2015-06-30",
        "symbol": "EVHC",
        "reportedCurrency": "USD",
        "cik": "0000000000",
        "fillingDate": "2015-06-30",
        "acceptedDate": "2015-06-29 20:00:00",
        "calendarYear": "2015",
        "period": "Q2",
        "revenue": 641950000,
        "costOfRevenue": 366186000,
        "grossProfit": 275764000,
        "grossProfitRatio": 0.4295723966,
        "researchAndDevelopmentExpenses": 0,
        "generalAndAdministrativeExpenses": 322378000,
        "sellingAndMarketingExpenses": 0,
        "sellingGeneralAndAdministrativeExpenses": 322378000,
        "otherExpenses": 0,
        "operatingExpenses": 130596000,
        "costAndExpenses": 496782000,
        "interestIncome": 0,
        "interestExpense": 30182000,
        "depreciationAndAmortization": 23612000,
        "ebitda": 168780000,
        "ebitdaratio": 0.2629176727,
        "operatingIncome": 146122000,
        "operatingIncomeRatio": 0.2276220889,
        "totalOtherIncomeExpensesNet": -30182000,
        "incomeBeforeTax": 115940000,
        "incomeBeforeTaxRatio": 0.1806059662,
        "incomeTaxExpense": 25193000,
        "netIncome": 33675000,
        "netIncomeRatio": 0.0524573565,
        "eps": 0.66,
        "epsdiluted": 0.65,
        "weightedAverageShsOut": 47678000,
        "weightedAverageShsOutDil": 48099000,
        "link": null,
        "finalLink": null
    },
    {
        "date": "2015-03-31",
        "symbol": "EVHC",
        "reportedCurrency": "USD",
        "cik": "0000000000",
        "fillingDate": "2015-03-31",
        "acceptedDate": "2015-03-30 20:00:00",
        "calendarYear": "2015",
        "period": "Q1",
        "revenue": 570445000,
        "costOfRevenue": 344763000,
        "grossProfit": 225682000,
        "grossProfitRatio": 0.3956244686,
        "researchAndDevelopmentExpenses": 0,
        "generalAndAdministrativeExpenses": 303650000,
        "sellingAndMarketingExpenses": 0,
        "sellingGeneralAndAdministrativeExpenses": 303650000,
        "otherExpenses": 0,
        "operatingExpenses": 114859000,
        "costAndExpenses": 459622000,
        "interestIncome": 0,
        "interestExpense": 30247000,
        "depreciationAndAmortization": 22818000,
        "ebitda": 133641000,
        "ebitdaratio": 0.2342749958,
        "operatingIncome": 113251000,
        "operatingIncomeRatio": 0.1985309714,
        "totalOtherIncomeExpensesNet": -30247000,
        "incomeBeforeTax": 83004000,
        "incomeBeforeTaxRatio": 0.1455074547,
        "incomeTaxExpense": 14249000,
        "netIncome": 21038000,
        "netIncomeRatio": 0.0368799797,
        "eps": 0.39,
        "epsdiluted": 0.39,
        "weightedAverageShsOut": 47572000,
        "weightedAverageShsOutDil": 47905000,
        "link": null,
        "finalLink": null
    },
    {
        "date": "2014-12-31",
        "symbol": "EVHC",
        "reportedCurrency": "USD",
        "cik": "0000000000",
        "fillingDate": "2014-12-31",
        "acceptedDate": "2014-12-30 19:00:00",
        "calendarYear": "2014",
        "period": "Q4",
        "revenue": 581811000,
        "costOfRevenue": 331769000,
        "grossProfit": 250042000,
        "grossProfitRatio": 0.4297649924,
        "researchAndDevelopmentExpenses": 0,
        "generalAndAdministrativeExpenses": 293246000,
        "sellingAndMarketingExpenses": 0,
        "sellingGeneralAndAdministrativeExpenses": 293246000,
        "otherExpenses": 0,
        "operatingExpenses": 121705000,
        "costAndExpenses": 453474000,
        "interestIncome": 0,
        "interestExpense": 30379000,
        "depreciationAndAmortization": 22811000,
        "ebitda": 151148000,
        "ebitdaratio": 0.2597888318,
        "operatingIncome": 131914000,
        "operatingIncomeRatio": 0.2267299862,
        "totalOtherIncomeExpensesNet": -30379000,
        "incomeBeforeTax": 101535000,
        "incomeBeforeTaxRatio": 0.1745154354,
        "incomeTaxExpense": 22301000,
        "netIncome": 27379000,
        "netIncomeRatio": 0.0470582371,
        "eps": 0.53,
        "epsdiluted": 0.53,
        "weightedAverageShsOut": 47384000,
        "weightedAverageShsOutDil": 47828000,
        "link": null,
        "finalLink": null
    },
    {
        "date": "2014-09-30",
        "symbol": "EVHC",
        "reportedCurrency": "USD",
        "cik": "0000000000",
        "fillingDate": "2014-09-30",
        "acceptedDate": "2014-09-29 20:00:00",
        "calendarYear": "2014",
        "period": "Q3",
        "revenue": 503233000,
        "costOfRevenue": 282826000,
        "grossProfit": 220407000,
        "grossProfitRatio": 0.4379820083,
        "researchAndDevelopmentExpenses": 0,
        "generalAndAdministrativeExpenses": 265687000,
        "sellingAndMarketingExpenses": 0,
        "sellingGeneralAndAdministrativeExpenses": 265687000,
        "otherExpenses": 0,
        "operatingExpenses": 127500000,
        "costAndExpenses": 410326000,
        "interestIncome": 0,
        "interestExpense": 39055000,
        "depreciationAndAmortization": 20866000,
        "ebitda": 113773000,
        "ebitdaratio": 0.22608414,
        "operatingIncome": 95065000,
        "operatingIncomeRatio": 0.1889085175,
        "totalOtherIncomeExpensesNet": -55942000,
        "incomeBeforeTax": 39123000,
        "incomeBeforeTaxRatio": 0.0777433117,
        "incomeTaxExpense": 18000,
        "netIncome": -9834000,
        "netIncomeRatio": -0.0195416437,
        "eps": -0.21,
        "epsdiluted": -0.21,
        "weightedAverageShsOut": 46320000,
        "weightedAverageShsOutDil": 46320000,
        "link": null,
        "finalLink": null
    },
    {
        "date": "2014-06-30",
        "symbol": "EVHC",
        "reportedCurrency": "USD",
        "cik": "0000000000",
        "fillingDate": "2014-06-30",
        "acceptedDate": "2014-06-29 20:00:00",
        "calendarYear": "2014",
        "period": "Q2",
        "revenue": 281105000,
        "costOfRevenue": 126149000,
        "grossProfit": 154956000,
        "grossProfitRatio": 0.5512388609,
        "researchAndDevelopmentExpenses": 0,
        "generalAndAdministrativeExpenses": 84866000,
        "sellingAndMarketingExpenses": 0,
        "sellingGeneralAndAdministrativeExpenses": 84866000,
        "otherExpenses": 0,
        "operatingExpenses": 68881000,
        "costAndExpenses": 195030000,
        "interestIncome": 0,
        "interestExpense": 6894000,
        "depreciationAndAmortization": 8550000,
        "ebitda": 94625000,
        "ebitdaratio": 0.3366179897,
        "operatingIncome": 87980000,
        "operatingIncomeRatio": 0.3129791359,
        "totalOtherIncomeExpensesNet": -6894000,
        "incomeBeforeTax": 81086000,
        "incomeBeforeTaxRatio": 0.2884544921,
        "incomeTaxExpense": 12921000,
        "netIncome": 18961000,
        "netIncomeRatio": 0.067451664,
        "eps": 0.6,
        "epsdiluted": 0.59,
        "weightedAverageShsOut": 31825000,
        "weightedAverageShsOutDil": 32233000,
        "link": null,
        "finalLink": null
    },
    {
        "date": "2014-03-31",
        "symbol": "EVHC",
        "reportedCurrency": "USD",
        "cik": "0000000000",
        "fillingDate": "2014-03-31",
        "acceptedDate": "2014-03-30 20:00:00",
        "calendarYear": "2014",
        "period": "Q1",
        "revenue": 263107000,
        "costOfRevenue": 121914000,
        "grossProfit": 141193000,
        "grossProfitRatio": 0.5366371856,
        "researchAndDevelopmentExpenses": 0,
        "generalAndAdministrativeExpenses": 83194000,
        "sellingAndMarketingExpenses": 0,
        "sellingGeneralAndAdministrativeExpenses": 83194000,
        "otherExpenses": 0,
        "operatingExpenses": 63643000,
        "costAndExpenses": 185557000,
        "interestIncome": 0,
        "interestExpense": 6963000,
        "depreciationAndAmortization": 8374000,
        "ebitda": 85924000,
        "ebitdaratio": 0.3265743595,
        "operatingIncome": 80359000,
        "operatingIncomeRatio": 0.3054232689,
        "totalOtherIncomeExpensesNet": -6963000,
        "incomeBeforeTax": 73396000,
        "incomeBeforeTaxRatio": 0.2789587506,
        "incomeTaxExpense": 13057000,
        "netIncome": 17195000,
        "netIncomeRatio": 0.0653536394,
        "eps": 0.54,
        "epsdiluted": 0.54,
        "weightedAverageShsOut": 31716000,
        "weightedAverageShsOutDil": 32120000,
        "link": null,
        "finalLink": null
    },
    {
        "date": "2013-12-31",
        "symbol": "EVHC",
        "reportedCurrency": "USD",
        "cik": "0000000000",
        "fillingDate": "2013-12-31",
        "acceptedDate": "2013-12-30 19:00:00",
        "calendarYear": "2013",
        "period": "Q4",
        "revenue": 284570000,
        "costOfRevenue": 128797000,
        "grossProfit": 155773000,
        "grossProfitRatio": 0.5473978283,
        "researchAndDevelopmentExpenses": 0,
        "generalAndAdministrativeExpenses": 86080000,
        "sellingAndMarketingExpenses": 0,
        "sellingGeneralAndAdministrativeExpenses": 86080000,
        "otherExpenses": 0,
        "operatingExpenses": 67899000,
        "costAndExpenses": 196696000,
        "interestIncome": 0,
        "interestExpense": 7188000,
        "depreciationAndAmortization": 8489000,
        "ebitda": 96363000,
        "ebitdaratio": 0.3386266999,
        "operatingIncome": 88832000,
        "operatingIncomeRatio": 0.3121622096,
        "totalOtherIncomeExpensesNet": -7188000,
        "incomeBeforeTax": 81644000,
        "incomeBeforeTaxRatio": 0.2869030467,
        "incomeTaxExpense": 13276000,
        "netIncome": 19558000,
        "netIncomeRatio": 0.0687282567,
        "eps": 0.62,
        "epsdiluted": 0.61,
        "weightedAverageShsOut": 31549000,
        "weightedAverageShsOutDil": 32082000,
        "link": null,
        "finalLink": null
    },
    {
        "date": "2013-09-30",
        "symbol": "EVHC",
        "reportedCurrency": "USD",
        "cik": "0000000000",
        "fillingDate": "2013-09-30",
        "acceptedDate": "2013-09-29 20:00:00",
        "calendarYear": "2013",
        "period": "Q3",
        "revenue": 268233000,
        "costOfRevenue": 123275000,
        "grossProfit": 144958000,
        "grossProfitRatio": 0.5404182185,
        "researchAndDevelopmentExpenses": 0,
        "generalAndAdministrativeExpenses": 84918000,
        "sellingAndMarketingExpenses": 0,
        "sellingGeneralAndAdministrativeExpenses": 84918000,
        "otherExpenses": 0,
        "operatingExpenses": 64789000,
        "costAndExpenses": 188064000,
        "interestIncome": 0,
        "interestExpense": 7295000,
        "depreciationAndAmortization": 8398000,
        "ebitda": 88567000,
        "ebitdaratio": 0.3301868152,
        "operatingIncome": 81264000,
        "operatingIncomeRatio": 0.3029604858,
        "totalOtherIncomeExpensesNet": -7295000,
        "incomeBeforeTax": 73969000,
        "incomeBeforeTaxRatio": 0.2757639813,
        "incomeTaxExpense": 11424000,
        "netIncome": 16771000,
        "netIncomeRatio": 0.0625239997,
        "eps": 0.53,
        "epsdiluted": 0.52,
        "weightedAverageShsOut": 31376000,
        "weightedAverageShsOutDil": 31991000,
        "link": null,
        "finalLink": null
    },
    {
        "date": "2013-06-30",
        "symbol": "EVHC",
        "reportedCurrency": "USD",
        "cik": "0000000000",
        "fillingDate": "2013-06-30",
        "acceptedDate": "2013-06-29 20:00:00",
        "calendarYear": "2013",
        "period": "Q2",
        "revenue": 269342000,
        "costOfRevenue": 121235000,
        "grossProfit": 148107000,
        "grossProfitRatio": 0.5498845334,
        "researchAndDevelopmentExpenses": 0,
        "generalAndAdministrativeExpenses": 81719000,
        "sellingAndMarketingExpenses": 0,
        "sellingGeneralAndAdministrativeExpenses": 81719000,
        "otherExpenses": 0,
        "operatingExpenses": 62637000,
        "costAndExpenses": 183872000,
        "interestIncome": 0,
        "interestExpense": 7513000,
        "depreciationAndAmortization": 8187000,
        "ebitda": 93657000,
        "ebitdaratio": 0.347725197,
        "operatingIncome": 86166000,
        "operatingIncomeRatio": 0.3199129731,
        "totalOtherIncomeExpensesNet": -7513000,
        "incomeBeforeTax": 78653000,
        "incomeBeforeTaxRatio": 0.2920190687,
        "incomeTaxExpense": 12817000,
        "netIncome": 18563000,
        "netIncomeRatio": 0.068919812,
        "eps": 0.59,
        "epsdiluted": 0.58,
        "weightedAverageShsOut": 31208000,
        "weightedAverageShsOutDil": 31862000,
        "link": null,
        "finalLink": null
    },
    {
        "date": "2013-03-31",
        "symbol": "EVHC",
        "reportedCurrency": "USD",
        "cik": "0000000000",
        "fillingDate": "2013-03-31",
        "acceptedDate": "2013-03-30 20:00:00",
        "calendarYear": "2013",
        "period": "Q1",
        "revenue": 260061000,
        "costOfRevenue": 119225000,
        "grossProfit": 140836000,
        "grossProfitRatio": 0.5415498671,
        "researchAndDevelopmentExpenses": 0,
        "generalAndAdministrativeExpenses": 81581000,
        "sellingAndMarketingExpenses": 0,
        "sellingGeneralAndAdministrativeExpenses": 81581000,
        "otherExpenses": 0,
        "operatingExpenses": 61343000,
        "costAndExpenses": 180568000,
        "interestIncome": 0,
        "interestExpense": 7544000,
        "depreciationAndAmortization": 8082000,
        "ebitda": 87575000,
        "ebitdaratio": 0.3367479168,
        "operatingIncome": 82132000,
        "operatingIncomeRatio": 0.3158182119,
        "totalOtherIncomeExpensesNet": -7544000,
        "incomeBeforeTax": 74588000,
        "incomeBeforeTaxRatio": 0.2868096331,
        "incomeTaxExpense": 12315000,
        "netIncome": 17811000,
        "netIncomeRatio": 0.0684877779,
        "eps": 0.57,
        "epsdiluted": 0.56,
        "weightedAverageShsOut": 31217000,
        "weightedAverageShsOutDil": 31881000,
        "link": null,
        "finalLink": null
    },
    {
        "date": "2012-12-31",
        "symbol": "EVHC",
        "reportedCurrency": "USD",
        "cik": "0000000000",
        "fillingDate": "2012-12-31",
        "acceptedDate": "2012-12-30 19:00:00",
        "calendarYear": "2012",
        "period": "Q4",
        "revenue": 244160000,
        "costOfRevenue": 112098000,
        "grossProfit": 132062000,
        "grossProfitRatio": 0.5408830275,
        "researchAndDevelopmentExpenses": 0,
        "generalAndAdministrativeExpenses": 0,
        "sellingAndMarketingExpenses": 0,
        "sellingGeneralAndAdministrativeExpenses": 0,
        "otherExpenses": 59409000,
        "operatingExpenses": 59409000,
        "costAndExpenses": 171507000,
        "interestIncome": 0,
        "interestExpense": 5011000,
        "depreciationAndAmortization": 7709000,
        "ebitda": 40053000,
        "ebitdaratio": 0.1640440695,
        "operatingIncome": 73114000,
        "operatingIncomeRatio": 0.2994511796,
        "totalOtherIncomeExpensesNet": -5011000,
        "incomeBeforeTax": 68103000,
        "incomeBeforeTaxRatio": 0.2789277523,
        "incomeTaxExpense": 10519000,
        "netIncome": 16814000,
        "netIncomeRatio": 0.0688646789,
        "eps": 0.54,
        "epsdiluted": 0.53,
        "weightedAverageShsOut": 30912000,
        "weightedAverageShsOutDil": 31757000,
        "link": "",
        "finalLink": ""
    },
    {
        "date": "2012-09-30",
        "symbol": "EVHC",
        "reportedCurrency": "USD",
        "cik": "0000000000",
        "fillingDate": "2012-09-30",
        "acceptedDate": "2012-09-29 20:00:00",
        "calendarYear": "2012",
        "period": "Q3",
        "revenue": 226399000,
        "costOfRevenue": 31535000,
        "grossProfit": 194864000,
        "grossProfitRatio": 0.8607105155,
        "researchAndDevelopmentExpenses": 0,
        "generalAndAdministrativeExpenses": 72733000,
        "sellingAndMarketingExpenses": 0,
        "sellingGeneralAndAdministrativeExpenses": 72733000,
        "otherExpenses": 54974000,
        "operatingExpenses": 127707000,
        "costAndExpenses": 159242000,
        "interestIncome": 0,
        "interestExpense": 3537000,
        "depreciationAndAmortization": 7635000,
        "ebitda": 36856000,
        "ebitdaratio": 0.1627922385,
        "operatingIncome": 67549000,
        "operatingIncomeRatio": 0.2983626253,
        "totalOtherIncomeExpensesNet": -3537000,
        "incomeBeforeTax": 64012000,
        "incomeBeforeTaxRatio": 0.2827397648,
        "incomeTaxExpense": 10247000,
        "netIncome": 15437000,
        "netIncomeRatio": 0.0681849301,
        "eps": 0.5,
        "epsdiluted": 0.49,
        "weightedAverageShsOut": 30819000,
        "weightedAverageShsOutDil": 31697000,
        "link": "",
        "finalLink": ""
    },
    {
        "date": "2012-06-30",
        "symbol": "EVHC",
        "reportedCurrency": "USD",
        "cik": "0000000000",
        "fillingDate": "2012-06-30",
        "acceptedDate": "2012-06-29 20:00:00",
        "calendarYear": "2012",
        "period": "Q2",
        "revenue": 231581000,
        "costOfRevenue": 33169000,
        "grossProfit": 198412000,
        "grossProfitRatio": 0.8567714968,
        "researchAndDevelopmentExpenses": 0,
        "generalAndAdministrativeExpenses": 70957000,
        "sellingAndMarketingExpenses": 0,
        "sellingGeneralAndAdministrativeExpenses": 70957000,
        "otherExpenses": 56144000,
        "operatingExpenses": 127101000,
        "costAndExpenses": 160270000,
        "interestIncome": 0,
        "interestExpense": 4159000,
        "depreciationAndAmortization": 7463000,
        "ebitda": 38421000,
        "ebitdaratio": 0.1659073931,
        "operatingIncome": 71627000,
        "operatingIncomeRatio": 0.3092956676,
        "totalOtherIncomeExpensesNet": -4159000,
        "incomeBeforeTax": 67468000,
        "incomeBeforeTaxRatio": 0.2913365086,
        "incomeTaxExpense": 11263000,
        "netIncome": 15536000,
        "netIncomeRatio": 0.0670866781,
        "eps": 0.51,
        "epsdiluted": 0.49,
        "weightedAverageShsOut": 30743000,
        "weightedAverageShsOutDil": 31577000,
        "link": "",
        "finalLink": ""
    },
    {
        "date": "2012-03-31",
        "symbol": "EVHC",
        "reportedCurrency": "USD",
        "cik": "0000000000",
        "fillingDate": "2012-03-31",
        "acceptedDate": "2012-03-30 20:00:00",
        "calendarYear": "2012",
        "period": "Q1",
        "revenue": 230211000,
        "costOfRevenue": 32217000,
        "grossProfit": 197994000,
        "grossProfitRatio": 0.8600544718,
        "researchAndDevelopmentExpenses": 0,
        "generalAndAdministrativeExpenses": 72453000,
        "sellingAndMarketingExpenses": 0,
        "sellingGeneralAndAdministrativeExpenses": 72453000,
        "otherExpenses": 54784000,
        "operatingExpenses": 127237000,
        "costAndExpenses": 159454000,
        "interestIncome": 0,
        "interestExpense": 4269000,
        "depreciationAndAmortization": 7375000,
        "ebitda": 37361000,
        "ebitdaratio": 0.1622902468,
        "operatingIncome": 71152000,
        "operatingIncomeRatio": 0.3090729809,
        "totalOtherIncomeExpensesNet": -4269000,
        "incomeBeforeTax": 66883000,
        "incomeBeforeTaxRatio": 0.2905291233,
        "incomeTaxExpense": 10941000,
        "netIncome": 14776000,
        "netIncomeRatio": 0.0641845959,
        "eps": 0.48,
        "epsdiluted": 0.47,
        "weightedAverageShsOut": 30619000,
        "weightedAverageShsOutDil": 31401000,
        "link": "",
        "finalLink": ""
    },
    {
        "date": "2011-12-31",
        "symbol": "EVHC",
        "reportedCurrency": "USD",
        "cik": "0000000000",
        "fillingDate": "2011-12-31",
        "acceptedDate": "2011-12-30 19:00:00",
        "calendarYear": "2011",
        "period": "Q4",
        "revenue": 223336000,
        "costOfRevenue": 100692000,
        "grossProfit": 122644000,
        "grossProfitRatio": 0.5491456818,
        "researchAndDevelopmentExpenses": 0,
        "generalAndAdministrativeExpenses": 0,
        "sellingAndMarketingExpenses": 0,
        "sellingGeneralAndAdministrativeExpenses": 0,
        "otherExpenses": 57234000,
        "operatingExpenses": 57234000,
        "costAndExpenses": 157926000,
        "interestIncome": 0,
        "interestExpense": 4172000,
        "depreciationAndAmortization": 7514000,
        "ebitda": 35326000,
        "ebitdaratio": 0.1581742308,
        "operatingIncome": 65876000,
        "operatingIncomeRatio": 0.2949636422,
        "totalOtherIncomeExpensesNet": -4172000,
        "incomeBeforeTax": 61704000,
        "incomeBeforeTaxRatio": 0.2762832683,
        "incomeTaxExpense": 10092000,
        "netIncome": 13548000,
        "netIncomeRatio": 0.0606619622,
        "eps": 0.44,
        "epsdiluted": 0.43,
        "weightedAverageShsOut": 30619000,
        "weightedAverageShsOutDil": 31401000,
        "link": "",
        "finalLink": ""
    },
    {
        "date": "2011-09-30",
        "symbol": "EVHC",
        "reportedCurrency": "USD",
        "cik": "0000000000",
        "fillingDate": "2011-09-30",
        "acceptedDate": "2011-09-29 20:00:00",
        "calendarYear": "2011",
        "period": "Q3",
        "revenue": 195934000,
        "costOfRevenue": 25431000,
        "grossProfit": 170503000,
        "grossProfitRatio": 0.870206294,
        "researchAndDevelopmentExpenses": 0,
        "generalAndAdministrativeExpenses": 60841000,
        "sellingAndMarketingExpenses": 0,
        "sellingGeneralAndAdministrativeExpenses": 60841000,
        "otherExpenses": 49929000,
        "operatingExpenses": 110770000,
        "costAndExpenses": 136201000,
        "interestIncome": 0,
        "interestExpense": 3599000,
        "depreciationAndAmortization": 6559000,
        "ebitda": 31770000,
        "ebitdaratio": 0.1621464371,
        "operatingIncome": 59880000,
        "operatingIncomeRatio": 0.3056131146,
        "totalOtherIncomeExpensesNet": -3599000,
        "incomeBeforeTax": 56281000,
        "incomeBeforeTaxRatio": 0.2872446844,
        "incomeTaxExpense": 8486000,
        "netIncome": 13126000,
        "netIncomeRatio": 0.0669919463,
        "eps": 0.43,
        "epsdiluted": 0.42,
        "weightedAverageShsOut": 30436000,
        "weightedAverageShsOutDil": 31162000,
        "link": "",
        "finalLink": ""
    },
    {
        "date": "2011-06-30",
        "symbol": "EVHC",
        "reportedCurrency": "USD",
        "cik": "0000000000",
        "fillingDate": "2011-06-30",
        "acceptedDate": "2011-06-29 20:00:00",
        "calendarYear": "2011",
        "period": "Q2",
        "revenue": 188730000,
        "costOfRevenue": 24254000,
        "grossProfit": 164476000,
        "grossProfitRatio": 0.8714883696,
        "researchAndDevelopmentExpenses": 0,
        "generalAndAdministrativeExpenses": 57492000,
        "sellingAndMarketingExpenses": 0,
        "sellingGeneralAndAdministrativeExpenses": 57492000,
        "otherExpenses": 46824000,
        "operatingExpenses": 104316000,
        "costAndExpenses": 128570000,
        "interestIncome": 0,
        "interestExpense": 3633000,
        "depreciationAndAmortization": 6156000,
        "ebitda": 30368000,
        "ebitdaratio": 0.160907116,
        "operatingIncome": 60160000,
        "operatingIncomeRatio": 0.318762253,
        "totalOtherIncomeExpensesNet": -3633000,
        "incomeBeforeTax": 56527000,
        "incomeBeforeTaxRatio": 0.2995125311,
        "incomeTaxExpense": 8949000,
        "netIncome": 11630000,
        "netIncomeRatio": 0.0616224236,
        "eps": 0.38,
        "epsdiluted": 0.37,
        "weightedAverageShsOut": 30415000,
        "weightedAverageShsOutDil": 31335000,
        "link": "",
        "finalLink": ""
    },
    {
        "date": "2011-03-31",
        "symbol": "EVHC",
        "reportedCurrency": "USD",
        "cik": "0000000000",
        "fillingDate": "2011-03-31",
        "acceptedDate": "2011-03-30 20:00:00",
        "calendarYear": "2011",
        "period": "Q1",
        "revenue": 179415000,
        "costOfRevenue": 78746000,
        "grossProfit": 100669000,
        "grossProfitRatio": 0.5610957835,
        "researchAndDevelopmentExpenses": 0,
        "generalAndAdministrativeExpenses": 0,
        "sellingAndMarketingExpenses": 0,
        "sellingGeneralAndAdministrativeExpenses": 0,
        "otherExpenses": 44028000,
        "operatingExpenses": 44028000,
        "costAndExpenses": 122774000,
        "interestIncome": 0,
        "interestExpense": 3941000,
        "depreciationAndAmortization": 5946000,
        "ebitda": 29916000,
        "ebitdaratio": 0.1667419112,
        "operatingIncome": 56641000,
        "operatingIncomeRatio": 0.3156982415,
        "totalOtherIncomeExpensesNet": -3941000,
        "incomeBeforeTax": 52700000,
        "incomeBeforeTaxRatio": 0.2937324081,
        "incomeTaxExpense": 8336000,
        "netIncome": 11693000,
        "netIncomeRatio": 0.0651729231,
        "eps": 0.38,
        "epsdiluted": 0.38,
        "weightedAverageShsOut": 30420000,
        "weightedAverageShsOutDil": 31024000,
        "link": "",
        "finalLink": ""
    },
    {
        "date": "2010-12-31",
        "symbol": "EVHC",
        "reportedCurrency": "USD",
        "cik": "0000000000",
        "fillingDate": "2010-12-31",
        "acceptedDate": "2010-12-30 19:00:00",
        "calendarYear": "2010",
        "period": "Q4",
        "revenue": 177717000,
        "costOfRevenue": 78139000,
        "grossProfit": 99578000,
        "grossProfitRatio": 0.5603178087,
        "researchAndDevelopmentExpenses": 0,
        "generalAndAdministrativeExpenses": 0,
        "sellingAndMarketingExpenses": 0,
        "sellingGeneralAndAdministrativeExpenses": 0,
        "otherExpenses": 40811000,
        "operatingExpenses": 40811000,
        "costAndExpenses": 118950000,
        "interestIncome": 0,
        "interestExpense": 4292000,
        "depreciationAndAmortization": 6014000,
        "ebitda": 29532000,
        "ebitdaratio": 0.1661743108,
        "operatingIncome": 58767000,
        "operatingIncomeRatio": 0.3306774253,
        "totalOtherIncomeExpensesNet": -4292000,
        "incomeBeforeTax": 54475000,
        "incomeBeforeTaxRatio": 0.3065266688,
        "incomeTaxExpense": 8358000,
        "netIncome": 10868000,
        "netIncomeRatio": 0.0611534068,
        "eps": 0.36,
        "epsdiluted": 0.35,
        "weightedAverageShsOut": 30420000,
        "weightedAverageShsOutDil": 31024000,
        "link": "",
        "finalLink": ""
    },
    {
        "date": "2010-09-30",
        "symbol": "EVHC",
        "reportedCurrency": "USD",
        "cik": "0000000000",
        "fillingDate": "2010-09-30",
        "acceptedDate": "2010-09-29 20:00:00",
        "calendarYear": "2010",
        "period": "Q3",
        "revenue": 180275000,
        "costOfRevenue": 78300000,
        "grossProfit": 101975000,
        "grossProfitRatio": 0.5656635695,
        "researchAndDevelopmentExpenses": 0,
        "generalAndAdministrativeExpenses": 0,
        "sellingAndMarketingExpenses": 0,
        "sellingGeneralAndAdministrativeExpenses": 0,
        "otherExpenses": 44853000,
        "operatingExpenses": 44853000,
        "costAndExpenses": 123153000,
        "interestIncome": 0,
        "interestExpense": 4042000,
        "depreciationAndAmortization": 18884217,
        "ebitda": 43924217,
        "ebitdaratio": 0.2436511829,
        "operatingIncome": 57122000,
        "operatingIncomeRatio": 0.3168603522,
        "totalOtherIncomeExpensesNet": -4042000,
        "incomeBeforeTax": 53080000,
        "incomeBeforeTaxRatio": 0.2944390514,
        "incomeTaxExpense": 7880000,
        "netIncome": 13118000,
        "netIncomeRatio": 0.0727666066,
        "eps": 0.43,
        "epsdiluted": 0.43,
        "weightedAverageShsOut": 30251000,
        "weightedAverageShsOutDil": 30620000,
        "link": "",
        "finalLink": ""
    },
    {
        "date": "2010-06-30",
        "symbol": "EVHC",
        "reportedCurrency": "USD",
        "cik": "0000000000",
        "fillingDate": "2010-06-30",
        "acceptedDate": "2010-06-29 20:00:00",
        "calendarYear": "2010",
        "period": "Q2",
        "revenue": 179895,
        "costOfRevenue": 76008,
        "grossProfit": 103887,
        "grossProfitRatio": 0.5774868673,
        "researchAndDevelopmentExpenses": 0,
        "generalAndAdministrativeExpenses": 0,
        "sellingAndMarketingExpenses": 0,
        "sellingGeneralAndAdministrativeExpenses": 0,
        "otherExpenses": 44753,
        "operatingExpenses": 44753,
        "costAndExpenses": 120761,
        "interestIncome": 0,
        "interestExpense": 3166,
        "depreciationAndAmortization": 5986,
        "ebitda": 31656,
        "ebitdaratio": 0.1759693154,
        "operatingIncome": 59134,
        "operatingIncomeRatio": 0.328713972,
        "totalOtherIncomeExpensesNet": -3166,
        "incomeBeforeTax": 55968,
        "incomeBeforeTaxRatio": 0.311114817,
        "incomeTaxExpense": 9362,
        "netIncome": 13142,
        "netIncomeRatio": 0.0730537258,
        "eps": 0.0004,
        "epsdiluted": 0.0004,
        "weightedAverageShsOut": 30239000,
        "weightedAverageShsOutDil": 30655000,
        "link": "",
        "finalLink": ""
    },
    {
        "date": "2010-03-31",
        "symbol": "EVHC",
        "reportedCurrency": "USD",
        "cik": "0000000000",
        "fillingDate": "2010-03-31",
        "acceptedDate": "2010-03-30 20:00:00",
        "calendarYear": "2010",
        "period": "Q1",
        "revenue": 172522000,
        "costOfRevenue": 74891000,
        "grossProfit": 97631000,
        "grossProfitRatio": 0.5659046382,
        "researchAndDevelopmentExpenses": 0,
        "generalAndAdministrativeExpenses": 0,
        "sellingAndMarketingExpenses": 0,
        "sellingGeneralAndAdministrativeExpenses": 0,
        "otherExpenses": 43371000,
        "operatingExpenses": 43371000,
        "costAndExpenses": 118262000,
        "interestIncome": 0,
        "interestExpense": 1871000,
        "depreciationAndAmortization": 5797000,
        "ebitda": 29089000,
        "ebitdaratio": 0.1686103801,
        "operatingIncome": 54260000,
        "operatingIncomeRatio": 0.3145106131,
        "totalOtherIncomeExpensesNet": -1871000,
        "incomeBeforeTax": 52389000,
        "incomeBeforeTaxRatio": 0.3036656195,
        "incomeTaxExpense": 8724000,
        "netIncome": 12697000,
        "netIncomeRatio": 0.0735964109,
        "eps": 0.42,
        "epsdiluted": 0.41,
        "weightedAverageShsOut": 30212000,
        "weightedAverageShsOutDil": 30716000,
        "link": "",
        "finalLink": ""
    },
    {
        "date": "2009-12-31",
        "symbol": "EVHC",
        "reportedCurrency": "USD",
        "cik": "0000000000",
        "fillingDate": "2009-12-31",
        "acceptedDate": "2009-12-30 19:00:00",
        "calendarYear": "2009",
        "period": "Q4",
        "revenue": 168611000,
        "costOfRevenue": 71940000,
        "grossProfit": 96671000,
        "grossProfitRatio": 0.5733374454,
        "researchAndDevelopmentExpenses": 0,
        "generalAndAdministrativeExpenses": 0,
        "sellingAndMarketingExpenses": 0,
        "sellingGeneralAndAdministrativeExpenses": 0,
        "otherExpenses": 41367000,
        "operatingExpenses": 41367000,
        "costAndExpenses": 113307000,
        "interestIncome": 0,
        "interestExpense": 1803000,
        "depreciationAndAmortization": 5835000,
        "ebitda": 28619000,
        "ebitdaratio": 0.1697338845,
        "operatingIncome": 55304000,
        "operatingIncomeRatio": 0.3279975802,
        "totalOtherIncomeExpensesNet": -1803000,
        "incomeBeforeTax": 53501000,
        "incomeBeforeTaxRatio": 0.3173043277,
        "incomeTaxExpense": 8832000,
        "netIncome": 12149000,
        "netIncomeRatio": 0.0720534247,
        "eps": 0.4,
        "epsdiluted": 0.4,
        "weightedAverageShsOut": 30212000,
        "weightedAverageShsOutDil": 30716000,
        "link": "",
        "finalLink": ""
    },
    {
        "date": "2009-09-30",
        "symbol": "EVHC",
        "reportedCurrency": "USD",
        "cik": "0000000000",
        "fillingDate": "2009-09-30",
        "acceptedDate": "2009-09-29 20:00:00",
        "calendarYear": "2009",
        "period": "Q3",
        "revenue": 167873000,
        "costOfRevenue": 71693000,
        "grossProfit": 96180000,
        "grossProfitRatio": 0.5729331101,
        "researchAndDevelopmentExpenses": 0,
        "generalAndAdministrativeExpenses": 0,
        "sellingAndMarketingExpenses": 0,
        "sellingGeneralAndAdministrativeExpenses": 0,
        "otherExpenses": 39403000,
        "operatingExpenses": 39403000,
        "costAndExpenses": 111096000,
        "interestIncome": 0,
        "interestExpense": 1921000,
        "depreciationAndAmortization": 5743000,
        "ebitda": 30411000,
        "ebitdaratio": 0.1811548015,
        "operatingIncome": 56777000,
        "operatingIncomeRatio": 0.338214007,
        "totalOtherIncomeExpensesNet": -1921000,
        "incomeBeforeTax": 54856000,
        "incomeBeforeTaxRatio": 0.3267708327,
        "incomeTaxExpense": 8944000,
        "netIncome": 13803000,
        "netIncomeRatio": 0.0822228709,
        "eps": 0.46,
        "epsdiluted": 0.45,
        "weightedAverageShsOut": 30195000,
        "weightedAverageShsOutDil": 30528000,
        "link": "",
        "finalLink": ""
    },
    {
        "date": "2009-06-30",
        "symbol": "EVHC",
        "reportedCurrency": "USD",
        "cik": "0000000000",
        "fillingDate": "2009-06-30",
        "acceptedDate": "2009-06-29 20:00:00",
        "calendarYear": "2009",
        "period": "Q2",
        "revenue": 168844000,
        "costOfRevenue": 70355000,
        "grossProfit": 98489000,
        "grossProfitRatio": 0.5833135912,
        "researchAndDevelopmentExpenses": 0,
        "generalAndAdministrativeExpenses": 0,
        "sellingAndMarketingExpenses": 0,
        "sellingGeneralAndAdministrativeExpenses": 0,
        "otherExpenses": 40085000,
        "operatingExpenses": 40085000,
        "costAndExpenses": 110440000,
        "interestIncome": 0,
        "interestExpense": 2038000,
        "depreciationAndAmortization": 5702000,
        "ebitda": 30685000,
        "ebitdaratio": 0.1817358035,
        "operatingIncome": 58404000,
        "operatingIncomeRatio": 0.3459050958,
        "totalOtherIncomeExpensesNet": -2038000,
        "incomeBeforeTax": 56366000,
        "incomeBeforeTaxRatio": 0.3338347824,
        "incomeTaxExpense": 9365000,
        "netIncome": 13580000,
        "netIncomeRatio": 0.080429272,
        "eps": 0.44,
        "epsdiluted": 0.44,
        "weightedAverageShsOut": 30660000,
        "weightedAverageShsOutDil": 30828000,
        "link": "",
        "finalLink": ""
    },
    {
        "date": "2009-03-31",
        "symbol": "EVHC",
        "reportedCurrency": "USD",
        "cik": "0000000000",
        "fillingDate": "2009-03-31",
        "acceptedDate": "2009-03-30 20:00:00",
        "calendarYear": "2009",
        "period": "Q1",
        "revenue": 163533000,
        "costOfRevenue": 68919000,
        "grossProfit": 94614000,
        "grossProfitRatio": 0.5785621251,
        "researchAndDevelopmentExpenses": 0,
        "generalAndAdministrativeExpenses": 0,
        "sellingAndMarketingExpenses": 0,
        "sellingGeneralAndAdministrativeExpenses": 0,
        "otherExpenses": 39766000,
        "operatingExpenses": 39766000,
        "costAndExpenses": 108685000,
        "interestIncome": 0,
        "interestExpense": 2027000,
        "depreciationAndAmortization": 5659000,
        "ebitda": 28841000,
        "ebitdaratio": 0.1763619575,
        "operatingIncome": 54848000,
        "operatingIncomeRatio": 0.3353940795,
        "totalOtherIncomeExpensesNet": -2027000,
        "incomeBeforeTax": 52821000,
        "incomeBeforeTaxRatio": 0.3229990277,
        "incomeTaxExpense": 8539000,
        "netIncome": 12616000,
        "netIncomeRatio": 0.0771465087,
        "eps": 0.4,
        "epsdiluted": 0.4,
        "weightedAverageShsOut": 31244000,
        "weightedAverageShsOutDil": 31406000,
        "link": "",
        "finalLink": ""
    },
    {
        "date": "2008-12-31",
        "symbol": "EVHC",
        "reportedCurrency": "USD",
        "cik": "0000000000",
        "fillingDate": "2008-12-31",
        "acceptedDate": "2008-12-30 19:00:00",
        "calendarYear": "2008",
        "period": "Q4",
        "revenue": 153146000,
        "costOfRevenue": 61964000,
        "grossProfit": 91182000,
        "grossProfitRatio": 0.5953926319,
        "researchAndDevelopmentExpenses": 0,
        "generalAndAdministrativeExpenses": 0,
        "sellingAndMarketingExpenses": 0,
        "sellingGeneralAndAdministrativeExpenses": 0,
        "otherExpenses": 38291000,
        "operatingExpenses": 38291000,
        "costAndExpenses": 100255000,
        "interestIncome": 0,
        "interestExpense": 2561000,
        "depreciationAndAmortization": 5262000,
        "ebitda": 28129000,
        "ebitdaratio": 0.1836744022,
        "operatingIncome": 52891000,
        "operatingIncomeRatio": 0.3453632481,
        "totalOtherIncomeExpensesNet": -31435000,
        "incomeBeforeTax": 21456000,
        "incomeBeforeTaxRatio": 0.1401016024,
        "incomeTaxExpense": 8594000,
        "netIncome": 11712000,
        "netIncomeRatio": 0.0764760425,
        "eps": 0.37,
        "epsdiluted": 0.37,
        "weightedAverageShsOut": 31244000,
        "weightedAverageShsOutDil": 31406000,
        "link": "",
        "finalLink": ""
    },
    {
        "date": "2008-09-30",
        "symbol": "EVHC",
        "reportedCurrency": "USD",
        "cik": "0000000000",
        "fillingDate": "2008-09-30",
        "acceptedDate": "2008-09-29 20:00:00",
        "calendarYear": "2008",
        "period": "Q3",
        "revenue": 150884000,
        "costOfRevenue": 61641000,
        "grossProfit": 89243000,
        "grossProfitRatio": 0.5914676175,
        "researchAndDevelopmentExpenses": 0,
        "generalAndAdministrativeExpenses": 0,
        "sellingAndMarketingExpenses": 0,
        "sellingGeneralAndAdministrativeExpenses": 31429000,
        "otherExpenses": 5266000,
        "operatingExpenses": 36695000,
        "costAndExpenses": 98336000,
        "interestIncome": 0,
        "interestExpense": 2331000,
        "depreciationAndAmortization": 5081000,
        "ebitda": 27636000,
        "ebitdaratio": 0.1831605737,
        "operatingIncome": 52548000,
        "operatingIncomeRatio": 0.3482675433,
        "totalOtherIncomeExpensesNet": -32125000,
        "incomeBeforeTax": 20423000,
        "incomeBeforeTaxRatio": 0.1353556374,
        "incomeTaxExpense": 7840000,
        "netIncome": 12384000,
        "netIncomeRatio": 0.082076297,
        "eps": 0.39,
        "epsdiluted": 0.38,
        "weightedAverageShsOut": 31719000,
        "weightedAverageShsOutDil": 32303000,
        "link": "",
        "finalLink": ""
    },
    {
        "date": "2008-06-30",
        "symbol": "EVHC",
        "reportedCurrency": "USD",
        "cik": "0000000000",
        "fillingDate": "2008-06-30",
        "acceptedDate": "2008-06-29 20:00:00",
        "calendarYear": "2008",
        "period": "Q2",
        "revenue": 152105000,
        "costOfRevenue": 61785000,
        "grossProfit": 90320000,
        "grossProfitRatio": 0.5938003353,
        "researchAndDevelopmentExpenses": 0,
        "generalAndAdministrativeExpenses": 0,
        "sellingAndMarketingExpenses": 0,
        "sellingGeneralAndAdministrativeExpenses": 30759000,
        "otherExpenses": 5303000,
        "operatingExpenses": 36062000,
        "costAndExpenses": 97847000,
        "interestIncome": 0,
        "interestExpense": 2509000,
        "depreciationAndAmortization": 5241000,
        "ebitda": 27316000,
        "ebitdaratio": 0.1795864699,
        "operatingIncome": 54258000,
        "operatingIncomeRatio": 0.356714112,
        "totalOtherIncomeExpensesNet": -33388000,
        "incomeBeforeTax": 20870000,
        "incomeBeforeTaxRatio": 0.1372078498,
        "incomeTaxExpense": 8322000,
        "netIncome": 11244000,
        "netIncomeRatio": 0.0739226192,
        "eps": 0.36,
        "epsdiluted": 0.35,
        "weightedAverageShsOut": 31479000,
        "weightedAverageShsOutDil": 31962000,
        "link": "",
        "finalLink": ""
    },
    {
        "date": "2008-03-31",
        "symbol": "EVHC",
        "reportedCurrency": "USD",
        "cik": "0000000000",
        "fillingDate": "2008-03-31",
        "acceptedDate": "2008-03-30 20:00:00",
        "calendarYear": "2008",
        "period": "Q1",
        "revenue": 147421000,
        "costOfRevenue": 60032000,
        "grossProfit": 87389000,
        "grossProfitRatio": 0.5927852884,
        "researchAndDevelopmentExpenses": 0,
        "generalAndAdministrativeExpenses": 0,
        "sellingAndMarketingExpenses": 0,
        "sellingGeneralAndAdministrativeExpenses": 30687000,
        "otherExpenses": 5292000,
        "operatingExpenses": 35979000,
        "costAndExpenses": 96011000,
        "interestIncome": 0,
        "interestExpense": 2823000,
        "depreciationAndAmortization": 5292000,
        "ebitda": 27631000,
        "ebitdaratio": 0.1874291994,
        "operatingIncome": 51410000,
        "operatingIncomeRatio": 0.3487291498,
        "totalOtherIncomeExpensesNet": -31922000,
        "incomeBeforeTax": 19488000,
        "incomeBeforeTaxRatio": 0.1321928355,
        "incomeTaxExpense": 7810000,
        "netIncome": 11706000,
        "netIncomeRatio": 0.0794052408,
        "eps": 0.37,
        "epsdiluted": 0.37,
        "weightedAverageShsOut": 31298000,
        "weightedAverageShsOutDil": 31790000,
        "link": "",
        "finalLink": ""
    },
    {
        "date": "2007-12-31",
        "symbol": "EVHC",
        "reportedCurrency": "USD",
        "cik": "0000000000",
        "fillingDate": "2007-12-31",
        "acceptedDate": "2007-12-30 19:00:00",
        "calendarYear": "2007",
        "period": "Q4",
        "revenue": 140887000,
        "costOfRevenue": 56580000,
        "grossProfit": 84307000,
        "grossProfitRatio": 0.5984015559,
        "researchAndDevelopmentExpenses": 0,
        "generalAndAdministrativeExpenses": 0,
        "sellingAndMarketingExpenses": 0,
        "sellingGeneralAndAdministrativeExpenses": 29546000,
        "otherExpenses": 5207000,
        "operatingExpenses": 34753000,
        "costAndExpenses": 91333000,
        "interestIncome": 0,
        "interestExpense": 3413000,
        "depreciationAndAmortization": 5207000,
        "ebitda": 28840000,
        "ebitdaratio": 0.2047030599,
        "operatingIncome": 49554000,
        "operatingIncomeRatio": 0.3517286904,
        "totalOtherIncomeExpensesNet": -30589000,
        "incomeBeforeTax": 18965000,
        "incomeBeforeTaxRatio": 0.1346114262,
        "incomeTaxExpense": 7504000,
        "netIncome": 12716000,
        "netIncomeRatio": 0.0902567306,
        "eps": 0.41,
        "epsdiluted": 0.4,
        "weightedAverageShsOut": 31298000,
        "weightedAverageShsOutDil": 31790000,
        "link": "",
        "finalLink": ""
    },
    {
        "date": "2007-09-30",
        "symbol": "EVHC",
        "reportedCurrency": "USD",
        "cik": "0000000000",
        "fillingDate": "2007-09-30",
        "acceptedDate": "2007-09-29 20:00:00",
        "calendarYear": "2007",
        "period": "Q3",
        "revenue": 132103000,
        "costOfRevenue": 54502000,
        "grossProfit": 77601000,
        "grossProfitRatio": 0.5874279918,
        "researchAndDevelopmentExpenses": 0,
        "generalAndAdministrativeExpenses": 0,
        "sellingAndMarketingExpenses": 0,
        "sellingGeneralAndAdministrativeExpenses": 26694000,
        "otherExpenses": 4874000,
        "operatingExpenses": 31568000,
        "costAndExpenses": 86070000,
        "interestIncome": 0,
        "interestExpense": 2215000,
        "depreciationAndAmortization": 4959000,
        "ebitda": 24080000,
        "ebitdaratio": 0.1822820072,
        "operatingIncome": 46033000,
        "operatingIncomeRatio": 0.3484629418,
        "totalOtherIncomeExpensesNet": -28218000,
        "incomeBeforeTax": 17815000,
        "incomeBeforeTaxRatio": 0.134856892,
        "incomeTaxExpense": 6916000,
        "netIncome": 9990000,
        "netIncomeRatio": 0.0756228095,
        "eps": 0.32,
        "epsdiluted": 0.32,
        "weightedAverageShsOut": 30778000,
        "weightedAverageShsOutDil": 31175000,
        "link": "",
        "finalLink": ""
    },
    {
        "date": "2007-06-30",
        "symbol": "EVHC",
        "reportedCurrency": "USD",
        "cik": "0000000000",
        "fillingDate": "2007-06-30",
        "acceptedDate": "2007-06-29 20:00:00",
        "calendarYear": "2007",
        "period": "Q2",
        "revenue": 131726000,
        "costOfRevenue": 53203000,
        "grossProfit": 78523000,
        "grossProfitRatio": 0.596108589,
        "researchAndDevelopmentExpenses": 0,
        "generalAndAdministrativeExpenses": 0,
        "sellingAndMarketingExpenses": 0,
        "sellingGeneralAndAdministrativeExpenses": 27968000,
        "otherExpenses": 4743000,
        "operatingExpenses": 32711000,
        "costAndExpenses": 85914000,
        "interestIncome": 0,
        "interestExpense": 2197000,
        "depreciationAndAmortization": 4621000,
        "ebitda": 24614000,
        "ebitdaratio": 0.186857568,
        "operatingIncome": 45812000,
        "operatingIncomeRatio": 0.3477825183,
        "totalOtherIncomeExpensesNet": -28195000,
        "incomeBeforeTax": 17617000,
        "incomeBeforeTaxRatio": 0.1337397325,
        "incomeTaxExpense": 6604000,
        "netIncome": 11192000,
        "netIncomeRatio": 0.084964244,
        "eps": 0.37,
        "epsdiluted": 0.36,
        "weightedAverageShsOut": 30541000,
        "weightedAverageShsOutDil": 31085000,
        "link": "",
        "finalLink": ""
    },
    {
        "date": "2007-03-31",
        "symbol": "EVHC",
        "reportedCurrency": "USD",
        "cik": "0000000000",
        "fillingDate": "2007-03-31",
        "acceptedDate": "2007-03-30 20:00:00",
        "calendarYear": "2007",
        "period": "Q1",
        "revenue": 127615000,
        "costOfRevenue": 53038000,
        "grossProfit": 74577000,
        "grossProfitRatio": 0.5843905497,
        "researchAndDevelopmentExpenses": 0,
        "generalAndAdministrativeExpenses": 0,
        "sellingAndMarketingExpenses": 0,
        "sellingGeneralAndAdministrativeExpenses": 24924000,
        "otherExpenses": 4706000,
        "operatingExpenses": 29630000,
        "costAndExpenses": 82668000,
        "interestIncome": 0,
        "interestExpense": 2487000,
        "depreciationAndAmortization": 4706000,
        "ebitda": 24244000,
        "ebitdaratio": 0.1899776672,
        "operatingIncome": 44947000,
        "operatingIncomeRatio": 0.3522078126,
        "totalOtherIncomeExpensesNet": -27896000,
        "incomeBeforeTax": 17051000,
        "incomeBeforeTaxRatio": 0.1336128198,
        "incomeTaxExpense": 6774000,
        "netIncome": 10277000,
        "netIncomeRatio": 0.0805312855,
        "eps": 0.34,
        "epsdiluted": 0.34,
        "weightedAverageShsOut": 30046000,
        "weightedAverageShsOutDil": 30505000,
        "link": "",
        "finalLink": ""
    },
    {
        "date": "2006-12-31",
        "symbol": "EVHC",
        "reportedCurrency": "USD",
        "cik": "0000000000",
        "fillingDate": "2006-12-31",
        "acceptedDate": "2006-12-30 19:00:00",
        "calendarYear": "2006",
        "period": "Q4",
        "revenue": 118918000,
        "costOfRevenue": 49178000,
        "grossProfit": 69740000,
        "grossProfitRatio": 0.5864545317,
        "researchAndDevelopmentExpenses": 0,
        "generalAndAdministrativeExpenses": 0,
        "sellingAndMarketingExpenses": 0,
        "sellingGeneralAndAdministrativeExpenses": 24402000,
        "otherExpenses": 4604000,
        "operatingExpenses": 29006000,
        "costAndExpenses": 78184000,
        "interestIncome": 0,
        "interestExpense": 2587000,
        "depreciationAndAmortization": 4604000,
        "ebitda": 22778000,
        "ebitdaratio": 0.1915437528,
        "operatingIncome": 40734000,
        "operatingIncomeRatio": 0.342538556,
        "totalOtherIncomeExpensesNet": -24740000,
        "incomeBeforeTax": 15994000,
        "incomeBeforeTaxRatio": 0.1344960393,
        "incomeTaxExpense": 6039000,
        "netIncome": 9548000,
        "netIncomeRatio": 0.0802906204,
        "eps": 0.32,
        "epsdiluted": 0.31,
        "weightedAverageShsOut": 30046000,
        "weightedAverageShsOutDil": 30505000,
        "link": "",
        "finalLink": ""
    },
    {
        "date": "2006-09-30",
        "symbol": "EVHC",
        "reportedCurrency": "USD",
        "cik": "0000000000",
        "fillingDate": "2006-09-30",
        "acceptedDate": "2006-09-29 20:00:00",
        "calendarYear": "2006",
        "period": "Q3",
        "revenue": 114188000,
        "costOfRevenue": 47099000,
        "grossProfit": 67089000,
        "grossProfitRatio": 0.5875310891,
        "researchAndDevelopmentExpenses": 0,
        "generalAndAdministrativeExpenses": 0,
        "sellingAndMarketingExpenses": 0,
        "sellingGeneralAndAdministrativeExpenses": 23199000,
        "otherExpenses": 4324000,
        "operatingExpenses": 27523000,
        "costAndExpenses": 74622000,
        "interestIncome": 0,
        "interestExpense": 1924000,
        "depreciationAndAmortization": 4257000,
        "ebitda": 21602000,
        "ebitdaratio": 0.1891792483,
        "operatingIncome": 39566000,
        "operatingIncomeRatio": 0.3464987564,
        "totalOtherIncomeExpensesNet": -24109000,
        "incomeBeforeTax": 15457000,
        "incomeBeforeTaxRatio": 0.1353644866,
        "incomeTaxExpense": 6059000,
        "netIncome": 9362000,
        "netIncomeRatio": 0.0819875994,
        "eps": 0.31,
        "epsdiluted": 0.31,
        "weightedAverageShsOut": 29875000,
        "weightedAverageShsOutDil": 30423000,
        "link": "",
        "finalLink": ""
    },
    {
        "date": "2006-06-30",
        "symbol": "EVHC",
        "reportedCurrency": "USD",
        "cik": "0000000000",
        "fillingDate": "2006-06-30",
        "acceptedDate": "2006-06-29 20:00:00",
        "calendarYear": "2006",
        "period": "Q2",
        "revenue": 119955000,
        "costOfRevenue": 49169000,
        "grossProfit": 70786000,
        "grossProfitRatio": 0.5901046226,
        "researchAndDevelopmentExpenses": 0,
        "generalAndAdministrativeExpenses": 0,
        "sellingAndMarketingExpenses": 0,
        "sellingGeneralAndAdministrativeExpenses": 23158000,
        "otherExpenses": 4329000,
        "operatingExpenses": 27487000,
        "costAndExpenses": 76656000,
        "interestIncome": 0,
        "interestExpense": 2049000,
        "depreciationAndAmortization": 4329000,
        "ebitda": 22997000,
        "ebitdaratio": 0.1917135593,
        "operatingIncome": 43299000,
        "operatingIncomeRatio": 0.3609603601,
        "totalOtherIncomeExpensesNet": -26680000,
        "incomeBeforeTax": 16619000,
        "incomeBeforeTaxRatio": 0.1385436205,
        "incomeTaxExpense": 6515000,
        "netIncome": 10104000,
        "netIncomeRatio": 0.0842315868,
        "eps": 0.34,
        "epsdiluted": 0.33,
        "weightedAverageShsOut": 29794000,
        "weightedAverageShsOutDil": 30472000,
        "link": "",
        "finalLink": ""
    },
    {
        "date": "2006-03-31",
        "symbol": "EVHC",
        "reportedCurrency": "USD",
        "cik": "0000000000",
        "fillingDate": "2006-03-31",
        "acceptedDate": "2006-03-30 19:00:00",
        "calendarYear": "2006",
        "period": "Q1",
        "revenue": 113634000,
        "costOfRevenue": 47860000,
        "grossProfit": 65774000,
        "grossProfitRatio": 0.5788232395,
        "researchAndDevelopmentExpenses": 0,
        "generalAndAdministrativeExpenses": 0,
        "sellingAndMarketingExpenses": 0,
        "sellingGeneralAndAdministrativeExpenses": 21818000,
        "otherExpenses": 4175000,
        "operatingExpenses": 25993000,
        "costAndExpenses": 73853000,
        "interestIncome": 0,
        "interestExpense": 1702000,
        "depreciationAndAmortization": 4175000,
        "ebitda": 20227000,
        "ebitdaratio": 0.1780013024,
        "operatingIncome": 39781000,
        "operatingIncomeRatio": 0.3500800817,
        "totalOtherIncomeExpensesNet": -25431000,
        "incomeBeforeTax": 14350000,
        "incomeBeforeTaxRatio": 0.1262826267,
        "incomeTaxExpense": 5625000,
        "netIncome": 8725000,
        "netIncomeRatio": 0.0767815971,
        "eps": 0.29,
        "epsdiluted": 0.29,
        "weightedAverageShsOut": 29693000,
        "weightedAverageShsOutDil": 30219000,
        "link": "",
        "finalLink": ""
    },
    {
        "date": "2005-12-31",
        "symbol": "EVHC",
        "reportedCurrency": "USD",
        "cik": "0000000000",
        "fillingDate": "2005-12-31",
        "acceptedDate": "2005-12-30 19:00:00",
        "calendarYear": "2005",
        "period": "Q4",
        "revenue": 102890000,
        "costOfRevenue": 42894000,
        "grossProfit": 59996000,
        "grossProfitRatio": 0.5831081738,
        "researchAndDevelopmentExpenses": 0,
        "generalAndAdministrativeExpenses": 0,
        "sellingAndMarketingExpenses": 0,
        "sellingGeneralAndAdministrativeExpenses": 20683000,
        "otherExpenses": 4039000,
        "operatingExpenses": 24722000,
        "costAndExpenses": 67616000,
        "interestIncome": 0,
        "interestExpense": 1803000,
        "depreciationAndAmortization": 4039000,
        "ebitda": 19752000,
        "ebitdaratio": 0.1919720089,
        "operatingIncome": 35274000,
        "operatingIncomeRatio": 0.3428321508,
        "totalOtherIncomeExpensesNet": -21364000,
        "incomeBeforeTax": 13910000,
        "incomeBeforeTaxRatio": 0.1351929245,
        "incomeTaxExpense": 5453000,
        "netIncome": 8457000,
        "netIncomeRatio": 0.0821945767,
        "eps": 0.28,
        "epsdiluted": 0.28,
        "weightedAverageShsOut": 29693000,
        "weightedAverageShsOutDil": 30219000,
        "link": "",
        "finalLink": ""
    },
    {
        "date": "2005-09-30",
        "symbol": "EVHC",
        "reportedCurrency": "USD",
        "cik": "0000000000",
        "fillingDate": "2005-09-30",
        "acceptedDate": "2005-09-29 20:00:00",
        "calendarYear": "2005",
        "period": "Q3",
        "revenue": 99431000,
        "costOfRevenue": 39943000,
        "grossProfit": 59488000,
        "grossProfitRatio": 0.5982842373,
        "researchAndDevelopmentExpenses": 0,
        "generalAndAdministrativeExpenses": 0,
        "sellingAndMarketingExpenses": 0,
        "sellingGeneralAndAdministrativeExpenses": 19810000,
        "otherExpenses": 3980000,
        "operatingExpenses": 23790000,
        "costAndExpenses": 63733000,
        "interestIncome": 0,
        "interestExpense": 1099000,
        "depreciationAndAmortization": 3748000,
        "ebitda": 19127000,
        "ebitdaratio": 0.1923645543,
        "operatingIncome": 35698000,
        "operatingIncomeRatio": 0.35902284,
        "totalOtherIncomeExpensesNet": -20596000,
        "incomeBeforeTax": 15102000,
        "incomeBeforeTaxRatio": 0.1518842212,
        "incomeTaxExpense": 5919000,
        "netIncome": 8361000,
        "netIncomeRatio": 0.0840884634,
        "eps": 0.28,
        "epsdiluted": 0.28,
        "weightedAverageShsOut": 29625000,
        "weightedAverageShsOutDil": 30287000,
        "link": "",
        "finalLink": ""
    },
    {
        "date": "2005-06-30",
        "symbol": "EVHC",
        "reportedCurrency": "USD",
        "cik": "0000000000",
        "fillingDate": "2005-06-30",
        "acceptedDate": "2005-06-29 20:00:00",
        "calendarYear": "2005",
        "period": "Q2",
        "revenue": 98786000,
        "costOfRevenue": 37814000,
        "grossProfit": 60972000,
        "grossProfitRatio": 0.6172129654,
        "researchAndDevelopmentExpenses": 0,
        "generalAndAdministrativeExpenses": 0,
        "sellingAndMarketingExpenses": 0,
        "sellingGeneralAndAdministrativeExpenses": 19429000,
        "otherExpenses": 3894000,
        "operatingExpenses": 23323000,
        "costAndExpenses": 61137000,
        "interestIncome": 0,
        "interestExpense": 983000,
        "depreciationAndAmortization": 3803000,
        "ebitda": 20906000,
        "ebitdaratio": 0.2116291782,
        "operatingIncome": 37649000,
        "operatingIncomeRatio": 0.3811167574,
        "totalOtherIncomeExpensesNet": -21225000,
        "incomeBeforeTax": 16424000,
        "incomeBeforeTaxRatio": 0.1662583767,
        "incomeTaxExpense": 6438000,
        "netIncome": 9682000,
        "netIncomeRatio": 0.0980098395,
        "eps": 0.33,
        "epsdiluted": 0.32,
        "weightedAverageShsOut": 29537000,
        "weightedAverageShsOutDil": 30165000,
        "link": "",
        "finalLink": ""
    },
    {
        "date": "2005-03-31",
        "symbol": "EVHC",
        "reportedCurrency": "USD",
        "cik": "0000000000",
        "fillingDate": "2005-03-31",
        "acceptedDate": "2005-03-30 19:00:00",
        "calendarYear": "2005",
        "period": "Q1",
        "revenue": 92289000,
        "costOfRevenue": 36155000,
        "grossProfit": 56134000,
        "grossProfitRatio": 0.6082415022,
        "researchAndDevelopmentExpenses": 0,
        "generalAndAdministrativeExpenses": 0,
        "sellingAndMarketingExpenses": 0,
        "sellingGeneralAndAdministrativeExpenses": 18657000,
        "otherExpenses": 3758000,
        "operatingExpenses": 22415000,
        "costAndExpenses": 58570000,
        "interestIncome": 0,
        "interestExpense": 902000,
        "depreciationAndAmortization": 3758000,
        "ebitda": 18891000,
        "ebitdaratio": 0.2046939505,
        "operatingIncome": 33719000,
        "operatingIncomeRatio": 0.3653631527,
        "totalOtherIncomeExpensesNet": -19488000,
        "incomeBeforeTax": 14231000,
        "incomeBeforeTaxRatio": 0.1542003922,
        "incomeTaxExpense": 5579000,
        "netIncome": 8652000,
        "netIncomeRatio": 0.0937489842,
        "eps": 0.29,
        "epsdiluted": 0.29,
        "weightedAverageShsOut": 29451000,
        "weightedAverageShsOutDil": 30024000,
        "link": "",
        "finalLink": ""
    },
    {
        "date": "2004-12-31",
        "symbol": "EVHC",
        "reportedCurrency": "USD",
        "cik": "0000000000",
        "fillingDate": "2004-12-31",
        "acceptedDate": "2004-12-30 19:00:00",
        "calendarYear": "2004",
        "period": "Q4",
        "revenue": 88316000,
        "costOfRevenue": 34362000,
        "grossProfit": 53954000,
        "grossProfitRatio": 0.6109198786,
        "researchAndDevelopmentExpenses": 0,
        "generalAndAdministrativeExpenses": 0,
        "sellingAndMarketingExpenses": 0,
        "sellingGeneralAndAdministrativeExpenses": 19415000,
        "otherExpenses": 2549000,
        "operatingExpenses": 21964000,
        "costAndExpenses": 56326000,
        "interestIncome": 0,
        "interestExpense": 1019000,
        "depreciationAndAmortization": 3649000,
        "ebitda": 18731000,
        "ebitdaratio": 0.2120906744,
        "operatingIncome": 31990000,
        "operatingIncomeRatio": 0.3622220209,
        "totalOtherIncomeExpensesNet": -17959000,
        "incomeBeforeTax": 14031000,
        "incomeBeforeTaxRatio": 0.1588726845,
        "incomeTaxExpense": 5377000,
        "netIncome": 8686000,
        "netIncomeRatio": 0.0983513746,
        "eps": 0.29,
        "epsdiluted": 0.29,
        "weightedAverageShsOut": 29451000,
        "weightedAverageShsOutDil": 30024000,
        "link": "",
        "finalLink": ""
    },
    {
        "date": "2004-09-30",
        "symbol": "EVHC",
        "reportedCurrency": "USD",
        "cik": "0000000000",
        "fillingDate": "2004-09-30",
        "acceptedDate": "2004-09-29 20:00:00",
        "calendarYear": "2004",
        "period": "Q3",
        "revenue": 81903000,
        "costOfRevenue": 31237000,
        "grossProfit": 50666000,
        "grossProfitRatio": 0.6186098189,
        "researchAndDevelopmentExpenses": 0,
        "generalAndAdministrativeExpenses": 0,
        "sellingAndMarketingExpenses": 0,
        "sellingGeneralAndAdministrativeExpenses": 15907000,
        "otherExpenses": 3406000,
        "operatingExpenses": 19313000,
        "costAndExpenses": 50550000,
        "interestIncome": 0,
        "interestExpense": 488000,
        "depreciationAndAmortization": 3362000,
        "ebitda": 22835000,
        "ebitdaratio": 0.2788054162,
        "operatingIncome": 31353000,
        "operatingIncomeRatio": 0.3828064906,
        "totalOtherIncomeExpensesNet": -16805000,
        "incomeBeforeTax": 14548000,
        "incomeBeforeTaxRatio": 0.1776247512,
        "incomeTaxExpense": 5819000,
        "netIncome": 13166000,
        "netIncomeRatio": 0.1607511324,
        "eps": 0.44,
        "epsdiluted": 0.43,
        "weightedAverageShsOut": 29886000,
        "weightedAverageShsOutDil": 30454000,
        "link": "",
        "finalLink": ""
    },
    {
        "date": "2004-06-30",
        "symbol": "EVHC",
        "reportedCurrency": "USD",
        "cik": "0000000000",
        "fillingDate": "2004-06-30",
        "acceptedDate": "2004-06-29 20:00:00",
        "calendarYear": "2004",
        "period": "Q2",
        "revenue": 86499000,
        "costOfRevenue": 32501000,
        "grossProfit": 53998000,
        "grossProfitRatio": 0.6242615522,
        "researchAndDevelopmentExpenses": 0,
        "generalAndAdministrativeExpenses": 0,
        "sellingAndMarketingExpenses": 0,
        "sellingGeneralAndAdministrativeExpenses": 17094000,
        "otherExpenses": 4431000,
        "operatingExpenses": 21525000,
        "costAndExpenses": 54026000,
        "interestIncome": 0,
        "interestExpense": 506000,
        "depreciationAndAmortization": 3331000,
        "ebitda": 17560000,
        "ebitdaratio": 0.2030081273,
        "operatingIncome": 32473000,
        "operatingIncomeRatio": 0.3754147447,
        "totalOtherIncomeExpensesNet": -18750000,
        "incomeBeforeTax": 13723000,
        "incomeBeforeTaxRatio": 0.1586492329,
        "incomeTaxExpense": 5489000,
        "netIncome": 8234000,
        "netIncomeRatio": 0.0951918519,
        "eps": 0.27,
        "epsdiluted": 0.27,
        "weightedAverageShsOut": 30238000,
        "weightedAverageShsOutDil": 30862000,
        "link": "",
        "finalLink": ""
    },
    {
        "date": "2004-03-31",
        "symbol": "EVHC",
        "reportedCurrency": "USD",
        "cik": "0000000000",
        "fillingDate": "2004-03-31",
        "acceptedDate": "2004-03-30 19:00:00",
        "calendarYear": "2004",
        "period": "Q1",
        "revenue": 81736000,
        "costOfRevenue": 31146000,
        "grossProfit": 50590000,
        "grossProfitRatio": 0.618943917,
        "researchAndDevelopmentExpenses": 0,
        "generalAndAdministrativeExpenses": 0,
        "sellingAndMarketingExpenses": 0,
        "sellingGeneralAndAdministrativeExpenses": 15831000,
        "otherExpenses": 3233000,
        "operatingExpenses": 19064000,
        "costAndExpenses": 50210000,
        "interestIncome": 0,
        "interestExpense": 428000,
        "depreciationAndAmortization": 3233000,
        "ebitda": 18798000,
        "ebitdaratio": 0.2299843398,
        "operatingIncome": 31526000,
        "operatingIncomeRatio": 0.3857051972,
        "totalOtherIncomeExpensesNet": -17732000,
        "incomeBeforeTax": 13794000,
        "incomeBeforeTaxRatio": 0.1687628462,
        "incomeTaxExpense": 5517000,
        "netIncome": 9620000,
        "netIncomeRatio": 0.1176959969,
        "eps": 0.32,
        "epsdiluted": 0.31,
        "weightedAverageShsOut": 30158000,
        "weightedAverageShsOutDil": 30832000,
        "link": "",
        "finalLink": ""
    },
    {
        "date": "2003-12-31",
        "symbol": "EVHC",
        "reportedCurrency": "USD",
        "cik": "0000000000",
        "fillingDate": "2003-12-31",
        "acceptedDate": "2003-12-30 19:00:00",
        "calendarYear": "2003",
        "period": "Q4",
        "revenue": 80528000,
        "costOfRevenue": 26393000,
        "grossProfit": 54135000,
        "grossProfitRatio": 0.6722506457,
        "researchAndDevelopmentExpenses": 0,
        "generalAndAdministrativeExpenses": 0,
        "sellingAndMarketingExpenses": 0,
        "sellingGeneralAndAdministrativeExpenses": 20371000,
        "otherExpenses": 2954000,
        "operatingExpenses": 23325000,
        "costAndExpenses": 49718000,
        "interestIncome": 0,
        "interestExpense": 402000,
        "depreciationAndAmortization": 2954000,
        "ebitda": 17114000,
        "ebitdaratio": 0.2125223525,
        "operatingIncome": 30810000,
        "operatingIncomeRatio": 0.382599841,
        "totalOtherIncomeExpensesNet": -17052000,
        "incomeBeforeTax": 13758000,
        "incomeBeforeTaxRatio": 0.1708474071,
        "incomeTaxExpense": 5503000,
        "netIncome": 8255000,
        "netIncomeRatio": 0.1025109279,
        "eps": 0.27,
        "epsdiluted": 0.27,
        "weightedAverageShsOut": 30158000,
        "weightedAverageShsOutDil": 30832000,
        "link": "",
        "finalLink": ""
    },
    {
        "date": "2003-09-30",
        "symbol": "EVHC",
        "reportedCurrency": "USD",
        "cik": "0000000000",
        "fillingDate": "2003-09-30",
        "acceptedDate": "2003-09-29 20:00:00",
        "calendarYear": "2003",
        "period": "Q3",
        "revenue": 75573000,
        "costOfRevenue": 23818000,
        "grossProfit": 51755000,
        "grossProfitRatio": 0.6848345309,
        "researchAndDevelopmentExpenses": 0,
        "generalAndAdministrativeExpenses": 0,
        "sellingAndMarketingExpenses": 0,
        "sellingGeneralAndAdministrativeExpenses": 20416000,
        "otherExpenses": 2838000,
        "operatingExpenses": 23254000,
        "costAndExpenses": 47072000,
        "interestIncome": 0,
        "interestExpense": 408000,
        "depreciationAndAmortization": 2838000,
        "ebitda": 15798000,
        "ebitdaratio": 0.2090429122,
        "operatingIncome": 28501000,
        "operatingIncomeRatio": 0.3771320445,
        "totalOtherIncomeExpensesNet": -15949000,
        "incomeBeforeTax": 12552000,
        "incomeBeforeTaxRatio": 0.1660910643,
        "incomeTaxExpense": 5021000,
        "netIncome": 7531000,
        "netIncomeRatio": 0.0996519921,
        "eps": 0.25,
        "epsdiluted": 0.25,
        "weightedAverageShsOut": 29877000,
        "weightedAverageShsOutDil": 30450000,
        "link": "",
        "finalLink": ""
    },
    {
        "date": "2003-06-30",
        "symbol": "EVHC",
        "reportedCurrency": "USD",
        "cik": "0000000000",
        "fillingDate": "2003-06-30",
        "acceptedDate": "2003-06-29 20:00:00",
        "calendarYear": "2003",
        "period": "Q2",
        "revenue": 74247000,
        "costOfRevenue": 8597000,
        "grossProfit": 65650000,
        "grossProfitRatio": 0.8842108099,
        "researchAndDevelopmentExpenses": 0,
        "generalAndAdministrativeExpenses": 0,
        "sellingAndMarketingExpenses": 0,
        "sellingGeneralAndAdministrativeExpenses": 34756000,
        "otherExpenses": 3009000,
        "operatingExpenses": 37765000,
        "costAndExpenses": 46362000,
        "interestIncome": 0,
        "interestExpense": 433000,
        "depreciationAndAmortization": 3009000,
        "ebitda": 15671000,
        "ebitdaratio": 0.211065767,
        "operatingIncome": 27885000,
        "operatingIncomeRatio": 0.3755707301,
        "totalOtherIncomeExpensesNet": -15656000,
        "incomeBeforeTax": 12229000,
        "incomeBeforeTaxRatio": 0.1647069915,
        "incomeTaxExpense": 4892000,
        "netIncome": 7337000,
        "netIncomeRatio": 0.0988188075,
        "eps": 0.25,
        "epsdiluted": 0.24,
        "weightedAverageShsOut": 29772000,
        "weightedAverageShsOutDil": 30246000,
        "link": "",
        "finalLink": ""
    },
    {
        "date": "2003-03-31",
        "symbol": "EVHC",
        "reportedCurrency": "USD",
        "cik": "0000000000",
        "fillingDate": "2003-03-31",
        "acceptedDate": "2003-03-30 19:00:00",
        "calendarYear": "2003",
        "period": "Q1",
        "revenue": 71060000,
        "costOfRevenue": 23411000,
        "grossProfit": 47649000,
        "grossProfitRatio": 0.6705460175,
        "researchAndDevelopmentExpenses": 0,
        "generalAndAdministrativeExpenses": 0,
        "sellingAndMarketingExpenses": 0,
        "sellingGeneralAndAdministrativeExpenses": 18475000,
        "otherExpenses": 2692000,
        "operatingExpenses": 21167000,
        "costAndExpenses": 44578000,
        "interestIncome": 0,
        "interestExpense": 299000,
        "depreciationAndAmortization": 2692000,
        "ebitda": 14661000,
        "ebitdaratio": 0.206318604,
        "operatingIncome": 26482000,
        "operatingIncomeRatio": 0.3726709823,
        "totalOtherIncomeExpensesNet": -14812000,
        "incomeBeforeTax": 11670000,
        "incomeBeforeTaxRatio": 0.1642274135,
        "incomeTaxExpense": 4667000,
        "netIncome": 7003000,
        "netIncomeRatio": 0.0985505207,
        "eps": 0.23,
        "epsdiluted": 0.22,
        "weightedAverageShsOut": 30832500,
        "weightedAverageShsOutDil": 31158000,
        "link": "",
        "finalLink": ""
    },
    {
        "date": "2002-12-31",
        "symbol": "EVHC",
        "reportedCurrency": "USD",
        "cik": "0000000000",
        "fillingDate": "2002-12-31",
        "acceptedDate": "2002-12-30 19:00:00",
        "calendarYear": "2002",
        "period": "Q4",
        "revenue": 68242000,
        "costOfRevenue": 21994000,
        "grossProfit": 46248000,
        "grossProfitRatio": 0.6777058117,
        "researchAndDevelopmentExpenses": 0,
        "generalAndAdministrativeExpenses": 0,
        "sellingAndMarketingExpenses": 0,
        "sellingGeneralAndAdministrativeExpenses": 18477000,
        "otherExpenses": 2745000,
        "operatingExpenses": 21222000,
        "costAndExpenses": 43216000,
        "interestIncome": 0,
        "interestExpense": 254000,
        "depreciationAndAmortization": 2745000,
        "ebitda": 13900000,
        "ebitdaratio": 0.203686879,
        "operatingIncome": 25026000,
        "operatingIncomeRatio": 0.3667243047,
        "totalOtherIncomeExpensesNet": -14125000,
        "incomeBeforeTax": 10901000,
        "incomeBeforeTaxRatio": 0.1597403359,
        "incomeTaxExpense": 4360000,
        "netIncome": 6541000,
        "netIncomeRatio": 0.095850063,
        "eps": 0.21,
        "epsdiluted": 0.21,
        "weightedAverageShsOut": 30832500,
        "weightedAverageShsOutDil": 31158000,
        "link": "",
        "finalLink": ""
    },
    {
        "date": "2002-09-30",
        "symbol": "EVHC",
        "reportedCurrency": "USD",
        "cik": "0000000000",
        "fillingDate": "2002-09-30",
        "acceptedDate": "2002-09-29 20:00:00",
        "calendarYear": "2002",
        "period": "Q3",
        "revenue": 63280000,
        "costOfRevenue": 20253000,
        "grossProfit": 43027000,
        "grossProfitRatio": 0.6799462705,
        "researchAndDevelopmentExpenses": 0,
        "generalAndAdministrativeExpenses": 0,
        "sellingAndMarketingExpenses": 0,
        "sellingGeneralAndAdministrativeExpenses": 16685000,
        "otherExpenses": 2563000,
        "operatingExpenses": 19248000,
        "costAndExpenses": 39501000,
        "interestIncome": 0,
        "interestExpense": 317000,
        "depreciationAndAmortization": 2563000,
        "ebitda": 13249000,
        "ebitdaratio": 0.2093710493,
        "operatingIncome": 23779000,
        "operatingIncomeRatio": 0.3757743363,
        "totalOtherIncomeExpensesNet": -13410000,
        "incomeBeforeTax": 10369000,
        "incomeBeforeTaxRatio": 0.1638590392,
        "incomeTaxExpense": 4148000,
        "netIncome": 6221000,
        "netIncomeRatio": 0.0983091024,
        "eps": 0.2,
        "epsdiluted": 0.2,
        "weightedAverageShsOut": 30747000,
        "weightedAverageShsOutDil": 31242000,
        "link": "",
        "finalLink": ""
    },
    {
        "date": "2002-06-30",
        "symbol": "EVHC",
        "reportedCurrency": "USD",
        "cik": "0000000000",
        "fillingDate": "2002-06-30",
        "acceptedDate": "2002-06-29 20:00:00",
        "calendarYear": "2002",
        "period": "Q2",
        "revenue": 61713000,
        "costOfRevenue": 7178000,
        "grossProfit": 54535000,
        "grossProfitRatio": 0.8836873916,
        "researchAndDevelopmentExpenses": 0,
        "generalAndAdministrativeExpenses": 0,
        "sellingAndMarketingExpenses": 0,
        "sellingGeneralAndAdministrativeExpenses": 29428000,
        "otherExpenses": 2340000,
        "operatingExpenses": 31768000,
        "costAndExpenses": 38946000,
        "interestIncome": 0,
        "interestExpense": 269000,
        "depreciationAndAmortization": 2340000,
        "ebitda": 12422000,
        "ebitdaratio": 0.2012866009,
        "operatingIncome": 22767000,
        "operatingIncomeRatio": 0.368917408,
        "totalOtherIncomeExpensesNet": -12954000,
        "incomeBeforeTax": 9813000,
        "incomeBeforeTaxRatio": 0.1590102572,
        "incomeTaxExpense": 3925000,
        "netIncome": 5888000,
        "netIncomeRatio": 0.0954093951,
        "eps": 0.19,
        "epsdiluted": 0.19,
        "weightedAverageShsOut": 30562500,
        "weightedAverageShsOutDil": 31149000,
        "link": "",
        "finalLink": ""
    },
    {
        "date": "2002-03-31",
        "symbol": "EVHC",
        "reportedCurrency": "USD",
        "cik": "0000000000",
        "fillingDate": "2002-03-31",
        "acceptedDate": "2002-03-30 19:00:00",
        "calendarYear": "2002",
        "period": "Q1",
        "revenue": 58290000,
        "costOfRevenue": 19898000,
        "grossProfit": 38392000,
        "grossProfitRatio": 0.6586378453,
        "researchAndDevelopmentExpenses": 0,
        "generalAndAdministrativeExpenses": 0,
        "sellingAndMarketingExpenses": 0,
        "sellingGeneralAndAdministrativeExpenses": 15294000,
        "otherExpenses": 2347000,
        "operatingExpenses": 17641000,
        "costAndExpenses": 37539000,
        "interestIncome": 0,
        "interestExpense": 350000,
        "depreciationAndAmortization": 2347000,
        "ebitda": 11651000,
        "ebitdaratio": 0.1998799108,
        "operatingIncome": 20751000,
        "operatingIncomeRatio": 0.3559958827,
        "totalOtherIncomeExpensesNet": -11797000,
        "incomeBeforeTax": 8954000,
        "incomeBeforeTaxRatio": 0.1536112541,
        "incomeTaxExpense": 3582000,
        "netIncome": 5372000,
        "netIncomeRatio": 0.0921598902,
        "eps": 0.18,
        "epsdiluted": 0.17,
        "weightedAverageShsOut": 30210000,
        "weightedAverageShsOutDil": 30754500,
        "link": "",
        "finalLink": ""
    },
    {
        "date": "2001-12-31",
        "symbol": "EVHC",
        "reportedCurrency": "USD",
        "cik": "0000000000",
        "fillingDate": "2001-12-31",
        "acceptedDate": "2001-12-30 19:00:00",
        "calendarYear": "2001",
        "period": "Q4",
        "revenue": 56117000,
        "costOfRevenue": 18494000,
        "grossProfit": 37623000,
        "grossProfitRatio": 0.670438548,
        "researchAndDevelopmentExpenses": 0,
        "generalAndAdministrativeExpenses": 0,
        "sellingAndMarketingExpenses": 0,
        "sellingGeneralAndAdministrativeExpenses": 14713000,
        "otherExpenses": 3968000,
        "operatingExpenses": 18681000,
        "costAndExpenses": 37175000,
        "interestIncome": 0,
        "interestExpense": 124000,
        "depreciationAndAmortization": 3968000,
        "ebitda": 11703000,
        "ebitdaratio": 0.2085464298,
        "operatingIncome": 18942000,
        "operatingIncomeRatio": 0.3375447725,
        "totalOtherIncomeExpensesNet": -11331000,
        "incomeBeforeTax": 7611000,
        "incomeBeforeTaxRatio": 0.13562735,
        "incomeTaxExpense": 3044000,
        "netIncome": 4567000,
        "netIncomeRatio": 0.081383538,
        "eps": 0.15,
        "epsdiluted": 0.15,
        "weightedAverageShsOut": 30210000,
        "weightedAverageShsOutDil": 30754500,
        "link": "",
        "finalLink": ""
    },
    {
        "date": "2001-09-30",
        "symbol": "EVHC",
        "reportedCurrency": "USD",
        "cik": "0000000000",
        "fillingDate": "2001-09-30",
        "acceptedDate": "2001-09-29 20:00:00",
        "calendarYear": "2001",
        "period": "Q3",
        "revenue": 51582000,
        "costOfRevenue": 16937000,
        "grossProfit": 34645000,
        "grossProfitRatio": 0.6716490249,
        "researchAndDevelopmentExpenses": 0,
        "generalAndAdministrativeExpenses": 0,
        "sellingAndMarketingExpenses": 0,
        "sellingGeneralAndAdministrativeExpenses": 14047000,
        "otherExpenses": 3639000,
        "operatingExpenses": 17686000,
        "costAndExpenses": 34623000,
        "interestIncome": 0,
        "interestExpense": 410000,
        "depreciationAndAmortization": 3639000,
        "ebitda": 10627000,
        "ebitdaratio": 0.2060214804,
        "operatingIncome": 16959000,
        "operatingIncomeRatio": 0.3287774805,
        "totalOtherIncomeExpensesNet": -10381000,
        "incomeBeforeTax": 6578000,
        "incomeBeforeTaxRatio": 0.1275251057,
        "incomeTaxExpense": 2634000,
        "netIncome": 3944000,
        "netIncomeRatio": 0.0764607809,
        "eps": 0.13,
        "epsdiluted": 0.13,
        "weightedAverageShsOut": 29956500,
        "weightedAverageShsOutDil": 30642000,
        "link": "",
        "finalLink": ""
    },
    {
        "date": "2001-06-30",
        "symbol": "EVHC",
        "reportedCurrency": "USD",
        "cik": "0000000000",
        "fillingDate": "2001-06-30",
        "acceptedDate": "2001-06-29 20:00:00",
        "calendarYear": "2001",
        "period": "Q2",
        "revenue": 49474000,
        "costOfRevenue": 15886000,
        "grossProfit": 33588000,
        "grossProfitRatio": 0.6789020496,
        "researchAndDevelopmentExpenses": 0,
        "generalAndAdministrativeExpenses": 0,
        "sellingAndMarketingExpenses": 0,
        "sellingGeneralAndAdministrativeExpenses": 13374000,
        "otherExpenses": 3567000,
        "operatingExpenses": 16941000,
        "costAndExpenses": 32827000,
        "interestIncome": 0,
        "interestExpense": 589000,
        "depreciationAndAmortization": 3567000,
        "ebitda": 10338000,
        "ebitdaratio": 0.2089582407,
        "operatingIncome": 16647000,
        "operatingIncomeRatio": 0.3364797672,
        "totalOtherIncomeExpensesNet": -10465000,
        "incomeBeforeTax": 6182000,
        "incomeBeforeTaxRatio": 0.1249545216,
        "incomeTaxExpense": 2473000,
        "netIncome": 3709000,
        "netIncomeRatio": 0.0749686704,
        "eps": 0.13,
        "epsdiluted": 0.13,
        "weightedAverageShsOut": 28368000,
        "weightedAverageShsOutDil": 29431500,
        "link": "",
        "finalLink": ""
    },
    {
        "date": "2001-03-31",
        "symbol": "EVHC",
        "reportedCurrency": "USD",
        "cik": "0000000000",
        "fillingDate": "2001-03-31",
        "acceptedDate": "2001-03-30 19:00:00",
        "calendarYear": "2001",
        "period": "Q1",
        "revenue": 45139000,
        "costOfRevenue": 15090000,
        "grossProfit": 30049000,
        "grossProfitRatio": 0.6656992844,
        "researchAndDevelopmentExpenses": 0,
        "generalAndAdministrativeExpenses": 0,
        "sellingAndMarketingExpenses": 0,
        "sellingGeneralAndAdministrativeExpenses": 12056000,
        "otherExpenses": 3252000,
        "operatingExpenses": 15308000,
        "costAndExpenses": 30398000,
        "interestIncome": 0,
        "interestExpense": 1721000,
        "depreciationAndAmortization": 3252000,
        "ebitda": 9448000,
        "ebitdaratio": 0.2093090232,
        "operatingIncome": 14741000,
        "operatingIncomeRatio": 0.3265690423,
        "totalOtherIncomeExpensesNet": -10266000,
        "incomeBeforeTax": 4475000,
        "incomeBeforeTaxRatio": 0.0991382175,
        "incomeTaxExpense": 1790000,
        "netIncome": 2685000,
        "netIncomeRatio": 0.0594829305,
        "eps": 0.12,
        "epsdiluted": 0.12,
        "weightedAverageShsOut": 22125000,
        "weightedAverageShsOutDil": 23308500,
        "link": "",
        "finalLink": ""
    },
    {
        "date": "2000-12-31",
        "symbol": "EVHC",
        "reportedCurrency": "USD",
        "cik": "0000000000",
        "fillingDate": "2000-12-31",
        "acceptedDate": "2000-12-30 19:00:00",
        "calendarYear": "2000",
        "period": "Q4",
        "revenue": 40321000,
        "costOfRevenue": 12775000,
        "grossProfit": 27546000,
        "grossProfitRatio": 0.6831675802,
        "researchAndDevelopmentExpenses": 0,
        "generalAndAdministrativeExpenses": 0,
        "sellingAndMarketingExpenses": 0,
        "sellingGeneralAndAdministrativeExpenses": 10953000,
        "otherExpenses": 3053000,
        "operatingExpenses": 14006000,
        "costAndExpenses": 26781000,
        "interestIncome": 0,
        "interestExpense": 1746000,
        "depreciationAndAmortization": 3053000,
        "ebitda": 8966000,
        "ebitdaratio": 0.2223655167,
        "operatingIncome": 13540000,
        "operatingIncomeRatio": 0.3358051636,
        "totalOtherIncomeExpensesNet": -9373000,
        "incomeBeforeTax": 4167000,
        "incomeBeforeTaxRatio": 0.1033456511,
        "incomeTaxExpense": 1604000,
        "netIncome": 2563000,
        "netIncomeRatio": 0.0635648917,
        "eps": 0.12,
        "epsdiluted": 0.11,
        "weightedAverageShsOut": 22125000,
        "weightedAverageShsOutDil": 23308500,
        "link": "",
        "finalLink": ""
    },
    {
        "date": "2000-09-30",
        "symbol": "EVHC",
        "reportedCurrency": "USD",
        "cik": "0000000000",
        "fillingDate": "2000-09-30",
        "acceptedDate": "2000-09-29 20:00:00",
        "calendarYear": "2000",
        "period": "Q3",
        "revenue": 36717000,
        "costOfRevenue": 12034000,
        "grossProfit": 24683000,
        "grossProfitRatio": 0.6722499115,
        "researchAndDevelopmentExpenses": 0,
        "generalAndAdministrativeExpenses": 0,
        "sellingAndMarketingExpenses": 0,
        "sellingGeneralAndAdministrativeExpenses": 10088000,
        "otherExpenses": 2631000,
        "operatingExpenses": 12719000,
        "costAndExpenses": 24753000,
        "interestIncome": 0,
        "interestExpense": 1332000,
        "depreciationAndAmortization": 2631000,
        "ebitda": 7663000,
        "ebitdaratio": 0.2087044148,
        "operatingIncome": 11964000,
        "operatingIncomeRatio": 0.3258436147,
        "totalOtherIncomeExpensesNet": -8264000,
        "incomeBeforeTax": 3700000,
        "incomeBeforeTaxRatio": 0.1007707601,
        "incomeTaxExpense": 1425000,
        "netIncome": 2275000,
        "netIncomeRatio": 0.0619603998,
        "eps": 0.1,
        "epsdiluted": 0.1,
        "weightedAverageShsOut": 21858000,
        "weightedAverageShsOutDil": 22449000,
        "link": "",
        "finalLink": ""
    },
    {
        "date": "2000-06-30",
        "symbol": "EVHC",
        "reportedCurrency": "USD",
        "cik": "0000000000",
        "fillingDate": "2000-06-30",
        "acceptedDate": "2000-06-29 20:00:00",
        "calendarYear": "2000",
        "period": "Q2",
        "revenue": 34590000,
        "costOfRevenue": 10590000,
        "grossProfit": 24000000,
        "grossProfitRatio": 0.6938421509,
        "researchAndDevelopmentExpenses": 0,
        "generalAndAdministrativeExpenses": 0,
        "sellingAndMarketingExpenses": 0,
        "sellingGeneralAndAdministrativeExpenses": 10181000,
        "otherExpenses": 2335000,
        "operatingExpenses": 12516000,
        "costAndExpenses": 23106000,
        "interestIncome": 0,
        "interestExpense": 914000,
        "depreciationAndAmortization": 2335000,
        "ebitda": 6834000,
        "ebitdaratio": 0.1975715525,
        "operatingIncome": 11484000,
        "operatingIncomeRatio": 0.3320034692,
        "totalOtherIncomeExpensesNet": -7899000,
        "incomeBeforeTax": 3585000,
        "incomeBeforeTaxRatio": 0.1036426713,
        "incomeTaxExpense": 1380000,
        "netIncome": 2205000,
        "netIncomeRatio": 0.0637467476,
        "eps": 0.1,
        "epsdiluted": 0.0989,
        "weightedAverageShsOut": 21841500,
        "weightedAverageShsOutDil": 22284000,
        "link": "",
        "finalLink": ""
    },
    {
        "date": "2000-03-31",
        "symbol": "EVHC",
        "reportedCurrency": "USD",
        "cik": "0000000000",
        "fillingDate": "2000-03-31",
        "acceptedDate": "2000-03-30 19:00:00",
        "calendarYear": "2000",
        "period": "Q1",
        "revenue": 31633000,
        "costOfRevenue": 10644000,
        "grossProfit": 20989000,
        "grossProfitRatio": 0.6635159485,
        "researchAndDevelopmentExpenses": 0,
        "generalAndAdministrativeExpenses": 0,
        "sellingAndMarketingExpenses": 0,
        "sellingGeneralAndAdministrativeExpenses": 8548000,
        "otherExpenses": 2282000,
        "operatingExpenses": 10830000,
        "costAndExpenses": 21474000,
        "interestIncome": 0,
        "interestExpense": 711000,
        "depreciationAndAmortization": 2282000,
        "ebitda": 6283000,
        "ebitdaratio": 0.1986216925,
        "operatingIncome": 10159000,
        "operatingIncomeRatio": 0.3211519616,
        "totalOtherIncomeExpensesNet": -6869000,
        "incomeBeforeTax": 3290000,
        "incomeBeforeTaxRatio": 0.1040053109,
        "incomeTaxExpense": 1267000,
        "netIncome": 2023000,
        "netIncomeRatio": 0.0639522018,
        "eps": 0.0927,
        "epsdiluted": 0.0907,
        "weightedAverageShsOut": 21820500,
        "weightedAverageShsOutDil": 22300500,
        "link": "",
        "finalLink": ""
    },
    {
        "date": "1999-12-31",
        "symbol": "EVHC",
        "reportedCurrency": "USD",
        "cik": "0000000000",
        "fillingDate": "1999-12-31",
        "acceptedDate": "1999-12-30 19:00:00",
        "calendarYear": "1999",
        "period": "Q4",
        "revenue": 27900000,
        "costOfRevenue": 9300000,
        "grossProfit": 18600000,
        "grossProfitRatio": 0.6666666667,
        "researchAndDevelopmentExpenses": 0,
        "generalAndAdministrativeExpenses": 0,
        "sellingAndMarketingExpenses": 0,
        "sellingGeneralAndAdministrativeExpenses": 7700000,
        "otherExpenses": 2000000,
        "operatingExpenses": 9700000,
        "costAndExpenses": 19000000,
        "interestIncome": 0,
        "interestExpense": 700000,
        "depreciationAndAmortization": 2000000,
        "ebitda": 5900000,
        "ebitdaratio": 0.2114695341,
        "operatingIncome": 8900000,
        "operatingIncomeRatio": 0.3189964158,
        "totalOtherIncomeExpensesNet": -5700000,
        "incomeBeforeTax": 3200000,
        "incomeBeforeTaxRatio": 0.1146953405,
        "incomeTaxExpense": 1200000,
        "netIncome": 2000000,
        "netIncomeRatio": 0.0716845878,
        "eps": 0.0917,
        "epsdiluted": 0.0897,
        "weightedAverageShsOut": 21820500,
        "weightedAverageShsOutDil": 22300500,
        "link": "",
        "finalLink": ""
    },
    {
        "date": "1999-09-30",
        "symbol": "EVHC",
        "reportedCurrency": "USD",
        "cik": "0000000000",
        "fillingDate": "1999-09-30",
        "acceptedDate": "1999-09-29 20:00:00",
        "calendarYear": "1999",
        "period": "Q3",
        "revenue": 25400000,
        "costOfRevenue": 8700000,
        "grossProfit": 16700000,
        "grossProfitRatio": 0.657480315,
        "researchAndDevelopmentExpenses": 0,
        "generalAndAdministrativeExpenses": 0,
        "sellingAndMarketingExpenses": 0,
        "sellingGeneralAndAdministrativeExpenses": 6900000,
        "otherExpenses": 1800000,
        "operatingExpenses": 8700000,
        "costAndExpenses": 17400000,
        "interestIncome": 0,
        "interestExpense": 200000,
        "depreciationAndAmortization": 1800000,
        "ebitda": 4900000,
        "ebitdaratio": 0.1929133858,
        "operatingIncome": 8000000,
        "operatingIncomeRatio": 0.3149606299,
        "totalOtherIncomeExpensesNet": -5100000,
        "incomeBeforeTax": 2900000,
        "incomeBeforeTaxRatio": 0.1141732283,
        "incomeTaxExpense": 1100000,
        "netIncome": 1800000,
        "netIncomeRatio": 0.0708661417,
        "eps": 0.08,
        "epsdiluted": 0.08,
        "weightedAverageShsOut": 22488756,
        "weightedAverageShsOutDil": 22488756,
        "link": "",
        "finalLink": ""
    },
    {
        "date": "1999-06-30",
        "symbol": "EVHC",
        "reportedCurrency": "USD",
        "cik": "0000000000",
        "fillingDate": "1999-06-30",
        "acceptedDate": "1999-06-29 20:00:00",
        "calendarYear": "1999",
        "period": "Q2",
        "revenue": 24700000,
        "costOfRevenue": 8100000,
        "grossProfit": 16600000,
        "grossProfitRatio": 0.6720647773,
        "researchAndDevelopmentExpenses": 0,
        "generalAndAdministrativeExpenses": 0,
        "sellingAndMarketingExpenses": 0,
        "sellingGeneralAndAdministrativeExpenses": 6800000,
        "otherExpenses": 1800000,
        "operatingExpenses": 8600000,
        "costAndExpenses": 16700000,
        "interestIncome": 0,
        "interestExpense": 200000,
        "depreciationAndAmortization": 1800000,
        "ebitda": 4800000,
        "ebitdaratio": 0.1943319838,
        "operatingIncome": 8000000,
        "operatingIncomeRatio": 0.3238866397,
        "totalOtherIncomeExpensesNet": -5200000,
        "incomeBeforeTax": 2800000,
        "incomeBeforeTaxRatio": 0.1133603239,
        "incomeTaxExpense": 1100000,
        "netIncome": 1700000,
        "netIncomeRatio": 0.0688259109,
        "eps": 0.079,
        "epsdiluted": 0.0771,
        "weightedAverageShsOut": 21527736,
        "weightedAverageShsOutDil": 22038981,
        "link": "",
        "finalLink": ""
    },
    {
        "date": "1999-03-31",
        "symbol": "EVHC",
        "reportedCurrency": "USD",
        "cik": "0000000000",
        "fillingDate": "1999-03-31",
        "acceptedDate": "1999-03-30 19:00:00",
        "calendarYear": "1999",
        "period": "Q1",
        "revenue": 23400000,
        "costOfRevenue": 8200000,
        "grossProfit": 15200000,
        "grossProfitRatio": 0.6495726496,
        "researchAndDevelopmentExpenses": 0,
        "generalAndAdministrativeExpenses": 0,
        "sellingAndMarketingExpenses": 0,
        "sellingGeneralAndAdministrativeExpenses": 6500000,
        "otherExpenses": 1700000,
        "operatingExpenses": 8200000,
        "costAndExpenses": 16400000,
        "interestIncome": 0,
        "interestExpense": 200000,
        "depreciationAndAmortization": 1700000,
        "ebitda": 4400000,
        "ebitdaratio": 0.188034188,
        "operatingIncome": 7000000,
        "operatingIncomeRatio": 0.2991452991,
        "totalOtherIncomeExpensesNet": -4400000,
        "incomeBeforeTax": 2600000,
        "incomeBeforeTaxRatio": 0.1111111111,
        "incomeTaxExpense": 1000000,
        "netIncome": 1500000,
        "netIncomeRatio": 0.0641025641,
        "eps": 0.0667,
        "epsdiluted": 0.0667,
        "weightedAverageShsOut": 22488756,
        "weightedAverageShsOutDil": 22488756,
        "link": "",
        "finalLink": ""
    },
    {
        "date": "1998-12-31",
        "symbol": "EVHC",
        "reportedCurrency": "USD",
        "cik": "0000000000",
        "fillingDate": "1998-12-31",
        "acceptedDate": "1998-12-30 19:00:00",
        "calendarYear": "1998",
        "period": "Q4",
        "revenue": 22200000,
        "costOfRevenue": 7400000,
        "grossProfit": 14800000,
        "grossProfitRatio": 0.6666666667,
        "researchAndDevelopmentExpenses": 0,
        "generalAndAdministrativeExpenses": 0,
        "sellingAndMarketingExpenses": 0,
        "sellingGeneralAndAdministrativeExpenses": 6200000,
        "otherExpenses": 1700000,
        "operatingExpenses": 7900000,
        "costAndExpenses": 15300000,
        "interestIncome": 0,
        "interestExpense": 200000,
        "depreciationAndAmortization": 1700000,
        "ebitda": 3500000,
        "ebitdaratio": 0.1576576577,
        "operatingIncome": 6900000,
        "operatingIncomeRatio": 0.3108108108,
        "totalOtherIncomeExpensesNet": -100000,
        "incomeBeforeTax": 6800000,
        "incomeBeforeTaxRatio": 0.3063063063,
        "incomeTaxExpense": 100000,
        "netIncome": 1600000,
        "netIncomeRatio": 0.0720720721,
        "eps": 0.0711,
        "epsdiluted": 0.0711,
        "weightedAverageShsOut": 22488756,
        "weightedAverageShsOutDil": 22488756,
        "link": "",
        "finalLink": ""
    },
    {
        "date": "1998-09-30",
        "symbol": "EVHC",
        "reportedCurrency": "USD",
        "cik": "0000000000",
        "fillingDate": "1998-09-30",
        "acceptedDate": "1998-09-29 20:00:00",
        "calendarYear": "1998",
        "period": "Q3",
        "revenue": 20100000,
        "costOfRevenue": 7400000,
        "grossProfit": 12700000,
        "grossProfitRatio": 0.631840796,
        "researchAndDevelopmentExpenses": 0,
        "generalAndAdministrativeExpenses": 0,
        "sellingAndMarketingExpenses": 0,
        "sellingGeneralAndAdministrativeExpenses": 5400000,
        "otherExpenses": 1700000,
        "operatingExpenses": 7100000,
        "costAndExpenses": 14500000,
        "interestIncome": 0,
        "interestExpense": 200000,
        "depreciationAndAmortization": 1700000,
        "ebitda": 3900000,
        "ebitdaratio": 0.1940298507,
        "operatingIncome": 5600000,
        "operatingIncomeRatio": 0.2786069652,
        "totalOtherIncomeExpensesNet": -3600000,
        "incomeBeforeTax": 2000000,
        "incomeBeforeTaxRatio": 0.0995024876,
        "incomeTaxExpense": 800000,
        "netIncome": 1200000,
        "netIncomeRatio": 0.0597014925,
        "eps": 0.0534,
        "epsdiluted": 0.0534,
        "weightedAverageShsOut": 22488756,
        "weightedAverageShsOutDil": 22488756,
        "link": "",
        "finalLink": ""
    },
    {
        "date": "1998-06-30",
        "symbol": "EVHC",
        "reportedCurrency": "USD",
        "cik": "0000000000",
        "fillingDate": "1998-06-30",
        "acceptedDate": "1998-06-29 20:00:00",
        "calendarYear": "1998",
        "period": "Q2",
        "revenue": 20100000,
        "costOfRevenue": 7200000,
        "grossProfit": 12900000,
        "grossProfitRatio": 0.6417910448,
        "researchAndDevelopmentExpenses": 0,
        "generalAndAdministrativeExpenses": 0,
        "sellingAndMarketingExpenses": 0,
        "sellingGeneralAndAdministrativeExpenses": 5900000,
        "otherExpenses": 1700000,
        "operatingExpenses": 7600000,
        "costAndExpenses": 14800000,
        "interestIncome": 0,
        "interestExpense": 600000,
        "depreciationAndAmortization": 1700000,
        "ebitda": -1600000,
        "ebitdaratio": -0.07960199,
        "operatingIncome": 5300000,
        "operatingIncomeRatio": 0.263681592,
        "totalOtherIncomeExpensesNet": -9200000,
        "incomeBeforeTax": -3900000,
        "incomeBeforeTaxRatio": -0.1940298507,
        "incomeTaxExpense": -1200000,
        "netIncome": -2700000,
        "netIncomeRatio": -0.1343283582,
        "eps": -0.17,
        "epsdiluted": -0.17,
        "weightedAverageShsOut": 16191904,
        "weightedAverageShsOutDil": 16191904,
        "link": "",
        "finalLink": ""
    },
    {
        "date": "1998-03-31",
        "symbol": "EVHC",
        "reportedCurrency": "USD",
        "cik": "0000000000",
        "fillingDate": "1998-03-31",
        "acceptedDate": "1998-03-30 19:00:00",
        "calendarYear": "1998",
        "period": "Q1",
        "revenue": 17800000,
        "costOfRevenue": 6400000,
        "grossProfit": 11400000,
        "grossProfitRatio": 0.6404494382,
        "researchAndDevelopmentExpenses": 0,
        "generalAndAdministrativeExpenses": 0,
        "sellingAndMarketingExpenses": 0,
        "sellingGeneralAndAdministrativeExpenses": 5400000,
        "otherExpenses": 1600000,
        "operatingExpenses": 7000000,
        "costAndExpenses": 13400000,
        "interestIncome": 0,
        "interestExpense": 500000,
        "depreciationAndAmortization": 1600000,
        "ebitda": 3300000,
        "ebitdaratio": 0.1853932584,
        "operatingIncome": 4400000,
        "operatingIncomeRatio": 0.2471910112,
        "totalOtherIncomeExpensesNet": -3200000,
        "incomeBeforeTax": 1200000,
        "incomeBeforeTaxRatio": 0.0674157303,
        "incomeTaxExpense": 500000,
        "netIncome": 700000,
        "netIncomeRatio": 0.0393258427,
        "eps": 0.0483,
        "epsdiluted": 0.0451,
        "weightedAverageShsOut": 14502249,
        "weightedAverageShsOutDil": 15512744,
        "link": "",
        "finalLink": ""
    },
    {
        "date": "1997-12-31",
        "symbol": "EVHC",
        "reportedCurrency": "USD",
        "cik": "0000000000",
        "fillingDate": "1997-12-31",
        "acceptedDate": "1997-12-30 19:00:00",
        "calendarYear": "1997",
        "period": "Q4",
        "revenue": 16200000,
        "costOfRevenue": 5800000,
        "grossProfit": 10400000,
        "grossProfitRatio": 0.6419753086,
        "researchAndDevelopmentExpenses": 0,
        "generalAndAdministrativeExpenses": 0,
        "sellingAndMarketingExpenses": 0,
        "sellingGeneralAndAdministrativeExpenses": 4400000,
        "otherExpenses": 1400000,
        "operatingExpenses": 5800000,
        "costAndExpenses": 11600000,
        "interestIncome": 0,
        "interestExpense": 500000,
        "depreciationAndAmortization": 1400000,
        "ebitda": 2800000,
        "ebitdaratio": 0.1728395062,
        "operatingIncome": 4600000,
        "operatingIncomeRatio": 0.2839506173,
        "totalOtherIncomeExpensesNet": -3700000,
        "incomeBeforeTax": 900000,
        "incomeBeforeTaxRatio": 0.0555555556,
        "incomeTaxExpense": 500000,
        "netIncome": 400000,
        "netIncomeRatio": 0.024691358,
        "eps": 0.0276,
        "epsdiluted": 0.0258,
        "weightedAverageShsOut": 14502249,
        "weightedAverageShsOutDil": 15512744,
        "link": "",
        "finalLink": ""
    },
    {
        "date": "1997-09-30",
        "symbol": "EVHC",
        "reportedCurrency": "USD",
        "cik": "0000000000",
        "fillingDate": "1997-09-30",
        "acceptedDate": "1997-09-29 20:00:00",
        "calendarYear": "1997",
        "period": "Q3",
        "revenue": 14600000,
        "costOfRevenue": 5100000,
        "grossProfit": 9500000,
        "grossProfitRatio": 0.6506849315,
        "researchAndDevelopmentExpenses": 0,
        "generalAndAdministrativeExpenses": 0,
        "sellingAndMarketingExpenses": 0,
        "sellingGeneralAndAdministrativeExpenses": 4900000,
        "otherExpenses": 1300000,
        "operatingExpenses": 6200000,
        "costAndExpenses": 11300000,
        "interestIncome": 0,
        "interestExpense": 400000,
        "depreciationAndAmortization": 1300000,
        "ebitda": 3100000,
        "ebitdaratio": 0.2123287671,
        "operatingIncome": 3300000,
        "operatingIncomeRatio": 0.2260273973,
        "totalOtherIncomeExpensesNet": -1900000,
        "incomeBeforeTax": 1400000,
        "incomeBeforeTaxRatio": 0.095890411,
        "incomeTaxExpense": 500000,
        "netIncome": 900000,
        "netIncomeRatio": 0.0616438356,
        "eps": 0.0629,
        "epsdiluted": 0.0629,
        "weightedAverageShsOut": 14310345,
        "weightedAverageShsOutDil": 14310345,
        "link": "",
        "finalLink": ""
    }
]