[
    {
        "date": "2025-09-27",
        "symbol": "FBIN",
        "reportedCurrency": "USD",
        "cik": "0001519751",
        "fillingDate": "2025-10-30",
        "acceptedDate": "2025-10-30 16:31:27",
        "calendarYear": "2025",
        "period": "Q3",
        "revenue": 1149200000,
        "costOfRevenue": 0,
        "grossProfit": 0,
        "grossProfitRatio": 0,
        "researchAndDevelopmentExpenses": 0,
        "generalAndAdministrativeExpenses": 0,
        "sellingAndMarketingExpenses": 0,
        "sellingGeneralAndAdministrativeExpenses": 313200000,
        "otherExpenses": 0,
        "operatingExpenses": 313200000,
        "costAndExpenses": 0,
        "interestIncome": 0,
        "interestExpense": 28600000,
        "depreciationAndAmortization": 0,
        "ebitda": 125900000,
        "ebitdaratio": 0.1095544727,
        "operatingIncome": 125900000,
        "operatingIncomeRatio": 0.1095544727,
        "totalOtherIncomeExpensesNet": -31200000,
        "incomeBeforeTax": 94700000,
        "incomeBeforeTaxRatio": 0.0824051514,
        "incomeTaxExpense": 23900000,
        "netIncome": 70800000,
        "netIncomeRatio": 0.0616080752,
        "eps": 0.59,
        "epsdiluted": 0.59,
        "weightedAverageShsOut": 0,
        "weightedAverageShsOutDil": 0,
        "link": "https://www.sec.gov/Archives/edgar/data/1519751/000119312525258670/0001193125-25-258670-index.htm",
        "finalLink": "https://www.sec.gov/Archives/edgar/data/1519751/000119312525258670/fbin-20250927.htm"
    },
    {
        "date": "2025-06-28",
        "symbol": "FBIN",
        "reportedCurrency": "USD",
        "cik": "0001519751",
        "fillingDate": "2025-07-31",
        "acceptedDate": "2025-07-31 16:40:30",
        "calendarYear": "2025",
        "period": "Q2",
        "revenue": 1203300000,
        "costOfRevenue": 660100000,
        "grossProfit": 543200000,
        "grossProfitRatio": 0.4514252472,
        "researchAndDevelopmentExpenses": 0,
        "generalAndAdministrativeExpenses": 0,
        "sellingAndMarketingExpenses": 0,
        "sellingGeneralAndAdministrativeExpenses": 338800000,
        "otherExpenses": 32800000,
        "operatingExpenses": 371600000,
        "costAndExpenses": 1031700000,
        "interestIncome": 0,
        "interestExpense": 34400000,
        "depreciationAndAmortization": 50700000,
        "ebitda": 229600000,
        "ebitdaratio": 0.1908086097,
        "operatingIncome": 171600000,
        "operatingIncomeRatio": 0.1426078285,
        "totalOtherIncomeExpensesNet": -24000000,
        "incomeBeforeTax": 147600000,
        "incomeBeforeTaxRatio": 0.1226626776,
        "incomeTaxExpense": 47400000,
        "netIncome": 100300000,
        "netIncomeRatio": 0.0833541095,
        "eps": 0.83,
        "epsdiluted": 0.82,
        "weightedAverageShsOut": 122200000,
        "weightedAverageShsOutDil": 123000000,
        "link": "https://www.sec.gov/Archives/edgar/data/1519751/000095017025100950/0000950170-25-100950-index.htm",
        "finalLink": "https://www.sec.gov/Archives/edgar/data/1519751/000095017025100950/fbin-20250628.htm"
    },
    {
        "date": "2025-03-29",
        "symbol": "FBIN",
        "reportedCurrency": "USD",
        "cik": "0001519751",
        "fillingDate": "2025-05-07",
        "acceptedDate": "2025-05-07 16:36:07",
        "calendarYear": "2025",
        "period": "Q1",
        "revenue": 1033100000,
        "costOfRevenue": 578400000,
        "grossProfit": 454700000,
        "grossProfitRatio": 0.4401316426,
        "researchAndDevelopmentExpenses": 0,
        "generalAndAdministrativeExpenses": 0,
        "sellingAndMarketingExpenses": 0,
        "sellingGeneralAndAdministrativeExpenses": 314900000,
        "otherExpenses": 42800000,
        "operatingExpenses": 357700000,
        "costAndExpenses": 936100000,
        "interestIncome": 0,
        "interestExpense": 28600000,
        "depreciationAndAmortization": 51300000,
        "ebitda": 149300000,
        "ebitdaratio": 0.1445165037,
        "operatingIncome": 97000000,
        "operatingIncomeRatio": 0.0938921692,
        "totalOtherIncomeExpensesNet": -27600000,
        "incomeBeforeTax": 69400000,
        "incomeBeforeTaxRatio": 0.0671764592,
        "incomeTaxExpense": 18000000,
        "netIncome": 51400000,
        "netIncomeRatio": 0.0497531701,
        "eps": 0.42,
        "epsdiluted": 0.42,
        "weightedAverageShsOut": 122200000,
        "weightedAverageShsOutDil": 123000000,
        "link": "https://www.sec.gov/Archives/edgar/data/1519751/000095017025065791/0000950170-25-065791-index.htm",
        "finalLink": "https://www.sec.gov/Archives/edgar/data/1519751/000095017025065791/fbin-20250329.htm"
    },
    {
        "date": "2024-12-28",
        "symbol": "FBIN",
        "reportedCurrency": "USD",
        "cik": "0001519751",
        "fillingDate": "2025-02-25",
        "acceptedDate": "2025-02-25 16:34:42",
        "calendarYear": "2024",
        "period": "Q4",
        "revenue": 1104200000,
        "costOfRevenue": 596300000,
        "grossProfit": 507900000,
        "grossProfitRatio": 0.4599710197,
        "researchAndDevelopmentExpenses": 0,
        "generalAndAdministrativeExpenses": 136400000,
        "sellingAndMarketingExpenses": 184900000,
        "sellingGeneralAndAdministrativeExpenses": 321300000,
        "otherExpenses": 8300000,
        "operatingExpenses": 329600000,
        "costAndExpenses": 925900000,
        "interestIncome": 0,
        "interestExpense": 31100000,
        "depreciationAndAmortization": 46200000,
        "ebitda": 207400000,
        "ebitdaratio": 0.187828292,
        "operatingIncome": 178300000,
        "operatingIncomeRatio": 0.1614743706,
        "totalOtherIncomeExpensesNet": -45000000,
        "incomeBeforeTax": 133300000,
        "incomeBeforeTaxRatio": 0.1207208839,
        "incomeTaxExpense": 28200000,
        "netIncome": 105100000,
        "netIncomeRatio": 0.0951820322,
        "eps": 0.85,
        "epsdiluted": 0.84,
        "weightedAverageShsOut": 123637515,
        "weightedAverageShsOutDil": 125100000,
        "link": "https://www.sec.gov/Archives/edgar/data/1519751/000095017025026763/0000950170-25-026763-index.htm",
        "finalLink": "https://www.sec.gov/Archives/edgar/data/1519751/000095017025026763/fbin-20241228.htm"
    },
    {
        "date": "2024-09-28",
        "symbol": "FBIN",
        "reportedCurrency": "USD",
        "cik": "0001519751",
        "fillingDate": "2024-11-07",
        "acceptedDate": "2024-11-06 18:56:01",
        "calendarYear": "2024",
        "period": "Q3",
        "revenue": 1155300000,
        "costOfRevenue": 625500000,
        "grossProfit": 529800000,
        "grossProfitRatio": 0.4585821864,
        "researchAndDevelopmentExpenses": 0,
        "generalAndAdministrativeExpenses": 0,
        "sellingAndMarketingExpenses": 0,
        "sellingGeneralAndAdministrativeExpenses": 298200000,
        "otherExpenses": 26500000,
        "operatingExpenses": 324700000,
        "costAndExpenses": 950200000,
        "interestIncome": 0,
        "interestExpense": 30200000,
        "depreciationAndAmortization": 45900000,
        "ebitda": 252600000,
        "ebitdaratio": 0.2186445079,
        "operatingIncome": 205100000,
        "operatingIncomeRatio": 0.177529646,
        "totalOtherIncomeExpensesNet": -28600000,
        "incomeBeforeTax": 176500000,
        "incomeBeforeTaxRatio": 0.1527741712,
        "incomeTaxExpense": 39900000,
        "netIncome": 136600000,
        "netIncomeRatio": 0.1182376872,
        "eps": 1.1,
        "epsdiluted": 1.09,
        "weightedAverageShsOut": 124200000,
        "weightedAverageShsOutDil": 125100000,
        "link": "https://www.sec.gov/Archives/edgar/data/1519751/000095017024122608/0000950170-24-122608-index.htm",
        "finalLink": "https://www.sec.gov/Archives/edgar/data/1519751/000095017024122608/fbin-20240928.htm"
    },
    {
        "date": "2024-06-29",
        "symbol": "FBIN",
        "reportedCurrency": "USD",
        "cik": "0001519751",
        "fillingDate": "2024-07-26",
        "acceptedDate": "2024-07-26 16:22:47",
        "calendarYear": "2024",
        "period": "Q2",
        "revenue": 1240000000,
        "costOfRevenue": 699000000,
        "grossProfit": 541000000,
        "grossProfitRatio": 0.4362903226,
        "researchAndDevelopmentExpenses": 0,
        "generalAndAdministrativeExpenses": 0,
        "sellingAndMarketingExpenses": 0,
        "sellingGeneralAndAdministrativeExpenses": 319700000,
        "otherExpenses": 22200000,
        "operatingExpenses": 341900000,
        "costAndExpenses": 1040900000,
        "interestIncome": 0,
        "interestExpense": 32300000,
        "depreciationAndAmortization": 55400000,
        "ebitda": 258200000,
        "ebitdaratio": 0.2082258065,
        "operatingIncome": 199100000,
        "operatingIncomeRatio": 0.1605645161,
        "totalOtherIncomeExpensesNet": -28600000,
        "incomeBeforeTax": 170500000,
        "incomeBeforeTaxRatio": 0.1375,
        "incomeTaxExpense": 36600000,
        "netIncome": 133900000,
        "netIncomeRatio": 0.107983871,
        "eps": 1.07,
        "epsdiluted": 1.06,
        "weightedAverageShsOut": 125100000,
        "weightedAverageShsOutDil": 125800000,
        "link": "https://www.sec.gov/Archives/edgar/data/1519751/000095017024086908/0000950170-24-086908-index.htm",
        "finalLink": "https://www.sec.gov/Archives/edgar/data/1519751/000095017024086908/fbin-20240629.htm"
    },
    {
        "date": "2024-03-30",
        "symbol": "FBIN",
        "reportedCurrency": "USD",
        "cik": "0001519751",
        "fillingDate": "2024-05-01",
        "acceptedDate": "2024-05-01 16:08:28",
        "calendarYear": "2024",
        "period": "Q1",
        "revenue": 1109600000,
        "costOfRevenue": 622000000,
        "grossProfit": 487600000,
        "grossProfitRatio": 0.4394376352,
        "researchAndDevelopmentExpenses": 0,
        "generalAndAdministrativeExpenses": 0,
        "sellingAndMarketingExpenses": 0,
        "sellingGeneralAndAdministrativeExpenses": 311600000,
        "otherExpenses": 20600000,
        "operatingExpenses": 332200000,
        "costAndExpenses": 954200000,
        "interestIncome": 0,
        "interestExpense": 30100000,
        "depreciationAndAmortization": 46100000,
        "ebitda": 201400000,
        "ebitdaratio": 0.1815068493,
        "operatingIncome": 155400000,
        "operatingIncomeRatio": 0.1400504686,
        "totalOtherIncomeExpensesNet": -30200000,
        "incomeBeforeTax": 125200000,
        "incomeBeforeTaxRatio": 0.1128334535,
        "incomeTaxExpense": 28800000,
        "netIncome": 96400000,
        "netIncomeRatio": 0.0868781543,
        "eps": 0.77,
        "epsdiluted": 0.76,
        "weightedAverageShsOut": 125900000,
        "weightedAverageShsOutDil": 127000000,
        "link": "https://www.sec.gov/Archives/edgar/data/1519751/000095017024051261/0000950170-24-051261-index.htm",
        "finalLink": "https://www.sec.gov/Archives/edgar/data/1519751/000095017024051261/fbin-20240330.htm"
    },
    {
        "date": "2023-12-30",
        "symbol": "FBIN",
        "reportedCurrency": "USD",
        "cik": "0001519751",
        "fillingDate": "2024-02-27",
        "acceptedDate": "2024-02-27 16:14:21",
        "calendarYear": "2023",
        "period": "Q4",
        "revenue": 1161300000,
        "costOfRevenue": 666400000,
        "grossProfit": 494900000,
        "grossProfitRatio": 0.4261603376,
        "researchAndDevelopmentExpenses": 64599999,
        "generalAndAdministrativeExpenses": 134100000,
        "sellingAndMarketingExpenses": 170100000,
        "sellingGeneralAndAdministrativeExpenses": 304200000,
        "otherExpenses": -7799999,
        "operatingExpenses": 361000000,
        "costAndExpenses": 1027400000,
        "interestIncome": 0,
        "interestExpense": 31900000,
        "depreciationAndAmortization": 57300000,
        "ebitda": 189800000,
        "ebitdaratio": 0.1634375269,
        "operatingIncome": 133900000,
        "operatingIncomeRatio": 0.1153018169,
        "totalOtherIncomeExpensesNet": -30000000,
        "incomeBeforeTax": 103900000,
        "incomeBeforeTaxRatio": 0.0894686989,
        "incomeTaxExpense": 22600000,
        "netIncome": 81300000,
        "netIncomeRatio": 0.0700077499,
        "eps": 0.64,
        "epsdiluted": 0.64,
        "weightedAverageShsOut": 126287327,
        "weightedAverageShsOutDil": 127100000,
        "link": "https://www.sec.gov/Archives/edgar/data/1519751/000095017024021148/0000950170-24-021148-index.htm",
        "finalLink": "https://www.sec.gov/Archives/edgar/data/1519751/000095017024021148/fbin-20231230.htm"
    },
    {
        "date": "2023-09-30",
        "symbol": "FBIN",
        "reportedCurrency": "USD",
        "cik": "0001519751",
        "fillingDate": "2023-10-27",
        "acceptedDate": "2023-10-27 16:58:13",
        "calendarYear": "2023",
        "period": "Q3",
        "revenue": 1261200000,
        "costOfRevenue": 721100000,
        "grossProfit": 540100000,
        "grossProfitRatio": 0.4282429432,
        "researchAndDevelopmentExpenses": 0,
        "generalAndAdministrativeExpenses": 0,
        "sellingAndMarketingExpenses": 0,
        "sellingGeneralAndAdministrativeExpenses": 321100000,
        "otherExpenses": 22500000,
        "operatingExpenses": 343600000,
        "costAndExpenses": 1064700000,
        "interestIncome": 0,
        "interestExpense": 33300000,
        "depreciationAndAmortization": 45400000,
        "ebitda": 251300000,
        "ebitdaratio": 0.1992546781,
        "operatingIncome": 196500000,
        "operatingIncomeRatio": 0.1558039962,
        "totalOtherIncomeExpensesNet": -23900000,
        "incomeBeforeTax": 172600000,
        "incomeBeforeTaxRatio": 0.13685379,
        "incomeTaxExpense": 36100000,
        "netIncome": 136500000,
        "netIncomeRatio": 0.1082302569,
        "eps": 1.08,
        "epsdiluted": 1.07,
        "weightedAverageShsOut": 128767522,
        "weightedAverageShsOutDil": 128767522,
        "link": "https://www.sec.gov/Archives/edgar/data/1519751/000095017023056045/0000950170-23-056045-index.htm",
        "finalLink": "https://www.sec.gov/Archives/edgar/data/1519751/000095017023056045/fbhs-20230930.htm"
    },
    {
        "date": "2023-07-01",
        "symbol": "FBIN",
        "reportedCurrency": "USD",
        "cik": "0001519751",
        "fillingDate": "2023-08-01",
        "acceptedDate": "2023-08-01 16:26:18",
        "calendarYear": "2023",
        "period": "Q2",
        "revenue": 1163700000,
        "costOfRevenue": 695600000,
        "grossProfit": 468100000,
        "grossProfitRatio": 0.4022514394,
        "researchAndDevelopmentExpenses": 0,
        "generalAndAdministrativeExpenses": 0,
        "sellingAndMarketingExpenses": 0,
        "sellingGeneralAndAdministrativeExpenses": 280700000,
        "otherExpenses": 34800000,
        "operatingExpenses": 315500000,
        "costAndExpenses": 1011100000,
        "interestIncome": 0,
        "interestExpense": 27700000,
        "depreciationAndAmortization": 34200000,
        "ebitda": 192000000,
        "ebitdaratio": 0.1649909771,
        "operatingIncome": 152600000,
        "operatingIncomeRatio": 0.1311334536,
        "totalOtherIncomeExpensesNet": -22500000,
        "incomeBeforeTax": 130100000,
        "incomeBeforeTaxRatio": 0.1117985735,
        "incomeTaxExpense": 28000000,
        "netIncome": 102100000,
        "netIncomeRatio": 0.0877373894,
        "eps": 0.81,
        "epsdiluted": 0.8,
        "weightedAverageShsOut": 128667522,
        "weightedAverageShsOutDil": 128667522,
        "link": "https://www.sec.gov/Archives/edgar/data/1519751/000095017023036496/0000950170-23-036496-index.htm",
        "finalLink": "https://www.sec.gov/Archives/edgar/data/1519751/000095017023036496/fbhs-20230701.htm"
    },
    {
        "date": "2023-04-01",
        "symbol": "FBIN",
        "reportedCurrency": "USD",
        "cik": "0001519751",
        "fillingDate": "2023-04-27",
        "acceptedDate": "2023-04-27 16:18:35",
        "calendarYear": "2023",
        "period": "Q1",
        "revenue": 1040000000,
        "costOfRevenue": 631700000,
        "grossProfit": 408300000,
        "grossProfitRatio": 0.3925961538,
        "researchAndDevelopmentExpenses": 0,
        "generalAndAdministrativeExpenses": 0,
        "sellingAndMarketingExpenses": 0,
        "sellingGeneralAndAdministrativeExpenses": 260800000,
        "otherExpenses": 15700000,
        "operatingExpenses": 276500000,
        "costAndExpenses": 908200000,
        "interestIncome": 0,
        "interestExpense": 26800000,
        "depreciationAndAmortization": 31900000,
        "ebitda": 170000000,
        "ebitdaratio": 0.1634615385,
        "operatingIncome": 131800000,
        "operatingIncomeRatio": 0.1267307692,
        "totalOtherIncomeExpensesNet": -20500000,
        "incomeBeforeTax": 111300000,
        "incomeBeforeTaxRatio": 0.1070192308,
        "incomeTaxExpense": 25700000,
        "netIncome": 84600000,
        "netIncomeRatio": 0.0813461538,
        "eps": 0.67,
        "epsdiluted": 0.66,
        "weightedAverageShsOut": 128567522,
        "weightedAverageShsOutDil": 128567522,
        "link": "https://www.sec.gov/Archives/edgar/data/1519751/000095017023015290/0000950170-23-015290-index.htm",
        "finalLink": "https://www.sec.gov/Archives/edgar/data/1519751/000095017023015290/fbhs-20230401.htm"
    },
    {
        "date": "2022-12-31",
        "symbol": "FBIN",
        "reportedCurrency": "USD",
        "cik": "0001519751",
        "fillingDate": "2023-02-28",
        "acceptedDate": "2023-02-28 16:24:45",
        "calendarYear": "2022",
        "period": "Q4",
        "revenue": 1131900000,
        "costOfRevenue": 659700000,
        "grossProfit": 472200000,
        "grossProfitRatio": 0.4171746621,
        "researchAndDevelopmentExpenses": 0,
        "generalAndAdministrativeExpenses": 0,
        "sellingAndMarketingExpenses": 0,
        "sellingGeneralAndAdministrativeExpenses": 257700000,
        "otherExpenses": 31500000,
        "operatingExpenses": 289900000,
        "costAndExpenses": 949600000,
        "interestIncome": 5800000,
        "interestExpense": 34000000,
        "depreciationAndAmortization": 49200000,
        "ebitda": 238400000,
        "ebitdaratio": 0.2106193127,
        "operatingIncome": 182300000,
        "operatingIncomeRatio": 0.1610566304,
        "totalOtherIncomeExpensesNet": -27100000,
        "incomeBeforeTax": 155200000,
        "incomeBeforeTaxRatio": 0.1371145861,
        "incomeTaxExpense": 27200000,
        "netIncome": 109600000,
        "netIncomeRatio": 0.0968283417,
        "eps": 0.86,
        "epsdiluted": 0.85,
        "weightedAverageShsOut": 128040559,
        "weightedAverageShsOutDil": 131300000,
        "link": null,
        "finalLink": null
    },
    {
        "date": "2022-09-30",
        "symbol": "FBIN",
        "reportedCurrency": "USD",
        "cik": "0001519751",
        "fillingDate": "2022-10-27",
        "acceptedDate": "2022-10-27 16:04:17",
        "calendarYear": "2022",
        "period": "Q3",
        "revenue": 1195500000,
        "costOfRevenue": 716600000,
        "grossProfit": 478900000,
        "grossProfitRatio": 0.4005855291,
        "researchAndDevelopmentExpenses": 0,
        "generalAndAdministrativeExpenses": 0,
        "sellingAndMarketingExpenses": 0,
        "sellingGeneralAndAdministrativeExpenses": 253100000,
        "otherExpenses": 33100000,
        "operatingExpenses": 286200000,
        "costAndExpenses": 1002800000,
        "interestIncome": 0,
        "interestExpense": 33000000,
        "depreciationAndAmortization": 48600000,
        "ebitda": 244100000,
        "ebitdaratio": 0.2041823505,
        "operatingIncome": 192700000,
        "operatingIncomeRatio": 0.1611877875,
        "totalOtherIncomeExpensesNet": -30200000,
        "incomeBeforeTax": 162500000,
        "incomeBeforeTaxRatio": 0.1359263906,
        "incomeTaxExpense": 21100000,
        "netIncome": 204200000,
        "netIncomeRatio": 0.1708071936,
        "eps": 1.5,
        "epsdiluted": 1.5,
        "weightedAverageShsOut": 135847434,
        "weightedAverageShsOutDil": 135847434,
        "link": "https://www.sec.gov/Archives/edgar/data/1519751/000095017022020316/0000950170-22-020316-index.htm",
        "finalLink": "https://www.sec.gov/Archives/edgar/data/1519751/000095017022020316/fbhs-20220930.htm"
    },
    {
        "date": "2022-06-30",
        "symbol": "FBIN",
        "reportedCurrency": "USD",
        "cik": "0001519751",
        "fillingDate": "2022-07-28",
        "acceptedDate": "2022-07-28 16:05:59",
        "calendarYear": "2022",
        "period": "Q2",
        "revenue": 1255400000,
        "costOfRevenue": 742000000,
        "grossProfit": 513400000,
        "grossProfitRatio": 0.4089533217,
        "researchAndDevelopmentExpenses": 0,
        "generalAndAdministrativeExpenses": 0,
        "sellingAndMarketingExpenses": 0,
        "sellingGeneralAndAdministrativeExpenses": 281300000,
        "otherExpenses": 12600000,
        "operatingExpenses": 293900000,
        "costAndExpenses": 1035900000,
        "interestIncome": 0,
        "interestExpense": 30500000,
        "depreciationAndAmortization": 46900000,
        "ebitda": 266600000,
        "ebitdaratio": 0.2123625936,
        "operatingIncome": 219500000,
        "operatingIncomeRatio": 0.174844671,
        "totalOtherIncomeExpensesNet": -30300000,
        "incomeBeforeTax": 189200000,
        "incomeBeforeTaxRatio": 0.1507089374,
        "incomeTaxExpense": 44900000,
        "netIncome": 192000000,
        "netIncomeRatio": 0.1529393022,
        "eps": 1.41,
        "epsdiluted": 1.41,
        "weightedAverageShsOut": 135747434,
        "weightedAverageShsOutDil": 135747434,
        "link": "https://www.sec.gov/Archives/edgar/data/1519751/000095017022013367/0000950170-22-013367-index.htm",
        "finalLink": "https://www.sec.gov/Archives/edgar/data/1519751/000095017022013367/fbhs-20220630.htm"
    },
    {
        "date": "2022-03-31",
        "symbol": "FBIN",
        "reportedCurrency": "USD",
        "cik": "0001519751",
        "fillingDate": "2022-05-03",
        "acceptedDate": "2022-05-03 16:05:02",
        "calendarYear": "2022",
        "period": "Q1",
        "revenue": 1140200000,
        "costOfRevenue": 671800000,
        "grossProfit": 468400000,
        "grossProfitRatio": 0.4108051219,
        "researchAndDevelopmentExpenses": 0,
        "generalAndAdministrativeExpenses": 0,
        "sellingAndMarketingExpenses": 0,
        "sellingGeneralAndAdministrativeExpenses": 276400000,
        "otherExpenses": 12200000,
        "operatingExpenses": 288600000,
        "costAndExpenses": 960400000,
        "interestIncome": 0,
        "interestExpense": 21700000,
        "depreciationAndAmortization": 46900000,
        "ebitda": 228800000,
        "ebitdaratio": 0.2006665497,
        "operatingIncome": 179800000,
        "operatingIncomeRatio": 0.157691633,
        "totalOtherIncomeExpensesNet": -19600000,
        "incomeBeforeTax": 160200000,
        "incomeBeforeTaxRatio": 0.1405016664,
        "incomeTaxExpense": 34000000,
        "netIncome": 180900000,
        "netIncomeRatio": 0.1586563761,
        "eps": 1.33,
        "epsdiluted": 1.33,
        "weightedAverageShsOut": 135747434,
        "weightedAverageShsOutDil": 135747434,
        "link": "https://www.sec.gov/Archives/edgar/data/1519751/000095017022007055/0000950170-22-007055-index.htm",
        "finalLink": "https://www.sec.gov/Archives/edgar/data/1519751/000095017022007055/fbhs-20220331.htm"
    },
    {
        "date": "2021-12-31",
        "symbol": "FBIN",
        "reportedCurrency": "USD",
        "cik": "0001519751",
        "fillingDate": "2022-02-28",
        "acceptedDate": "2022-02-28 16:14:07",
        "calendarYear": "2021",
        "period": "Q4",
        "revenue": 1962700000,
        "costOfRevenue": 1271900000,
        "grossProfit": 690800000,
        "grossProfitRatio": 0.351964131,
        "researchAndDevelopmentExpenses": 0,
        "generalAndAdministrativeExpenses": 0,
        "sellingAndMarketingExpenses": 0,
        "sellingGeneralAndAdministrativeExpenses": 403600000,
        "otherExpenses": 26700000,
        "operatingExpenses": 430300000,
        "costAndExpenses": 1702200000,
        "interestIncome": 0,
        "interestExpense": 21200000,
        "depreciationAndAmortization": 47700000,
        "ebitda": 308000000,
        "ebitdaratio": 0.1569266826,
        "operatingIncome": 260500000,
        "operatingIncomeRatio": 0.1327253274,
        "totalOtherIncomeExpensesNet": -21400000,
        "incomeBeforeTax": 239100000,
        "incomeBeforeTaxRatio": 0.1218219799,
        "incomeTaxExpense": 63800000,
        "netIncome": 175300000,
        "netIncomeRatio": 0.0893157385,
        "eps": 1.3,
        "epsdiluted": 1.28,
        "weightedAverageShsOut": 135064296,
        "weightedAverageShsOutDil": 137300000,
        "link": "https://www.sec.gov/Archives/edgar/data/1519751/000095017022002294/0000950170-22-002294-index.htm",
        "finalLink": "https://www.sec.gov/Archives/edgar/data/1519751/000095017022002294/fbhs-20211231.htm"
    },
    {
        "date": "2021-09-30",
        "symbol": "FBIN",
        "reportedCurrency": "USD",
        "cik": "0001519751",
        "fillingDate": "2021-10-27",
        "acceptedDate": "2021-10-27 16:01:28",
        "calendarYear": "2021",
        "period": "Q3",
        "revenue": 1986300000,
        "costOfRevenue": 1280000000,
        "grossProfit": 706300000,
        "grossProfitRatio": 0.3555857625,
        "researchAndDevelopmentExpenses": 0,
        "generalAndAdministrativeExpenses": 0,
        "sellingAndMarketingExpenses": 0,
        "sellingGeneralAndAdministrativeExpenses": 400200000,
        "otherExpenses": 19500000,
        "operatingExpenses": 419700000,
        "costAndExpenses": 1699700000,
        "interestIncome": 0,
        "interestExpense": 20600000,
        "depreciationAndAmortization": 46200000,
        "ebitda": 334100000,
        "ebitdaratio": 0.168202185,
        "operatingIncome": 286600000,
        "operatingIncomeRatio": 0.1442883754,
        "totalOtherIncomeExpensesNet": -19300000,
        "incomeBeforeTax": 267300000,
        "incomeBeforeTaxRatio": 0.1345718169,
        "incomeTaxExpense": 65200000,
        "netIncome": 202100000,
        "netIncomeRatio": 0.1017469667,
        "eps": 1.45,
        "epsdiluted": 1.45,
        "weightedAverageShsOut": 139693842,
        "weightedAverageShsOutDil": 139700000,
        "link": "https://www.sec.gov/Archives/edgar/data/1519751/000156459021052308/0001564590-21-052308-index.htm",
        "finalLink": "https://www.sec.gov/Archives/edgar/data/1519751/000156459021052308/fbhs-10q_20210930.htm"
    },
    {
        "date": "2021-06-30",
        "symbol": "FBIN",
        "reportedCurrency": "USD",
        "cik": "0001519751",
        "fillingDate": "2021-07-29",
        "acceptedDate": "2021-07-29 16:02:36",
        "calendarYear": "2021",
        "period": "Q2",
        "revenue": 1936100000,
        "costOfRevenue": 1230300000,
        "grossProfit": 705800000,
        "grossProfitRatio": 0.3645472858,
        "researchAndDevelopmentExpenses": 0,
        "generalAndAdministrativeExpenses": 0,
        "sellingAndMarketingExpenses": 0,
        "sellingGeneralAndAdministrativeExpenses": 394600000,
        "otherExpenses": 16300000,
        "operatingExpenses": 410900000,
        "costAndExpenses": 1641200000,
        "interestIncome": 0,
        "interestExpense": 21200000,
        "depreciationAndAmortization": 47500000,
        "ebitda": 343700000,
        "ebitdaratio": 0.1775218222,
        "operatingIncome": 294900000,
        "operatingIncomeRatio": 0.1523165126,
        "totalOtherIncomeExpensesNet": -19900000,
        "incomeBeforeTax": 275000000,
        "incomeBeforeTaxRatio": 0.1420381179,
        "incomeTaxExpense": 57800000,
        "netIncome": 217200000,
        "netIncomeRatio": 0.112184288,
        "eps": 1.56,
        "epsdiluted": 1.55,
        "weightedAverageShsOut": 139593842,
        "weightedAverageShsOutDil": 140400000,
        "link": "https://www.sec.gov/Archives/edgar/data/1519751/000156459021039114/0001564590-21-039114-index.htm",
        "finalLink": "https://www.sec.gov/Archives/edgar/data/1519751/000156459021039114/fbhs-10q_20210630.htm"
    },
    {
        "date": "2021-03-31",
        "symbol": "FBIN",
        "reportedCurrency": "USD",
        "cik": "0001519751",
        "fillingDate": "2021-03-31",
        "acceptedDate": "2021-03-30 20:00:00",
        "calendarYear": "2021",
        "period": "Q1",
        "revenue": 1771000000,
        "costOfRevenue": 1126900000,
        "grossProfit": 644100000,
        "grossProfitRatio": 0.3636928289,
        "researchAndDevelopmentExpenses": 0,
        "generalAndAdministrativeExpenses": 0,
        "sellingAndMarketingExpenses": 0,
        "sellingGeneralAndAdministrativeExpenses": 371500000,
        "otherExpenses": 24200000,
        "operatingExpenses": 395700000,
        "costAndExpenses": 1522600000,
        "interestIncome": 0,
        "interestExpense": 21400000,
        "depreciationAndAmortization": 47700000,
        "ebitda": 292800000,
        "ebitdaratio": 0.1653303219,
        "operatingIncome": 248400000,
        "operatingIncomeRatio": 0.1402597403,
        "totalOtherIncomeExpensesNet": -24700000,
        "incomeBeforeTax": 223700000,
        "incomeBeforeTaxRatio": 0.1263128176,
        "incomeTaxExpense": 45900000,
        "netIncome": 177800000,
        "netIncomeRatio": 0.1003952569,
        "eps": 1.28,
        "epsdiluted": 1.26,
        "weightedAverageShsOut": 139293842,
        "weightedAverageShsOutDil": 140600000,
        "link": "",
        "finalLink": ""
    },
    {
        "date": "2020-12-31",
        "symbol": "FBIN",
        "reportedCurrency": "USD",
        "cik": "0001519751",
        "fillingDate": "2020-12-31",
        "acceptedDate": "2020-12-30 19:00:00",
        "calendarYear": "2020",
        "period": "Q4",
        "revenue": 1659700000,
        "costOfRevenue": 1052000000,
        "grossProfit": 607700000,
        "grossProfitRatio": 0.3661505091,
        "researchAndDevelopmentExpenses": 0,
        "generalAndAdministrativeExpenses": 0,
        "sellingAndMarketingExpenses": 0,
        "sellingGeneralAndAdministrativeExpenses": 362900000,
        "otherExpenses": 11600000,
        "operatingExpenses": 374500000,
        "costAndExpenses": 1426500000,
        "interestIncome": 0,
        "interestExpense": 19500000,
        "depreciationAndAmortization": 46600000,
        "ebitda": 279700000,
        "ebitdaratio": 0.1685244321,
        "operatingIncome": 233200000,
        "operatingIncomeRatio": 0.1405073206,
        "totalOtherIncomeExpensesNet": -22500000,
        "incomeBeforeTax": 210700000,
        "incomeBeforeTaxRatio": 0.1269506537,
        "incomeTaxExpense": 47100000,
        "netIncome": 163600000,
        "netIncomeRatio": 0.0985720311,
        "eps": 1.18,
        "epsdiluted": 1.16,
        "weightedAverageShsOut": 138660154,
        "weightedAverageShsOutDil": 140800000,
        "link": "",
        "finalLink": ""
    },
    {
        "date": "2020-09-30",
        "symbol": "FBIN",
        "reportedCurrency": "USD",
        "cik": "0001519751",
        "fillingDate": "2020-09-30",
        "acceptedDate": "2020-09-29 20:00:00",
        "calendarYear": "2020",
        "period": "Q3",
        "revenue": 1652100000,
        "costOfRevenue": 1071500000,
        "grossProfit": 580600000,
        "grossProfitRatio": 0.3514315114,
        "researchAndDevelopmentExpenses": 0,
        "generalAndAdministrativeExpenses": 0,
        "sellingAndMarketingExpenses": 0,
        "sellingGeneralAndAdministrativeExpenses": 328300000,
        "otherExpenses": 12100000,
        "operatingExpenses": 340400000,
        "costAndExpenses": 1411900000,
        "interestIncome": 0,
        "interestExpense": 20100000,
        "depreciationAndAmortization": 39300000,
        "ebitda": 281600000,
        "ebitdaratio": 0.1704497306,
        "operatingIncome": 240200000,
        "operatingIncomeRatio": 0.1453907148,
        "totalOtherIncomeExpensesNet": -20400000,
        "incomeBeforeTax": 219800000,
        "incomeBeforeTaxRatio": 0.133042794,
        "incomeTaxExpense": 54000000,
        "netIncome": 164600000,
        "netIncomeRatio": 0.099630773,
        "eps": 1.16,
        "epsdiluted": 1.16,
        "weightedAverageShsOut": 141464685,
        "weightedAverageShsOutDil": 141464685,
        "link": "",
        "finalLink": ""
    },
    {
        "date": "2020-06-30",
        "symbol": "FBIN",
        "reportedCurrency": "USD",
        "cik": "0001519751",
        "fillingDate": "2020-06-30",
        "acceptedDate": "2020-06-29 20:00:00",
        "calendarYear": "2020",
        "period": "Q2",
        "revenue": 1375800000,
        "costOfRevenue": 892900000,
        "grossProfit": 482900000,
        "grossProfitRatio": 0.3509957843,
        "researchAndDevelopmentExpenses": 0,
        "generalAndAdministrativeExpenses": 0,
        "sellingAndMarketingExpenses": 0,
        "sellingGeneralAndAdministrativeExpenses": 276200000,
        "otherExpenses": 33700000,
        "operatingExpenses": 309900000,
        "costAndExpenses": 1202800000,
        "interestIncome": 0,
        "interestExpense": 22200000,
        "depreciationAndAmortization": 40100000,
        "ebitda": 218300000,
        "ebitdaratio": 0.1586713185,
        "operatingIncome": 173000000,
        "operatingIncomeRatio": 0.1257450211,
        "totalOtherIncomeExpensesNet": -19000000,
        "incomeBeforeTax": 154000000,
        "incomeBeforeTaxRatio": 0.1119348743,
        "incomeTaxExpense": 37800000,
        "netIncome": 115800000,
        "netIncomeRatio": 0.0841692106,
        "eps": 0.82,
        "epsdiluted": 0.82,
        "weightedAverageShsOut": 140664685,
        "weightedAverageShsOutDil": 140664685,
        "link": "",
        "finalLink": ""
    },
    {
        "date": "2020-03-31",
        "symbol": "FBIN",
        "reportedCurrency": "USD",
        "cik": "0001519751",
        "fillingDate": "2020-03-31",
        "acceptedDate": "2020-03-30 20:00:00",
        "calendarYear": "2020",
        "period": "Q1",
        "revenue": 1402700000,
        "costOfRevenue": 909500000,
        "grossProfit": 493200000,
        "grossProfitRatio": 0.3516076139,
        "researchAndDevelopmentExpenses": 0,
        "generalAndAdministrativeExpenses": 0,
        "sellingAndMarketingExpenses": 0,
        "sellingGeneralAndAdministrativeExpenses": 313900000,
        "otherExpenses": 24300000,
        "operatingExpenses": 338200000,
        "costAndExpenses": 1247700000,
        "interestIncome": 0,
        "interestExpense": 22100000,
        "depreciationAndAmortization": 37500000,
        "ebitda": 198600000,
        "ebitdaratio": 0.1415840878,
        "operatingIncome": 155000000,
        "operatingIncomeRatio": 0.1105011763,
        "totalOtherIncomeExpensesNet": -16300000,
        "incomeBeforeTax": 138700000,
        "incomeBeforeTaxRatio": 0.09888073,
        "incomeTaxExpense": 29900000,
        "netIncome": 109100000,
        "netIncomeRatio": 0.0777785699,
        "eps": 0.78,
        "epsdiluted": 0.77,
        "weightedAverageShsOut": 140564685,
        "weightedAverageShsOutDil": 140800000,
        "link": "",
        "finalLink": ""
    },
    {
        "date": "2019-12-31",
        "symbol": "FBIN",
        "reportedCurrency": "USD",
        "cik": "0001519751",
        "fillingDate": "2019-12-31",
        "acceptedDate": "2019-12-30 19:00:00",
        "calendarYear": "2019",
        "period": "Q4",
        "revenue": 1470500000,
        "costOfRevenue": 938700000,
        "grossProfit": 531800000,
        "grossProfitRatio": 0.3616456987,
        "researchAndDevelopmentExpenses": 0,
        "generalAndAdministrativeExpenses": 0,
        "sellingAndMarketingExpenses": 0,
        "sellingGeneralAndAdministrativeExpenses": 344300000,
        "otherExpenses": -5000000,
        "operatingExpenses": 339300000,
        "costAndExpenses": 1278000000,
        "interestIncome": 0,
        "interestExpense": 22400000,
        "depreciationAndAmortization": 40000000,
        "ebitda": 201300000,
        "ebitdaratio": 0.1368922135,
        "operatingIncome": 192500000,
        "operatingIncomeRatio": 0.1309078545,
        "totalOtherIncomeExpensesNet": -53600000,
        "incomeBeforeTax": 138900000,
        "incomeBeforeTaxRatio": 0.0944576675,
        "incomeTaxExpense": 34900000,
        "netIncome": 104100000,
        "netIncomeRatio": 0.0707922475,
        "eps": 0.75,
        "epsdiluted": 0.74,
        "weightedAverageShsOut": 139555487,
        "weightedAverageShsOutDil": 141100000,
        "link": "",
        "finalLink": ""
    },
    {
        "date": "2019-09-30",
        "symbol": "FBIN",
        "reportedCurrency": "USD",
        "cik": "0001519751",
        "fillingDate": "2019-09-30",
        "acceptedDate": "2019-09-29 20:00:00",
        "calendarYear": "2019",
        "period": "Q3",
        "revenue": 1459000000,
        "costOfRevenue": 934800000,
        "grossProfit": 524200000,
        "grossProfitRatio": 0.359287183,
        "researchAndDevelopmentExpenses": 0,
        "generalAndAdministrativeExpenses": 0,
        "sellingAndMarketingExpenses": 0,
        "sellingGeneralAndAdministrativeExpenses": 311300000,
        "otherExpenses": 44900000,
        "operatingExpenses": 356200000,
        "costAndExpenses": 1291000000,
        "interestIncome": 0,
        "interestExpense": 23600000,
        "depreciationAndAmortization": 36700000,
        "ebitda": 205000000,
        "ebitdaratio": 0.1405071967,
        "operatingIncome": 168000000,
        "operatingIncomeRatio": 0.1151473612,
        "totalOtherIncomeExpensesNet": -23300000,
        "incomeBeforeTax": 144700000,
        "incomeBeforeTaxRatio": 0.0991775188,
        "incomeTaxExpense": 39000000,
        "netIncome": 105600000,
        "netIncomeRatio": 0.0723783413,
        "eps": 0.75,
        "epsdiluted": 0.75,
        "weightedAverageShsOut": 141289377,
        "weightedAverageShsOutDil": 141289377,
        "link": "",
        "finalLink": ""
    },
    {
        "date": "2019-06-30",
        "symbol": "FBIN",
        "reportedCurrency": "USD",
        "cik": "0001519751",
        "fillingDate": "2019-06-30",
        "acceptedDate": "2019-06-29 20:00:00",
        "calendarYear": "2019",
        "period": "Q2",
        "revenue": 1507200000,
        "costOfRevenue": 969600000,
        "grossProfit": 537600000,
        "grossProfitRatio": 0.3566878981,
        "researchAndDevelopmentExpenses": 0,
        "generalAndAdministrativeExpenses": 0,
        "sellingAndMarketingExpenses": 0,
        "sellingGeneralAndAdministrativeExpenses": 320600000,
        "otherExpenses": 14600000,
        "operatingExpenses": 335200000,
        "costAndExpenses": 1304800000,
        "interestIncome": 0,
        "interestExpense": 24500000,
        "depreciationAndAmortization": 38200000,
        "ebitda": 241300000,
        "ebitdaratio": 0.1600981953,
        "operatingIncome": 202400000,
        "operatingIncomeRatio": 0.1342887473,
        "totalOtherIncomeExpensesNet": -23800000,
        "incomeBeforeTax": 178600000,
        "incomeBeforeTaxRatio": 0.1184978769,
        "incomeTaxExpense": 41500000,
        "netIncome": 137500000,
        "netIncomeRatio": 0.0912287686,
        "eps": 0.97,
        "epsdiluted": 0.97,
        "weightedAverageShsOut": 141289377,
        "weightedAverageShsOutDil": 141300000,
        "link": "",
        "finalLink": ""
    },
    {
        "date": "2019-03-31",
        "symbol": "FBIN",
        "reportedCurrency": "USD",
        "cik": "0001519751",
        "fillingDate": "2019-03-31",
        "acceptedDate": "2019-03-30 20:00:00",
        "calendarYear": "2019",
        "period": "Q1",
        "revenue": 1327900000,
        "costOfRevenue": 869100000,
        "grossProfit": 458800000,
        "grossProfitRatio": 0.3455079449,
        "researchAndDevelopmentExpenses": 0,
        "generalAndAdministrativeExpenses": 0,
        "sellingAndMarketingExpenses": 0,
        "sellingGeneralAndAdministrativeExpenses": 312000000,
        "otherExpenses": 11200000,
        "operatingExpenses": 323200000,
        "costAndExpenses": 1192300000,
        "interestIncome": 0,
        "interestExpense": 23700000,
        "depreciationAndAmortization": 37800000,
        "ebitda": 174600000,
        "ebitdaratio": 0.1314858047,
        "operatingIncome": 135600000,
        "operatingIncomeRatio": 0.1021161232,
        "totalOtherIncomeExpensesNet": -22500000,
        "incomeBeforeTax": 113100000,
        "incomeBeforeTaxRatio": 0.0851720762,
        "incomeTaxExpense": 28600000,
        "netIncome": 84700000,
        "netIncomeRatio": 0.0637849236,
        "eps": 0.6,
        "epsdiluted": 0.6,
        "weightedAverageShsOut": 141089377,
        "weightedAverageShsOutDil": 141900000,
        "link": "",
        "finalLink": ""
    },
    {
        "date": "2018-12-31",
        "symbol": "FBIN",
        "reportedCurrency": "USD",
        "cik": "0001519751",
        "fillingDate": "2018-12-31",
        "acceptedDate": "2018-12-30 19:00:00",
        "calendarYear": "2018",
        "period": "Q4",
        "revenue": 1420700000,
        "costOfRevenue": 918900000,
        "grossProfit": 501800000,
        "grossProfitRatio": 0.353206166,
        "researchAndDevelopmentExpenses": 0,
        "generalAndAdministrativeExpenses": 0,
        "sellingAndMarketingExpenses": 0,
        "sellingGeneralAndAdministrativeExpenses": 302100000,
        "otherExpenses": 59600000,
        "operatingExpenses": 361700000,
        "costAndExpenses": 1280600000,
        "interestIncome": 0,
        "interestExpense": 23400000,
        "depreciationAndAmortization": 40700000,
        "ebitda": 181300000,
        "ebitdaratio": 0.1276131484,
        "operatingIncome": 140100000,
        "operatingIncomeRatio": 0.0986133596,
        "totalOtherIncomeExpensesNet": -22900000,
        "incomeBeforeTax": 117200000,
        "incomeBeforeTaxRatio": 0.0824945449,
        "incomeTaxExpense": 31900000,
        "netIncome": 85200000,
        "netIncomeRatio": 0.0599704371,
        "eps": 0.61,
        "epsdiluted": 0.6,
        "weightedAverageShsOut": 140498981,
        "weightedAverageShsOutDil": 142600000,
        "link": "",
        "finalLink": ""
    },
    {
        "date": "2018-09-30",
        "symbol": "FBIN",
        "reportedCurrency": "USD",
        "cik": "0001519751",
        "fillingDate": "2018-09-30",
        "acceptedDate": "2018-09-29 20:00:00",
        "calendarYear": "2018",
        "period": "Q3",
        "revenue": 1380800000,
        "costOfRevenue": 886900000,
        "grossProfit": 493900000,
        "grossProfitRatio": 0.3576911935,
        "researchAndDevelopmentExpenses": 0,
        "generalAndAdministrativeExpenses": 0,
        "sellingAndMarketingExpenses": 0,
        "sellingGeneralAndAdministrativeExpenses": 305100000,
        "otherExpenses": 41700000,
        "operatingExpenses": 346800000,
        "costAndExpenses": 1233700000,
        "interestIncome": 0,
        "interestExpense": 19000000,
        "depreciationAndAmortization": 37500000,
        "ebitda": 194200000,
        "ebitdaratio": 0.1406431054,
        "operatingIncome": 147100000,
        "operatingIncomeRatio": 0.106532445,
        "totalOtherIncomeExpensesNet": -9400000,
        "incomeBeforeTax": 137700000,
        "incomeBeforeTaxRatio": 0.0997247972,
        "incomeTaxExpense": 37800000,
        "netIncome": 99800000,
        "netIncomeRatio": 0.0722769409,
        "eps": 0.65,
        "epsdiluted": 0.65,
        "weightedAverageShsOut": 152720071,
        "weightedAverageShsOutDil": 152720071,
        "link": "",
        "finalLink": ""
    },
    {
        "date": "2018-06-30",
        "symbol": "FBIN",
        "reportedCurrency": "USD",
        "cik": "0001519751",
        "fillingDate": "2018-06-30",
        "acceptedDate": "2018-06-29 20:00:00",
        "calendarYear": "2018",
        "period": "Q2",
        "revenue": 1429000000,
        "costOfRevenue": 904900000,
        "grossProfit": 524100000,
        "grossProfitRatio": 0.366759972,
        "researchAndDevelopmentExpenses": 0,
        "generalAndAdministrativeExpenses": 0,
        "sellingAndMarketingExpenses": 0,
        "sellingGeneralAndAdministrativeExpenses": 316500000,
        "otherExpenses": 19000000,
        "operatingExpenses": 335500000,
        "costAndExpenses": 1240400000,
        "interestIncome": 0,
        "interestExpense": 17400000,
        "depreciationAndAmortization": 37900000,
        "ebitda": 229900000,
        "ebitdaratio": 0.1608817355,
        "operatingIncome": 188600000,
        "operatingIncomeRatio": 0.1319804059,
        "totalOtherIncomeExpensesNet": -14000000,
        "incomeBeforeTax": 174600000,
        "incomeBeforeTaxRatio": 0.122183345,
        "incomeTaxExpense": 44900000,
        "netIncome": 129600000,
        "netIncomeRatio": 0.0906927922,
        "eps": 0.85,
        "epsdiluted": 0.85,
        "weightedAverageShsOut": 152620071,
        "weightedAverageShsOutDil": 152620071,
        "link": "",
        "finalLink": ""
    },
    {
        "date": "2018-03-31",
        "symbol": "FBIN",
        "reportedCurrency": "USD",
        "cik": "0001519751",
        "fillingDate": "2018-03-31",
        "acceptedDate": "2018-03-30 20:00:00",
        "calendarYear": "2018",
        "period": "Q1",
        "revenue": 1254600000,
        "costOfRevenue": 815000000,
        "grossProfit": 439600000,
        "grossProfitRatio": 0.3503905627,
        "researchAndDevelopmentExpenses": 0,
        "generalAndAdministrativeExpenses": 0,
        "sellingAndMarketingExpenses": 0,
        "sellingGeneralAndAdministrativeExpenses": 311200000,
        "otherExpenses": 9000000,
        "operatingExpenses": 320200000,
        "costAndExpenses": 1135200000,
        "interestIncome": 0,
        "interestExpense": 14700000,
        "depreciationAndAmortization": 33500000,
        "ebitda": 155700000,
        "ebitdaratio": 0.1241032999,
        "operatingIncome": 119400000,
        "operatingIncomeRatio": 0.0951697752,
        "totalOtherIncomeExpensesNet": -11900000,
        "incomeBeforeTax": 107500000,
        "incomeBeforeTaxRatio": 0.0856846804,
        "incomeTaxExpense": 32400000,
        "netIncome": 75000000,
        "netIncomeRatio": 0.0597800096,
        "eps": 0.49,
        "epsdiluted": 0.49,
        "weightedAverageShsOut": 152520071,
        "weightedAverageShsOutDil": 152520071,
        "link": "",
        "finalLink": ""
    },
    {
        "date": "2017-12-31",
        "symbol": "FBIN",
        "reportedCurrency": "USD",
        "cik": "0001519751",
        "fillingDate": "2017-12-31",
        "acceptedDate": "2017-12-30 19:00:00",
        "calendarYear": "2017",
        "period": "Q4",
        "revenue": 1382500000,
        "costOfRevenue": 889500000,
        "grossProfit": 493000000,
        "grossProfitRatio": 0.3566003617,
        "researchAndDevelopmentExpenses": 0,
        "generalAndAdministrativeExpenses": 0,
        "sellingAndMarketingExpenses": 0,
        "sellingGeneralAndAdministrativeExpenses": 317100000,
        "otherExpenses": 12900000,
        "operatingExpenses": 330000000,
        "costAndExpenses": 1219500000,
        "interestIncome": 0,
        "interestExpense": 12900000,
        "depreciationAndAmortization": 34000000,
        "ebitda": 189300000,
        "ebitdaratio": 0.136925859,
        "operatingIncome": 163000000,
        "operatingIncomeRatio": 0.1179023508,
        "totalOtherIncomeExpensesNet": -20600000,
        "incomeBeforeTax": 142400000,
        "incomeBeforeTaxRatio": 0.1030018083,
        "incomeTaxExpense": 14400000,
        "netIncome": 128000000,
        "netIncomeRatio": 0.0925858951,
        "eps": 0.84,
        "epsdiluted": 0.83,
        "weightedAverageShsOut": 151906797,
        "weightedAverageShsOutDil": 154400000,
        "link": "",
        "finalLink": ""
    },
    {
        "date": "2017-09-30",
        "symbol": "FBIN",
        "reportedCurrency": "USD",
        "cik": "0001519751",
        "fillingDate": "2017-09-30",
        "acceptedDate": "2017-09-29 20:00:00",
        "calendarYear": "2017",
        "period": "Q3",
        "revenue": 1348600000,
        "costOfRevenue": 843300000,
        "grossProfit": 505300000,
        "grossProfitRatio": 0.3746848584,
        "researchAndDevelopmentExpenses": 0,
        "generalAndAdministrativeExpenses": 0,
        "sellingAndMarketingExpenses": 0,
        "sellingGeneralAndAdministrativeExpenses": 297900000,
        "otherExpenses": 7900000,
        "operatingExpenses": 305800000,
        "costAndExpenses": 1149100000,
        "interestIncome": 0,
        "interestExpense": 12300000,
        "depreciationAndAmortization": 32300000,
        "ebitda": 234000000,
        "ebitdaratio": 0.173513273,
        "operatingIncome": 199500000,
        "operatingIncomeRatio": 0.1479311879,
        "totalOtherIncomeExpensesNet": -10100000,
        "incomeBeforeTax": 189400000,
        "incomeBeforeTaxRatio": 0.1404419398,
        "incomeTaxExpense": 59800000,
        "netIncome": 129500000,
        "netIncomeRatio": 0.0960255079,
        "eps": 0.83,
        "epsdiluted": 0.83,
        "weightedAverageShsOut": 155294070,
        "weightedAverageShsOutDil": 155900000,
        "link": "",
        "finalLink": ""
    },
    {
        "date": "2017-06-30",
        "symbol": "FBIN",
        "reportedCurrency": "USD",
        "cik": "0001519751",
        "fillingDate": "2017-06-30",
        "acceptedDate": "2017-06-29 20:00:00",
        "calendarYear": "2017",
        "period": "Q2",
        "revenue": 1365400000,
        "costOfRevenue": 852100000,
        "grossProfit": 513300000,
        "grossProfitRatio": 0.3759337923,
        "researchAndDevelopmentExpenses": 0,
        "generalAndAdministrativeExpenses": 0,
        "sellingAndMarketingExpenses": 0,
        "sellingGeneralAndAdministrativeExpenses": 292800000,
        "otherExpenses": 11300000,
        "operatingExpenses": 304100000,
        "costAndExpenses": 1156200000,
        "interestIncome": 0,
        "interestExpense": 12300000,
        "depreciationAndAmortization": 32200000,
        "ebitda": 243700000,
        "ebitdaratio": 0.178482496,
        "operatingIncome": 209200000,
        "operatingIncomeRatio": 0.153215175,
        "totalOtherIncomeExpensesNet": -10000000,
        "incomeBeforeTax": 199200000,
        "incomeBeforeTaxRatio": 0.1458913139,
        "incomeTaxExpense": 58900000,
        "netIncome": 137700000,
        "netIncomeRatio": 0.1008495679,
        "eps": 0.89,
        "epsdiluted": 0.89,
        "weightedAverageShsOut": 155194070,
        "weightedAverageShsOutDil": 156600000,
        "link": "",
        "finalLink": ""
    },
    {
        "date": "2017-03-31",
        "symbol": "FBIN",
        "reportedCurrency": "USD",
        "cik": "0001519751",
        "fillingDate": "2017-03-31",
        "acceptedDate": "2017-03-30 20:00:00",
        "calendarYear": "2017",
        "period": "Q1",
        "revenue": 1186800000,
        "costOfRevenue": 772700000,
        "grossProfit": 414100000,
        "grossProfitRatio": 0.3489214695,
        "researchAndDevelopmentExpenses": 0,
        "generalAndAdministrativeExpenses": 0,
        "sellingAndMarketingExpenses": 0,
        "sellingGeneralAndAdministrativeExpenses": 289600000,
        "otherExpenses": 13500000,
        "operatingExpenses": 303100000,
        "costAndExpenses": 1075800000,
        "interestIncome": 0,
        "interestExpense": 11900000,
        "depreciationAndAmortization": 31800000,
        "ebitda": 147500000,
        "ebitdaratio": 0.1242837883,
        "operatingIncome": 111000000,
        "operatingIncomeRatio": 0.093528817,
        "totalOtherIncomeExpensesNet": -7200000,
        "incomeBeforeTax": 103800000,
        "incomeBeforeTaxRatio": 0.0874620829,
        "incomeTaxExpense": 26400000,
        "netIncome": 77400000,
        "netIncomeRatio": 0.0652173913,
        "eps": 0.5,
        "epsdiluted": 0.5,
        "weightedAverageShsOut": 154394070,
        "weightedAverageShsOutDil": 156200000,
        "link": "",
        "finalLink": ""
    },
    {
        "date": "2016-12-31",
        "symbol": "FBIN",
        "reportedCurrency": "USD",
        "cik": "0001519751",
        "fillingDate": "2016-12-31",
        "acceptedDate": "2016-12-30 19:00:00",
        "calendarYear": "2016",
        "period": "Q4",
        "revenue": 1301600000,
        "costOfRevenue": 827500000,
        "grossProfit": 474100000,
        "grossProfitRatio": 0.3642440074,
        "researchAndDevelopmentExpenses": 0,
        "generalAndAdministrativeExpenses": 0,
        "sellingAndMarketingExpenses": 0,
        "sellingGeneralAndAdministrativeExpenses": 298500000,
        "otherExpenses": 9200000,
        "operatingExpenses": 307700000,
        "costAndExpenses": 1135200000,
        "interestIncome": 0,
        "interestExpense": 11600000,
        "depreciationAndAmortization": 33000000,
        "ebitda": 197800000,
        "ebitdaratio": 0.1519668101,
        "operatingIncome": 166400000,
        "operatingIncomeRatio": 0.1278426552,
        "totalOtherIncomeExpensesNet": -13200000,
        "incomeBeforeTax": 153200000,
        "incomeBeforeTaxRatio": 0.1177012907,
        "incomeTaxExpense": 48800000,
        "netIncome": 103600000,
        "netIncomeRatio": 0.0795943454,
        "eps": 0.68,
        "epsdiluted": 0.67,
        "weightedAverageShsOut": 153412050,
        "weightedAverageShsOutDil": 156800000,
        "link": "",
        "finalLink": ""
    },
    {
        "date": "2016-09-30",
        "symbol": "FBIN",
        "reportedCurrency": "USD",
        "cik": "0001519751",
        "fillingDate": "2016-09-30",
        "acceptedDate": "2016-09-29 20:00:00",
        "calendarYear": "2016",
        "period": "Q3",
        "revenue": 1279000000,
        "costOfRevenue": 801000000,
        "grossProfit": 478000000,
        "grossProfitRatio": 0.3737294762,
        "researchAndDevelopmentExpenses": 0,
        "generalAndAdministrativeExpenses": 0,
        "sellingAndMarketingExpenses": 0,
        "sellingGeneralAndAdministrativeExpenses": 284500000,
        "otherExpenses": 10400000,
        "operatingExpenses": 294900000,
        "costAndExpenses": 1095900000,
        "interestIncome": 0,
        "interestExpense": 11800000,
        "depreciationAndAmortization": 29900000,
        "ebitda": 212400000,
        "ebitdaratio": 0.16606724,
        "operatingIncome": 183100000,
        "operatingIncomeRatio": 0.1431587177,
        "totalOtherIncomeExpensesNet": -12400000,
        "incomeBeforeTax": 170700000,
        "incomeBeforeTaxRatio": 0.1334636435,
        "incomeTaxExpense": 48800000,
        "netIncome": 123400000,
        "netIncomeRatio": 0.0964816263,
        "eps": 0.8,
        "epsdiluted": 0.77,
        "weightedAverageShsOut": 153394070,
        "weightedAverageShsOutDil": 157600000,
        "link": "",
        "finalLink": ""
    },
    {
        "date": "2016-06-30",
        "symbol": "FBIN",
        "reportedCurrency": "USD",
        "cik": "0001519751",
        "fillingDate": "2016-06-30",
        "acceptedDate": "2016-06-29 20:00:00",
        "calendarYear": "2016",
        "period": "Q2",
        "revenue": 1297800000,
        "costOfRevenue": 823100000,
        "grossProfit": 474700000,
        "grossProfitRatio": 0.3657728464,
        "researchAndDevelopmentExpenses": 0,
        "generalAndAdministrativeExpenses": 0,
        "sellingAndMarketingExpenses": 0,
        "sellingGeneralAndAdministrativeExpenses": 276700000,
        "otherExpenses": 10300000,
        "operatingExpenses": 287000000,
        "costAndExpenses": 1110100000,
        "interestIncome": 0,
        "interestExpense": 13900000,
        "depreciationAndAmortization": 29000000,
        "ebitda": 217100000,
        "ebitdaratio": 0.1672830945,
        "operatingIncome": 187700000,
        "operatingIncomeRatio": 0.1446293728,
        "totalOtherIncomeExpensesNet": -13500000,
        "incomeBeforeTax": 174200000,
        "incomeBeforeTaxRatio": 0.1342271536,
        "incomeTaxExpense": 49100000,
        "netIncome": 125200000,
        "netIncomeRatio": 0.0964709508,
        "eps": 0.82,
        "epsdiluted": 0.8,
        "weightedAverageShsOut": 152494070,
        "weightedAverageShsOutDil": 157200000,
        "link": "",
        "finalLink": ""
    },
    {
        "date": "2016-03-31",
        "symbol": "FBIN",
        "reportedCurrency": "USD",
        "cik": "0001519751",
        "fillingDate": "2016-03-31",
        "acceptedDate": "2016-03-30 20:00:00",
        "calendarYear": "2016",
        "period": "Q1",
        "revenue": 1106500000,
        "costOfRevenue": 728700000,
        "grossProfit": 377800000,
        "grossProfitRatio": 0.3414369634,
        "researchAndDevelopmentExpenses": 0,
        "generalAndAdministrativeExpenses": 0,
        "sellingAndMarketingExpenses": 0,
        "sellingGeneralAndAdministrativeExpenses": 270200000,
        "otherExpenses": 12100000,
        "operatingExpenses": 282300000,
        "costAndExpenses": 1011000000,
        "interestIncome": 0,
        "interestExpense": 11800000,
        "depreciationAndAmortization": 30800000,
        "ebitda": 126600000,
        "ebitdaratio": 0.1144148215,
        "operatingIncome": 95500000,
        "operatingIncomeRatio": 0.0863081789,
        "totalOtherIncomeExpensesNet": -11500000,
        "incomeBeforeTax": 84000000,
        "incomeBeforeTaxRatio": 0.0759150474,
        "incomeTaxExpense": 23000000,
        "netIncome": 61000000,
        "netIncomeRatio": 0.0551287845,
        "eps": 0.39,
        "epsdiluted": 0.38,
        "weightedAverageShsOut": 151794070,
        "weightedAverageShsOutDil": 158500000,
        "link": "",
        "finalLink": ""
    },
    {
        "date": "2015-12-31",
        "symbol": "FBIN",
        "reportedCurrency": "USD",
        "cik": "0001519751",
        "fillingDate": "2015-12-31",
        "acceptedDate": "2015-12-30 19:00:00",
        "calendarYear": "2015",
        "period": "Q4",
        "revenue": 1224700000,
        "costOfRevenue": 804600000,
        "grossProfit": 420100000,
        "grossProfitRatio": 0.3430227811,
        "researchAndDevelopmentExpenses": 0,
        "generalAndAdministrativeExpenses": 0,
        "sellingAndMarketingExpenses": 0,
        "sellingGeneralAndAdministrativeExpenses": 269500000,
        "otherExpenses": 10300000,
        "operatingExpenses": 279800000,
        "costAndExpenses": 1084400000,
        "interestIncome": 0,
        "interestExpense": 11400000,
        "depreciationAndAmortization": 33300000,
        "ebitda": 173000000,
        "ebitdaratio": 0.1412590839,
        "operatingIncome": 140300000,
        "operatingIncomeRatio": 0.1145586674,
        "totalOtherIncomeExpensesNet": -12000000,
        "incomeBeforeTax": 128300000,
        "incomeBeforeTaxRatio": 0.1047603495,
        "incomeTaxExpense": 40700000,
        "netIncome": 87800000,
        "netIncomeRatio": 0.0716910264,
        "eps": 0.55,
        "epsdiluted": 0.54,
        "weightedAverageShsOut": 159906032,
        "weightedAverageShsOutDil": 162900000,
        "link": "",
        "finalLink": ""
    },
    {
        "date": "2015-09-30",
        "symbol": "FBIN",
        "reportedCurrency": "USD",
        "cik": "0001519751",
        "fillingDate": "2015-09-30",
        "acceptedDate": "2015-09-29 20:00:00",
        "calendarYear": "2015",
        "period": "Q3",
        "revenue": 1238800000,
        "costOfRevenue": 804300000,
        "grossProfit": 434500000,
        "grossProfitRatio": 0.3507426542,
        "researchAndDevelopmentExpenses": 0,
        "generalAndAdministrativeExpenses": 0,
        "sellingAndMarketingExpenses": 0,
        "sellingGeneralAndAdministrativeExpenses": 265700000,
        "otherExpenses": 8500000,
        "operatingExpenses": 274200000,
        "costAndExpenses": 1078500000,
        "interestIncome": 0,
        "interestExpense": 11100000,
        "depreciationAndAmortization": 31600000,
        "ebitda": 191400000,
        "ebitdaratio": 0.1545043591,
        "operatingIncome": 160300000,
        "operatingIncomeRatio": 0.1293994188,
        "totalOtherIncomeExpensesNet": -11600000,
        "incomeBeforeTax": 148700000,
        "incomeBeforeTaxRatio": 0.1200355182,
        "incomeTaxExpense": 48700000,
        "netIncome": 107500000,
        "netIncomeRatio": 0.0867775266,
        "eps": 0.67,
        "epsdiluted": 0.61,
        "weightedAverageShsOut": 159695840,
        "weightedAverageShsOutDil": 163400000,
        "link": "",
        "finalLink": ""
    },
    {
        "date": "2015-06-30",
        "symbol": "FBIN",
        "reportedCurrency": "USD",
        "cik": "0001519751",
        "fillingDate": "2015-06-30",
        "acceptedDate": "2015-06-29 20:00:00",
        "calendarYear": "2015",
        "period": "Q2",
        "revenue": 1165100000,
        "costOfRevenue": 754700000,
        "grossProfit": 410400000,
        "grossProfitRatio": 0.3522444425,
        "researchAndDevelopmentExpenses": 0,
        "generalAndAdministrativeExpenses": 0,
        "sellingAndMarketingExpenses": 0,
        "sellingGeneralAndAdministrativeExpenses": 271000000,
        "otherExpenses": 11200000,
        "operatingExpenses": 282200000,
        "costAndExpenses": 1036900000,
        "interestIncome": 0,
        "interestExpense": 6000000,
        "depreciationAndAmortization": 26200000,
        "ebitda": 152900000,
        "ebitdaratio": 0.1312333705,
        "operatingIncome": 128200000,
        "operatingIncomeRatio": 0.1100334735,
        "totalOtherIncomeExpensesNet": -7500000,
        "incomeBeforeTax": 120700000,
        "incomeBeforeTaxRatio": 0.1035962578,
        "incomeTaxExpense": 42700000,
        "netIncome": 79700000,
        "netIncomeRatio": 0.0684061454,
        "eps": 0.5,
        "epsdiluted": 0.48,
        "weightedAverageShsOut": 159990111,
        "weightedAverageShsOutDil": 163000000,
        "link": "",
        "finalLink": ""
    },
    {
        "date": "2015-03-31",
        "symbol": "FBIN",
        "reportedCurrency": "USD",
        "cik": "0001519751",
        "fillingDate": "2015-03-31",
        "acceptedDate": "2015-03-30 20:00:00",
        "calendarYear": "2015",
        "period": "Q1",
        "revenue": 950800000,
        "costOfRevenue": 633900000,
        "grossProfit": 316900000,
        "grossProfitRatio": 0.3332982751,
        "researchAndDevelopmentExpenses": 0,
        "generalAndAdministrativeExpenses": 0,
        "sellingAndMarketingExpenses": 0,
        "sellingGeneralAndAdministrativeExpenses": 241400000,
        "otherExpenses": 8200000,
        "operatingExpenses": 249600000,
        "costAndExpenses": 883500000,
        "interestIncome": 0,
        "interestExpense": 3400000,
        "depreciationAndAmortization": 24000000,
        "ebitda": 89600000,
        "ebitdaratio": 0.0942364325,
        "operatingIncome": 67300000,
        "operatingIncomeRatio": 0.0707824989,
        "totalOtherIncomeExpensesNet": -5100000,
        "incomeBeforeTax": 62200000,
        "incomeBeforeTaxRatio": 0.0654185949,
        "incomeTaxExpense": 21300000,
        "netIncome": 40000000,
        "netIncomeRatio": 0.0420698359,
        "eps": 0.25,
        "epsdiluted": 0.25,
        "weightedAverageShsOut": 159690111,
        "weightedAverageShsOutDil": 162600000,
        "link": "",
        "finalLink": ""
    },
    {
        "date": "2014-12-31",
        "symbol": "FBIN",
        "reportedCurrency": "USD",
        "cik": "0001519751",
        "fillingDate": "2014-12-31",
        "acceptedDate": "2014-12-30 19:00:00",
        "calendarYear": "2014",
        "period": "Q4",
        "revenue": 940300000,
        "costOfRevenue": 623200000,
        "grossProfit": 317100000,
        "grossProfitRatio": 0.337232798,
        "researchAndDevelopmentExpenses": 0,
        "generalAndAdministrativeExpenses": 0,
        "sellingAndMarketingExpenses": 0,
        "sellingGeneralAndAdministrativeExpenses": 243900000,
        "otherExpenses": 7300000,
        "operatingExpenses": 251200000,
        "costAndExpenses": 874400000,
        "interestIncome": 0,
        "interestExpense": 3200000,
        "depreciationAndAmortization": 25600000,
        "ebitda": 90400000,
        "ebitdaratio": 0.0961395299,
        "operatingIncome": 65900000,
        "operatingIncomeRatio": 0.0700840157,
        "totalOtherIncomeExpensesNet": -4300000,
        "incomeBeforeTax": 61600000,
        "incomeBeforeTaxRatio": 0.0655110071,
        "incomeTaxExpense": 13100000,
        "netIncome": 45100000,
        "netIncomeRatio": 0.0479634159,
        "eps": 0.29,
        "epsdiluted": 0.29,
        "weightedAverageShsOut": 158140128,
        "weightedAverageShsOutDil": 162300000,
        "link": "",
        "finalLink": ""
    },
    {
        "date": "2014-09-30",
        "symbol": "FBIN",
        "reportedCurrency": "USD",
        "cik": "0001519751",
        "fillingDate": "2014-09-30",
        "acceptedDate": "2014-09-29 20:00:00",
        "calendarYear": "2014",
        "period": "Q3",
        "revenue": 1057700000,
        "costOfRevenue": 689700000,
        "grossProfit": 368000000,
        "grossProfitRatio": 0.3479247424,
        "researchAndDevelopmentExpenses": 0,
        "generalAndAdministrativeExpenses": 0,
        "sellingAndMarketingExpenses": 0,
        "sellingGeneralAndAdministrativeExpenses": 234900000,
        "otherExpenses": 3600000,
        "operatingExpenses": 238500000,
        "costAndExpenses": 928200000,
        "interestIncome": 0,
        "interestExpense": 3200000,
        "depreciationAndAmortization": 25600000,
        "ebitda": 155600000,
        "ebitdaratio": 0.1471116574,
        "operatingIncome": 129500000,
        "operatingIncomeRatio": 0.1224354732,
        "totalOtherIncomeExpensesNet": -2700000,
        "incomeBeforeTax": 126800000,
        "incomeBeforeTaxRatio": 0.1198827645,
        "incomeTaxExpense": 42300000,
        "netIncome": -21100000,
        "netIncomeRatio": -0.0199489458,
        "eps": -0.13,
        "epsdiluted": -0.13,
        "weightedAverageShsOut": 157490111,
        "weightedAverageShsOutDil": 163200000,
        "link": "",
        "finalLink": ""
    },
    {
        "date": "2014-06-30",
        "symbol": "FBIN",
        "reportedCurrency": "USD",
        "cik": "0001519751",
        "fillingDate": "2014-06-30",
        "acceptedDate": "2014-06-29 20:00:00",
        "calendarYear": "2014",
        "period": "Q2",
        "revenue": 1027200000,
        "costOfRevenue": 665400000,
        "grossProfit": 361800000,
        "grossProfitRatio": 0.3522196262,
        "researchAndDevelopmentExpenses": 0,
        "generalAndAdministrativeExpenses": 0,
        "sellingAndMarketingExpenses": 0,
        "sellingGeneralAndAdministrativeExpenses": 232600000,
        "otherExpenses": 3700000,
        "operatingExpenses": 236300000,
        "costAndExpenses": 901700000,
        "interestIncome": 0,
        "interestExpense": 2100000,
        "depreciationAndAmortization": 24100000,
        "ebitda": 148600000,
        "ebitdaratio": 0.144665109,
        "operatingIncome": 125500000,
        "operatingIncomeRatio": 0.1221767913,
        "totalOtherIncomeExpensesNet": -3100000,
        "incomeBeforeTax": 122400000,
        "incomeBeforeTaxRatio": 0.1191588785,
        "incomeTaxExpense": 36100000,
        "netIncome": 93300000,
        "netIncomeRatio": 0.0908294393,
        "eps": 0.6,
        "epsdiluted": 0.55,
        "weightedAverageShsOut": 156590111,
        "weightedAverageShsOutDil": 168700000,
        "link": "",
        "finalLink": ""
    },
    {
        "date": "2014-03-31",
        "symbol": "FBIN",
        "reportedCurrency": "USD",
        "cik": "0001519751",
        "fillingDate": "2014-03-31",
        "acceptedDate": "2014-03-30 20:00:00",
        "calendarYear": "2014",
        "period": "Q1",
        "revenue": 889100000,
        "costOfRevenue": 593800000,
        "grossProfit": 295300000,
        "grossProfitRatio": 0.3321336183,
        "researchAndDevelopmentExpenses": 0,
        "generalAndAdministrativeExpenses": 0,
        "sellingAndMarketingExpenses": 0,
        "sellingGeneralAndAdministrativeExpenses": 222700000,
        "otherExpenses": 3300000,
        "operatingExpenses": 226000000,
        "costAndExpenses": 819800000,
        "interestIncome": 0,
        "interestExpense": 1900000,
        "depreciationAndAmortization": 23500000,
        "ebitda": 93300000,
        "ebitdaratio": 0.1049375773,
        "operatingIncome": 69300000,
        "operatingIncomeRatio": 0.0779439883,
        "totalOtherIncomeExpensesNet": -1400000,
        "incomeBeforeTax": 67900000,
        "incomeBeforeTaxRatio": 0.0763693623,
        "incomeTaxExpense": 21600000,
        "netIncome": 40800000,
        "netIncomeRatio": 0.0458891013,
        "eps": 0.24,
        "epsdiluted": 0.24,
        "weightedAverageShsOut": 167795680,
        "weightedAverageShsOutDil": 171200000,
        "link": "",
        "finalLink": ""
    },
    {
        "date": "2013-12-31",
        "symbol": "FBIN",
        "reportedCurrency": "USD",
        "cik": "0001519751",
        "fillingDate": "2013-12-31",
        "acceptedDate": "2013-12-30 19:00:00",
        "calendarYear": "2013",
        "period": "Q4",
        "revenue": 1101900000,
        "costOfRevenue": 725200000,
        "grossProfit": 376700000,
        "grossProfitRatio": 0.341864053,
        "researchAndDevelopmentExpenses": 0,
        "generalAndAdministrativeExpenses": 0,
        "sellingAndMarketingExpenses": 0,
        "sellingGeneralAndAdministrativeExpenses": 275700000,
        "otherExpenses": 5600000,
        "operatingExpenses": 281300000,
        "costAndExpenses": 1006500000,
        "interestIncome": 0,
        "interestExpense": 1700000,
        "depreciationAndAmortization": 24200000,
        "ebitda": 120000000,
        "ebitdaratio": 0.1089028042,
        "operatingIncome": 95400000,
        "operatingIncomeRatio": 0.0865777294,
        "totalOtherIncomeExpensesNet": -1300000,
        "incomeBeforeTax": 94100000,
        "incomeBeforeTaxRatio": 0.085397949,
        "incomeTaxExpense": 29500000,
        "netIncome": 64200000,
        "netIncomeRatio": 0.0582630003,
        "eps": 0.39,
        "epsdiluted": 0.37,
        "weightedAverageShsOut": 166667936,
        "weightedAverageShsOutDil": 171800000,
        "link": "",
        "finalLink": ""
    },
    {
        "date": "2013-09-30",
        "symbol": "FBIN",
        "reportedCurrency": "USD",
        "cik": "0001519751",
        "fillingDate": "2013-09-30",
        "acceptedDate": "2013-09-29 20:00:00",
        "calendarYear": "2013",
        "period": "Q3",
        "revenue": 1045000000,
        "costOfRevenue": 686100000,
        "grossProfit": 358900000,
        "grossProfitRatio": 0.3434449761,
        "researchAndDevelopmentExpenses": 0,
        "generalAndAdministrativeExpenses": 0,
        "sellingAndMarketingExpenses": 0,
        "sellingGeneralAndAdministrativeExpenses": 235700000,
        "otherExpenses": 25600000,
        "operatingExpenses": 261300000,
        "costAndExpenses": 947400000,
        "interestIncome": 0,
        "interestExpense": 2100000,
        "depreciationAndAmortization": 23400000,
        "ebitda": 121500000,
        "ebitdaratio": 0.1162679426,
        "operatingIncome": 97600000,
        "operatingIncomeRatio": 0.0933971292,
        "totalOtherIncomeExpensesNet": -1600000,
        "incomeBeforeTax": 96000000,
        "incomeBeforeTaxRatio": 0.0918660287,
        "incomeTaxExpense": 31900000,
        "netIncome": 64200000,
        "netIncomeRatio": 0.0614354067,
        "eps": 0.39,
        "epsdiluted": 0.37,
        "weightedAverageShsOut": 165299898,
        "weightedAverageShsOutDil": 171600000,
        "link": "",
        "finalLink": ""
    },
    {
        "date": "2013-06-30",
        "symbol": "FBIN",
        "reportedCurrency": "USD",
        "cik": "0001519751",
        "fillingDate": "2013-06-30",
        "acceptedDate": "2013-06-29 20:00:00",
        "calendarYear": "2013",
        "period": "Q2",
        "revenue": 1040400000,
        "costOfRevenue": 663400000,
        "grossProfit": 377000000,
        "grossProfitRatio": 0.3623606305,
        "researchAndDevelopmentExpenses": 0,
        "generalAndAdministrativeExpenses": 0,
        "sellingAndMarketingExpenses": 0,
        "sellingGeneralAndAdministrativeExpenses": 267700000,
        "otherExpenses": 2800000,
        "operatingExpenses": 270500000,
        "costAndExpenses": 933900000,
        "interestIncome": 0,
        "interestExpense": 1700000,
        "depreciationAndAmortization": 20800000,
        "ebitda": 121200000,
        "ebitdaratio": 0.1164936563,
        "operatingIncome": 106500000,
        "operatingIncomeRatio": 0.1023644752,
        "totalOtherIncomeExpensesNet": -7800000,
        "incomeBeforeTax": 98700000,
        "incomeBeforeTaxRatio": 0.0948673587,
        "incomeTaxExpense": 34500000,
        "netIncome": 64000000,
        "netIncomeRatio": 0.061514802,
        "eps": 0.38,
        "epsdiluted": 0.37,
        "weightedAverageShsOut": 166399898,
        "weightedAverageShsOutDil": 171300000,
        "link": "",
        "finalLink": ""
    },
    {
        "date": "2013-03-31",
        "symbol": "FBIN",
        "reportedCurrency": "USD",
        "cik": "0001519751",
        "fillingDate": "2013-03-31",
        "acceptedDate": "2013-03-30 20:00:00",
        "calendarYear": "2013",
        "period": "Q1",
        "revenue": 890000000,
        "costOfRevenue": 589800000,
        "grossProfit": 300200000,
        "grossProfitRatio": 0.3373033708,
        "researchAndDevelopmentExpenses": 0,
        "generalAndAdministrativeExpenses": 0,
        "sellingAndMarketingExpenses": 0,
        "sellingGeneralAndAdministrativeExpenses": 240100000,
        "otherExpenses": 3500000,
        "operatingExpenses": 243600000,
        "costAndExpenses": 833400000,
        "interestIncome": 0,
        "interestExpense": 1700000,
        "depreciationAndAmortization": 22000000,
        "ebitda": 78800000,
        "ebitdaratio": 0.0885393258,
        "operatingIncome": 56600000,
        "operatingIncomeRatio": 0.0635955056,
        "totalOtherIncomeExpensesNet": -1500000,
        "incomeBeforeTax": 55100000,
        "incomeBeforeTaxRatio": 0.0619101124,
        "incomeTaxExpense": 17600000,
        "netIncome": 37300000,
        "netIncomeRatio": 0.0419101124,
        "eps": 0.23,
        "epsdiluted": 0.22,
        "weightedAverageShsOut": 165499898,
        "weightedAverageShsOutDil": 170300000,
        "link": "",
        "finalLink": ""
    },
    {
        "date": "2012-12-31",
        "symbol": "FBIN",
        "reportedCurrency": "USD",
        "cik": "0001519751",
        "fillingDate": "2012-12-31",
        "acceptedDate": "2012-12-30 19:00:00",
        "calendarYear": "2012",
        "period": "Q4",
        "revenue": 947900000,
        "costOfRevenue": 644400000,
        "grossProfit": 303500000,
        "grossProfitRatio": 0.3201814537,
        "researchAndDevelopmentExpenses": 0,
        "generalAndAdministrativeExpenses": 0,
        "sellingAndMarketingExpenses": 0,
        "sellingGeneralAndAdministrativeExpenses": 277300000,
        "otherExpenses": 18700000,
        "operatingExpenses": 296000000,
        "costAndExpenses": 940400000,
        "interestIncome": 0,
        "interestExpense": 2100000,
        "depreciationAndAmortization": 22300000,
        "ebitda": 30200000,
        "ebitdaratio": 0.0318599008,
        "operatingIncome": 7500000,
        "operatingIncomeRatio": 0.007912227,
        "totalOtherIncomeExpensesNet": -1700000,
        "incomeBeforeTax": 5800000,
        "incomeBeforeTaxRatio": 0.0061187889,
        "incomeTaxExpense": -12800000,
        "netIncome": 18400000,
        "netIncomeRatio": 0.0194113303,
        "eps": 0.11,
        "epsdiluted": 0.11,
        "weightedAverageShsOut": 163855647,
        "weightedAverageShsOutDil": 169200000,
        "link": "",
        "finalLink": ""
    },
    {
        "date": "2012-09-30",
        "symbol": "FBIN",
        "reportedCurrency": "USD",
        "cik": "0001519751",
        "fillingDate": "2012-09-30",
        "acceptedDate": "2012-09-29 20:00:00",
        "calendarYear": "2012",
        "period": "Q3",
        "revenue": 909100000,
        "costOfRevenue": 606800000,
        "grossProfit": 302300000,
        "grossProfitRatio": 0.3325266747,
        "researchAndDevelopmentExpenses": 0,
        "generalAndAdministrativeExpenses": 0,
        "sellingAndMarketingExpenses": 0,
        "sellingGeneralAndAdministrativeExpenses": 236200000,
        "otherExpenses": 5500000,
        "operatingExpenses": 241700000,
        "costAndExpenses": 848500000,
        "interestIncome": 0,
        "interestExpense": 2000000,
        "depreciationAndAmortization": 31500000,
        "ebitda": 92900000,
        "ebitdaratio": 0.1021889781,
        "operatingIncome": 60600000,
        "operatingIncomeRatio": 0.0666593334,
        "totalOtherIncomeExpensesNet": -1200000,
        "incomeBeforeTax": 59400000,
        "incomeBeforeTaxRatio": 0.0653393466,
        "incomeTaxExpense": 19200000,
        "netIncome": 40000000,
        "netIncomeRatio": 0.04399956,
        "eps": 0.25,
        "epsdiluted": 0.24,
        "weightedAverageShsOut": 160500000,
        "weightedAverageShsOutDil": 167000000,
        "link": "",
        "finalLink": ""
    },
    {
        "date": "2012-06-30",
        "symbol": "FBIN",
        "reportedCurrency": "USD",
        "cik": "0001519751",
        "fillingDate": "2012-06-30",
        "acceptedDate": "2012-06-29 20:00:00",
        "calendarYear": "2012",
        "period": "Q2",
        "revenue": 935300000,
        "costOfRevenue": 617900000,
        "grossProfit": 317400000,
        "grossProfitRatio": 0.3393563562,
        "researchAndDevelopmentExpenses": 0,
        "generalAndAdministrativeExpenses": 0,
        "sellingAndMarketingExpenses": 0,
        "sellingGeneralAndAdministrativeExpenses": 242300000,
        "otherExpenses": 2800000,
        "operatingExpenses": 245100000,
        "costAndExpenses": 863000000,
        "interestIncome": 0,
        "interestExpense": 2100000,
        "depreciationAndAmortization": 23000000,
        "ebitda": 94600000,
        "ebitdaratio": 0.101144018,
        "operatingIncome": 72300000,
        "operatingIncomeRatio": 0.0773014006,
        "totalOtherIncomeExpensesNet": -2800000,
        "incomeBeforeTax": 69500000,
        "incomeBeforeTaxRatio": 0.0743077088,
        "incomeTaxExpense": 21600000,
        "netIncome": 47800000,
        "netIncomeRatio": 0.0511065968,
        "eps": 0.3,
        "epsdiluted": 0.29,
        "weightedAverageShsOut": 160500000,
        "weightedAverageShsOutDil": 165400000,
        "link": "",
        "finalLink": ""
    },
    {
        "date": "2012-03-31",
        "symbol": "FBIN",
        "reportedCurrency": "USD",
        "cik": "0001519751",
        "fillingDate": "2012-03-31",
        "acceptedDate": "2012-03-30 20:00:00",
        "calendarYear": "2012",
        "period": "Q1",
        "revenue": 798800000,
        "costOfRevenue": 552000000,
        "grossProfit": 246800000,
        "grossProfitRatio": 0.3089634452,
        "researchAndDevelopmentExpenses": 0,
        "generalAndAdministrativeExpenses": 0,
        "sellingAndMarketingExpenses": 0,
        "sellingGeneralAndAdministrativeExpenses": 221100000,
        "otherExpenses": 4400000,
        "operatingExpenses": 225500000,
        "costAndExpenses": 777500000,
        "interestIncome": 0,
        "interestExpense": 2500000,
        "depreciationAndAmortization": 24500000,
        "ebitda": 46300000,
        "ebitdaratio": 0.0579619429,
        "operatingIncome": 21300000,
        "operatingIncomeRatio": 0.0266649975,
        "totalOtherIncomeExpensesNet": -2000000,
        "incomeBeforeTax": 19300000,
        "incomeBeforeTaxRatio": 0.0241612419,
        "incomeTaxExpense": 6300000,
        "netIncome": 12500000,
        "netIncomeRatio": 0.0156484727,
        "eps": 0.08,
        "epsdiluted": 0.08,
        "weightedAverageShsOut": 163000000,
        "weightedAverageShsOutDil": 163000000,
        "link": "",
        "finalLink": ""
    },
    {
        "date": "2011-12-31",
        "symbol": "FBIN",
        "reportedCurrency": "USD",
        "cik": "0001519751",
        "fillingDate": "2011-12-31",
        "acceptedDate": "2011-12-30 19:00:00",
        "calendarYear": "2011",
        "period": "Q4",
        "revenue": 876100000,
        "costOfRevenue": 649600000,
        "grossProfit": 226500000,
        "grossProfitRatio": 0.258532131,
        "researchAndDevelopmentExpenses": 0,
        "generalAndAdministrativeExpenses": 0,
        "sellingAndMarketingExpenses": 0,
        "sellingGeneralAndAdministrativeExpenses": 262900000,
        "otherExpenses": 96300000,
        "operatingExpenses": 359200000,
        "costAndExpenses": 1008800000,
        "interestIncome": 0,
        "interestExpense": 3000000,
        "depreciationAndAmortization": 35500000,
        "ebitda": -96900000,
        "ebitdaratio": -0.1106038124,
        "operatingIncome": -132700000,
        "operatingIncomeRatio": -0.1514667275,
        "totalOtherIncomeExpensesNet": -2700000,
        "incomeBeforeTax": -135400000,
        "incomeBeforeTaxRatio": -0.1545485675,
        "incomeTaxExpense": -49900000,
        "netIncome": -85600000,
        "netIncomeRatio": -0.0977057414,
        "eps": -0.55,
        "epsdiluted": -0.55,
        "weightedAverageShsOut": 155150000,
        "weightedAverageShsOutDil": 155150000,
        "link": "",
        "finalLink": ""
    },
    {
        "date": "2011-09-30",
        "symbol": "FBIN",
        "reportedCurrency": "USD",
        "cik": "0001519751",
        "fillingDate": "2011-09-30",
        "acceptedDate": "2011-09-29 20:00:00",
        "calendarYear": "2011",
        "period": "Q3",
        "revenue": 848000000,
        "costOfRevenue": 592200000,
        "grossProfit": 255800000,
        "grossProfitRatio": 0.3016509434,
        "researchAndDevelopmentExpenses": 0,
        "generalAndAdministrativeExpenses": 0,
        "sellingAndMarketingExpenses": 0,
        "sellingGeneralAndAdministrativeExpenses": 230400000,
        "otherExpenses": 4600000,
        "operatingExpenses": 235000000,
        "costAndExpenses": 827200000,
        "interestIncome": 100000,
        "interestExpense": 100000,
        "depreciationAndAmortization": 26200000,
        "ebitda": 45200000,
        "ebitdaratio": 0.0533018868,
        "operatingIncome": 20800000,
        "operatingIncomeRatio": 0.0245283019,
        "totalOtherIncomeExpensesNet": -1900000,
        "incomeBeforeTax": 18900000,
        "incomeBeforeTaxRatio": 0.0222877358,
        "incomeTaxExpense": 16400000,
        "netIncome": 2200000,
        "netIncomeRatio": 0.0025943396,
        "eps": 0.0142,
        "epsdiluted": 0.0142,
        "weightedAverageShsOut": 155100000,
        "weightedAverageShsOutDil": 155100000,
        "link": "",
        "finalLink": ""
    },
    {
        "date": "2011-06-30",
        "symbol": "FBIN",
        "reportedCurrency": "USD",
        "cik": "0001519751",
        "fillingDate": "2011-06-30",
        "acceptedDate": "2011-06-29 20:00:00",
        "calendarYear": "2011",
        "period": "Q2",
        "revenue": 889700000,
        "costOfRevenue": 598400000,
        "grossProfit": 291300000,
        "grossProfitRatio": 0.327413735,
        "researchAndDevelopmentExpenses": 0,
        "generalAndAdministrativeExpenses": 0,
        "sellingAndMarketingExpenses": 0,
        "sellingGeneralAndAdministrativeExpenses": 221900000,
        "otherExpenses": 4200000,
        "operatingExpenses": 226100000,
        "costAndExpenses": 824500000,
        "interestIncome": 0,
        "interestExpense": 500000,
        "depreciationAndAmortization": 25000000,
        "ebitda": 90100000,
        "ebitdaratio": 0.101270091,
        "operatingIncome": 65200000,
        "operatingIncomeRatio": 0.0732831291,
        "totalOtherIncomeExpensesNet": -600000,
        "incomeBeforeTax": 64600000,
        "incomeBeforeTaxRatio": 0.0726087445,
        "incomeTaxExpense": 20500000,
        "netIncome": 43700000,
        "netIncomeRatio": 0.0491176801,
        "eps": 0.28,
        "epsdiluted": 0.28,
        "weightedAverageShsOut": 155100000,
        "weightedAverageShsOutDil": 155100000,
        "link": "",
        "finalLink": ""
    },
    {
        "date": "2011-03-31",
        "symbol": "FBIN",
        "reportedCurrency": "USD",
        "cik": "0001519751",
        "fillingDate": "2011-03-31",
        "acceptedDate": "2011-03-30 20:00:00",
        "calendarYear": "2011",
        "period": "Q1",
        "revenue": 714800000,
        "costOfRevenue": 504500000,
        "grossProfit": 210300000,
        "grossProfitRatio": 0.2942081701,
        "researchAndDevelopmentExpenses": 0,
        "generalAndAdministrativeExpenses": 0,
        "sellingAndMarketingExpenses": 0,
        "sellingGeneralAndAdministrativeExpenses": 198500000,
        "otherExpenses": 4000000,
        "operatingExpenses": 202500000,
        "costAndExpenses": 707000000,
        "interestIncome": 0,
        "interestExpense": 22800000,
        "depreciationAndAmortization": 24800000,
        "ebitda": 32600000,
        "ebitdaratio": 0.0456071628,
        "operatingIncome": 7800000,
        "operatingIncomeRatio": 0.0109121433,
        "totalOtherIncomeExpensesNet": -22800000,
        "incomeBeforeTax": -15000000,
        "incomeBeforeTaxRatio": -0.0209848909,
        "incomeTaxExpense": -4700000,
        "netIncome": -10500000,
        "netIncomeRatio": -0.0146894236,
        "eps": -0.0677,
        "epsdiluted": -0.0677,
        "weightedAverageShsOut": 155100000,
        "weightedAverageShsOutDil": 155100000,
        "link": "",
        "finalLink": ""
    },
    {
        "date": "2010-12-31",
        "symbol": "FBIN",
        "reportedCurrency": "USD",
        "cik": "0001519751",
        "fillingDate": "2010-12-31",
        "acceptedDate": "2010-12-30 19:00:00",
        "calendarYear": "2010",
        "period": "Q4",
        "revenue": 843700000,
        "costOfRevenue": 577900000,
        "grossProfit": 265800000,
        "grossProfitRatio": 0.3150408913,
        "researchAndDevelopmentExpenses": 0,
        "generalAndAdministrativeExpenses": 0,
        "sellingAndMarketingExpenses": 0,
        "sellingGeneralAndAdministrativeExpenses": 219900000,
        "otherExpenses": 10900000,
        "operatingExpenses": 230800000,
        "costAndExpenses": 808700000,
        "interestIncome": 0,
        "interestExpense": 28700000,
        "depreciationAndAmortization": 30600000,
        "ebitda": 66100000,
        "ebitdaratio": 0.0783453834,
        "operatingIncome": 35000000,
        "operatingIncomeRatio": 0.0414839398,
        "totalOtherIncomeExpensesNet": -28200000,
        "incomeBeforeTax": 6800000,
        "incomeBeforeTaxRatio": 0.0080597369,
        "incomeTaxExpense": -3900000,
        "netIncome": 10300000,
        "netIncomeRatio": 0.0122081309,
        "eps": 0.0664,
        "epsdiluted": 0.0664,
        "weightedAverageShsOut": 155100000,
        "weightedAverageShsOutDil": 155100000,
        "link": "",
        "finalLink": ""
    },
    {
        "date": "2010-09-30",
        "symbol": "FBIN",
        "reportedCurrency": "USD",
        "cik": "0001519751",
        "fillingDate": "2010-09-30",
        "acceptedDate": "2010-09-29 20:00:00",
        "calendarYear": "2010",
        "period": "Q3",
        "revenue": 813100000,
        "costOfRevenue": 541200000,
        "grossProfit": 271900000,
        "grossProfitRatio": 0.3343992129,
        "researchAndDevelopmentExpenses": 0,
        "generalAndAdministrativeExpenses": 0,
        "sellingAndMarketingExpenses": 0,
        "sellingGeneralAndAdministrativeExpenses": 202800000,
        "otherExpenses": 3800000,
        "operatingExpenses": 206600000,
        "costAndExpenses": 747800000,
        "interestIncome": 0,
        "interestExpense": 29300000,
        "depreciationAndAmortization": 26800000,
        "ebitda": 92900000,
        "ebitdaratio": 0.1142540893,
        "operatingIncome": 65300000,
        "operatingIncomeRatio": 0.080309925,
        "totalOtherIncomeExpensesNet": -28500000,
        "incomeBeforeTax": 36800000,
        "incomeBeforeTaxRatio": 0.0452588857,
        "incomeTaxExpense": 9100000,
        "netIncome": 27400000,
        "netIncomeRatio": 0.0336981921,
        "eps": 0.18,
        "epsdiluted": 0.18,
        "weightedAverageShsOut": 155100000,
        "weightedAverageShsOutDil": 155100000,
        "link": "",
        "finalLink": ""
    },
    {
        "date": "2010-06-30",
        "symbol": "FBIN",
        "reportedCurrency": "USD",
        "cik": "0001519751",
        "fillingDate": "2010-06-30",
        "acceptedDate": "2010-06-29 20:00:00",
        "calendarYear": "2010",
        "period": "Q2",
        "revenue": 878000000,
        "costOfRevenue": 583500000,
        "grossProfit": 294500000,
        "grossProfitRatio": 0.3354214123,
        "researchAndDevelopmentExpenses": 0,
        "generalAndAdministrativeExpenses": 0,
        "sellingAndMarketingExpenses": 0,
        "sellingGeneralAndAdministrativeExpenses": 214600000,
        "otherExpenses": 4500000,
        "operatingExpenses": 219100000,
        "costAndExpenses": 802600000,
        "interestIncome": 0,
        "interestExpense": 37400000,
        "depreciationAndAmortization": 27300000,
        "ebitda": 110100000,
        "ebitdaratio": 0.1253986333,
        "operatingIncome": 75400000,
        "operatingIncomeRatio": 0.0858769932,
        "totalOtherIncomeExpensesNet": -30000000,
        "incomeBeforeTax": 45400000,
        "incomeBeforeTaxRatio": 0.0517084282,
        "incomeTaxExpense": 11700000,
        "netIncome": 33600000,
        "netIncomeRatio": 0.0382687927,
        "eps": 0.22,
        "epsdiluted": 0.22,
        "weightedAverageShsOut": 155100000,
        "weightedAverageShsOutDil": 155100000,
        "link": "",
        "finalLink": ""
    },
    {
        "date": "2010-03-31",
        "symbol": "FBIN",
        "reportedCurrency": "USD",
        "cik": "0001519751",
        "fillingDate": "2010-03-31",
        "acceptedDate": "2010-03-30 20:00:00",
        "calendarYear": "2010",
        "period": "Q1",
        "revenue": 698700000,
        "costOfRevenue": 479800000,
        "grossProfit": 218900000,
        "grossProfitRatio": 0.3132961214,
        "researchAndDevelopmentExpenses": 0,
        "generalAndAdministrativeExpenses": 0,
        "sellingAndMarketingExpenses": 0,
        "sellingGeneralAndAdministrativeExpenses": 202300000,
        "otherExpenses": 4500000,
        "operatingExpenses": 206800000,
        "costAndExpenses": 686600000,
        "interestIncome": 0,
        "interestExpense": 28700000,
        "depreciationAndAmortization": 26900000,
        "ebitda": 39100000,
        "ebitdaratio": 0.0559610706,
        "operatingIncome": 12100000,
        "operatingIncomeRatio": 0.0173178761,
        "totalOtherIncomeExpensesNet": -28600000,
        "incomeBeforeTax": -16500000,
        "incomeBeforeTaxRatio": -0.0236152855,
        "incomeTaxExpense": -2800000,
        "netIncome": -14100000,
        "netIncomeRatio": -0.0201803349,
        "eps": -0.0909,
        "epsdiluted": -0.0909,
        "weightedAverageShsOut": 155100000,
        "weightedAverageShsOutDil": 155100000,
        "link": "",
        "finalLink": ""
    }
]