[
    {
        "date": "2019-06-30",
        "symbol": "FDC",
        "reportedCurrency": "USD",
        "cik": "0000883980",
        "fillingDate": "2019-07-25",
        "acceptedDate": "2019-07-25 17:11:30",
        "calendarYear": "2019",
        "period": "Q2",
        "revenue": 2485000000,
        "costOfRevenue": 1514000000,
        "grossProfit": 971000000,
        "grossProfitRatio": 0.3907444668,
        "researchAndDevelopmentExpenses": 0,
        "generalAndAdministrativeExpenses": 1348000000,
        "sellingAndMarketingExpenses": -178000000,
        "sellingGeneralAndAdministrativeExpenses": 1170000000,
        "otherExpenses": 0,
        "operatingExpenses": 1170000000,
        "costAndExpenses": 1918000000,
        "interestIncome": 0,
        "interestExpense": 0,
        "depreciationAndAmortization": 264000000,
        "ebitda": 624000000,
        "ebitdaratio": 0.2511066398,
        "operatingIncome": 567000000,
        "operatingIncomeRatio": 0.2281690141,
        "totalOtherIncomeExpensesNet": -226000000,
        "incomeBeforeTax": 341000000,
        "incomeBeforeTaxRatio": 0.13722334,
        "incomeTaxExpense": 85000000,
        "netIncome": 275000000,
        "netIncomeRatio": 0.1106639839,
        "eps": 0.29,
        "epsdiluted": 0.28,
        "weightedAverageShsOut": 940000000,
        "weightedAverageShsOutDil": 969000000,
        "link": "https://www.sec.gov/Archives/edgar/data/883980/000088398019000028/0000883980-19-000028-index.htm",
        "finalLink": "https://www.sec.gov/Archives/edgar/data/883980/000088398019000028/a6302019new10-qdoc.htm"
    },
    {
        "date": "2019-03-31",
        "symbol": "FDC",
        "reportedCurrency": "USD",
        "cik": "0000883980",
        "fillingDate": "2019-04-30",
        "acceptedDate": "2019-04-30 07:19:04",
        "calendarYear": "2019",
        "period": "Q1",
        "revenue": 2316000000,
        "costOfRevenue": 757000000,
        "grossProfit": 1559000000,
        "grossProfitRatio": 0.6731433506,
        "researchAndDevelopmentExpenses": 0,
        "generalAndAdministrativeExpenses": 660000000,
        "sellingAndMarketingExpenses": -624000000,
        "sellingGeneralAndAdministrativeExpenses": 36000000,
        "otherExpenses": 0,
        "operatingExpenses": 36000000,
        "costAndExpenses": 1891000000,
        "interestIncome": 0,
        "interestExpense": 0,
        "depreciationAndAmortization": 261000000,
        "ebitda": 459000000,
        "ebitdaratio": 0.1981865285,
        "operatingIncome": 425000000,
        "operatingIncomeRatio": 0.1835060449,
        "totalOtherIncomeExpensesNet": -231000000,
        "incomeBeforeTax": 194000000,
        "incomeBeforeTaxRatio": 0.0837651123,
        "incomeTaxExpense": 29000000,
        "netIncome": 169000000,
        "netIncomeRatio": 0.072970639,
        "eps": 0.18,
        "epsdiluted": 0.17,
        "weightedAverageShsOut": 937000000,
        "weightedAverageShsOutDil": 967000000,
        "link": "https://www.sec.gov/Archives/edgar/data/883980/000088398019000017/0000883980-19-000017-index.htm",
        "finalLink": "https://www.sec.gov/Archives/edgar/data/883980/000088398019000009/a12312018new10-k.htm"
    },
    {
        "date": "2018-12-31",
        "symbol": "FDC",
        "reportedCurrency": "USD",
        "cik": "0000883980",
        "fillingDate": "2019-02-27",
        "acceptedDate": "2019-02-26 18:25:52",
        "calendarYear": "2018",
        "period": "Q4",
        "revenue": 2399000000,
        "costOfRevenue": 734000000,
        "grossProfit": 1665000000,
        "grossProfitRatio": 0.694039183,
        "researchAndDevelopmentExpenses": 143000000,
        "generalAndAdministrativeExpenses": 656000000,
        "sellingAndMarketingExpenses": -349000000,
        "sellingGeneralAndAdministrativeExpenses": 307000000,
        "otherExpenses": 0,
        "operatingExpenses": 450000000,
        "costAndExpenses": 1865000000,
        "interestIncome": 0,
        "interestExpense": 0,
        "depreciationAndAmortization": 274000000,
        "ebitda": 441000000,
        "ebitdaratio": 0.1838265944,
        "operatingIncome": 534000000,
        "operatingIncomeRatio": 0.222592747,
        "totalOtherIncomeExpensesNet": -369000000,
        "incomeBeforeTax": 165000000,
        "incomeBeforeTaxRatio": 0.0687786578,
        "incomeTaxExpense": 5000000,
        "netIncome": 162000000,
        "netIncomeRatio": 0.0675281367,
        "eps": 0.17,
        "epsdiluted": 0.17,
        "weightedAverageShsOut": 929000000,
        "weightedAverageShsOutDil": 957000000,
        "link": "https://www.sec.gov/Archives/edgar/data/883980/000088398019000009/0000883980-19-000009-index.htm",
        "finalLink": "https://www.sec.gov/Archives/edgar/data/883980/000088398019000009/a12312018new10-k.htm"
    },
    {
        "date": "2018-09-30",
        "symbol": "FDC",
        "reportedCurrency": "USD",
        "cik": "0000883980",
        "fillingDate": "2018-10-31",
        "acceptedDate": "2018-10-31 17:02:40",
        "calendarYear": "2018",
        "period": "Q3",
        "revenue": 2369000000,
        "costOfRevenue": 741000000,
        "grossProfit": 1628000000,
        "grossProfitRatio": 0.6872097932,
        "researchAndDevelopmentExpenses": 0,
        "generalAndAdministrativeExpenses": 665000000,
        "sellingAndMarketingExpenses": -202000000,
        "sellingGeneralAndAdministrativeExpenses": 463000000,
        "otherExpenses": 0,
        "operatingExpenses": 463000000,
        "costAndExpenses": 1894000000,
        "interestIncome": 0,
        "interestExpense": 0,
        "depreciationAndAmortization": 270000000,
        "ebitda": 725000000,
        "ebitdaratio": 0.3060363022,
        "operatingIncome": 475000000,
        "operatingIncomeRatio": 0.2005065428,
        "totalOtherIncomeExpensesNet": -31000000,
        "incomeBeforeTax": 444000000,
        "incomeBeforeTaxRatio": 0.1874208527,
        "incomeTaxExpense": 54000000,
        "netIncome": 401000000,
        "netIncomeRatio": 0.1692697341,
        "eps": 0.43,
        "epsdiluted": 0.42,
        "weightedAverageShsOut": 928000000,
        "weightedAverageShsOutDil": 956000000,
        "link": "https://www.sec.gov/Archives/edgar/data/883980/000088398018000047/0000883980-18-000047-index.htm",
        "finalLink": "https://www.sec.gov/Archives/edgar/data/883980/000088398018000047/a9302018new10-qdoc.htm"
    },
    {
        "date": "2018-06-30",
        "symbol": "FDC",
        "reportedCurrency": "USD",
        "cik": "0000883980",
        "fillingDate": "2018-07-30",
        "acceptedDate": "2018-07-30 16:25:17",
        "calendarYear": "2018",
        "period": "Q2",
        "revenue": 2448000000,
        "costOfRevenue": 751000000,
        "grossProfit": 1697000000,
        "grossProfitRatio": 0.6932189542,
        "researchAndDevelopmentExpenses": 0,
        "generalAndAdministrativeExpenses": 683000000,
        "sellingAndMarketingExpenses": -415000000,
        "sellingGeneralAndAdministrativeExpenses": 268000000,
        "otherExpenses": 0,
        "operatingExpenses": 268000000,
        "costAndExpenses": 1910000000,
        "interestIncome": 0,
        "interestExpense": 0,
        "depreciationAndAmortization": 275000000,
        "ebitda": 579000000,
        "ebitdaratio": 0.2365196078,
        "operatingIncome": 538000000,
        "operatingIncomeRatio": 0.2197712418,
        "totalOtherIncomeExpensesNet": -233000000,
        "incomeBeforeTax": 305000000,
        "incomeBeforeTaxRatio": 0.1245915033,
        "incomeTaxExpense": -37000000,
        "netIncome": 341000000,
        "netIncomeRatio": 0.1392973856,
        "eps": 0.37,
        "epsdiluted": 0.36,
        "weightedAverageShsOut": 926000000,
        "weightedAverageShsOutDil": 950000000,
        "link": "https://www.sec.gov/Archives/edgar/data/883980/000088398018000022/0000883980-18-000022-index.htm",
        "finalLink": "https://www.sec.gov/Archives/edgar/data/883980/000088398018000022/a630201810q.htm"
    },
    {
        "date": "2018-03-31",
        "symbol": "FDC",
        "reportedCurrency": "USD",
        "cik": "0000883980",
        "fillingDate": "2018-05-01",
        "acceptedDate": "2018-05-01 09:09:52",
        "calendarYear": "2018",
        "period": "Q1",
        "revenue": 2282000000,
        "costOfRevenue": 779000000,
        "grossProfit": 1503000000,
        "grossProfitRatio": 0.6586327783,
        "researchAndDevelopmentExpenses": 0,
        "generalAndAdministrativeExpenses": 647000000,
        "sellingAndMarketingExpenses": 25000000,
        "sellingGeneralAndAdministrativeExpenses": 672000000,
        "otherExpenses": 0,
        "operatingExpenses": 672000000,
        "costAndExpenses": 1934000000,
        "interestIncome": 0,
        "interestExpense": 0,
        "depreciationAndAmortization": 271000000,
        "ebitda": 399000000,
        "ebitdaratio": 0.1748466258,
        "operatingIncome": 348000000,
        "operatingIncomeRatio": 0.1524978089,
        "totalOtherIncomeExpensesNet": -236000000,
        "incomeBeforeTax": 112000000,
        "incomeBeforeTaxRatio": 0.0490797546,
        "incomeTaxExpense": 27000000,
        "netIncome": 101000000,
        "netIncomeRatio": 0.0442594216,
        "eps": 0.11,
        "epsdiluted": 0.11,
        "weightedAverageShsOut": 923000000,
        "weightedAverageShsOutDil": 946000000,
        "link": "https://www.sec.gov/Archives/edgar/data/883980/000088398018000013/0000883980-18-000013-index.htm",
        "finalLink": "https://www.sec.gov/Archives/edgar/data/883980/000088398018000006/a12311710-k.htm"
    },
    {
        "date": "2017-12-31",
        "symbol": "FDC",
        "reportedCurrency": "USD",
        "cik": "0000883980",
        "fillingDate": "2018-02-21",
        "acceptedDate": "2018-02-20 17:54:08",
        "calendarYear": "2017",
        "period": "Q4",
        "revenue": 3150000000,
        "costOfRevenue": 92000000,
        "grossProfit": 3058000000,
        "grossProfitRatio": 0.9707936508,
        "researchAndDevelopmentExpenses": 150000000,
        "generalAndAdministrativeExpenses": 571000000,
        "sellingAndMarketingExpenses": 673000000,
        "sellingGeneralAndAdministrativeExpenses": 1244000000,
        "otherExpenses": 0,
        "operatingExpenses": 1394000000,
        "costAndExpenses": 2650000000,
        "interestIncome": 0,
        "interestExpense": 0,
        "depreciationAndAmortization": 267000000,
        "ebitda": 552000000,
        "ebitdaratio": 0.1752380952,
        "operatingIncome": 500000000,
        "operatingIncomeRatio": 0.1587301587,
        "totalOtherIncomeExpensesNet": -216000000,
        "incomeBeforeTax": 284000000,
        "incomeBeforeTaxRatio": 0.0901587302,
        "incomeTaxExpense": -663000000,
        "netIncome": 948000000,
        "netIncomeRatio": 0.300952381,
        "eps": 1.03,
        "epsdiluted": 1.01,
        "weightedAverageShsOut": 916000000,
        "weightedAverageShsOutDil": 940000000,
        "link": "https://www.sec.gov/Archives/edgar/data/883980/000088398018000006/0000883980-18-000006-index.htm",
        "finalLink": "https://www.sec.gov/Archives/edgar/data/883980/000088398018000006/a12311710-k.htm"
    },
    {
        "date": "2017-09-30",
        "symbol": "FDC",
        "reportedCurrency": "USD",
        "cik": "0000883980",
        "fillingDate": "2017-10-30",
        "acceptedDate": "2017-10-30 16:32:01",
        "calendarYear": "2017",
        "period": "Q3",
        "revenue": 3076000000,
        "costOfRevenue": 96000000,
        "grossProfit": 2980000000,
        "grossProfitRatio": 0.9687906372,
        "researchAndDevelopmentExpenses": 0,
        "generalAndAdministrativeExpenses": 564000000,
        "sellingAndMarketingExpenses": 818000000,
        "sellingGeneralAndAdministrativeExpenses": 1382000000,
        "otherExpenses": 0,
        "operatingExpenses": 1382000000,
        "costAndExpenses": 2658000000,
        "interestIncome": 0,
        "interestExpense": 0,
        "depreciationAndAmortization": 280000000,
        "ebitda": 470000000,
        "ebitdaratio": 0.1527958388,
        "operatingIncome": 418000000,
        "operatingIncomeRatio": 0.1358907672,
        "totalOtherIncomeExpensesNet": -239000000,
        "incomeBeforeTax": 179000000,
        "incomeBeforeTaxRatio": 0.0581924577,
        "incomeTaxExpense": -106000000,
        "netIncome": 296000000,
        "netIncomeRatio": 0.0962288687,
        "eps": 0.32,
        "epsdiluted": 0.32,
        "weightedAverageShsOut": 915000000,
        "weightedAverageShsOutDil": 938000000,
        "link": "https://www.sec.gov/Archives/edgar/data/883980/000088398017000019/0000883980-17-000019-index.htm",
        "finalLink": "https://www.sec.gov/Archives/edgar/data/883980/000088398017000019/a930201710q.htm"
    },
    {
        "date": "2017-06-30",
        "symbol": "FDC",
        "reportedCurrency": "USD",
        "cik": "0000883980",
        "fillingDate": "2017-08-07",
        "acceptedDate": "2017-08-07 16:30:17",
        "calendarYear": "2017",
        "period": "Q2",
        "revenue": 3025000000,
        "costOfRevenue": 91000000,
        "grossProfit": 2934000000,
        "grossProfitRatio": 0.9699173554,
        "researchAndDevelopmentExpenses": 0,
        "generalAndAdministrativeExpenses": 518000000,
        "sellingAndMarketingExpenses": 781000000,
        "sellingGeneralAndAdministrativeExpenses": 1299000000,
        "otherExpenses": 0,
        "operatingExpenses": 1299000000,
        "costAndExpenses": 2556000000,
        "interestIncome": 0,
        "interestExpense": 0,
        "depreciationAndAmortization": 268000000,
        "ebitda": 481000000,
        "ebitdaratio": 0.1590082645,
        "operatingIncome": 469000000,
        "operatingIncomeRatio": 0.1550413223,
        "totalOtherIncomeExpensesNet": -255000000,
        "incomeBeforeTax": 214000000,
        "incomeBeforeTaxRatio": 0.0707438017,
        "incomeTaxExpense": 28000000,
        "netIncome": 185000000,
        "netIncomeRatio": 0.0611570248,
        "eps": 0.2,
        "epsdiluted": 0.2,
        "weightedAverageShsOut": 913000000,
        "weightedAverageShsOutDil": 935000000,
        "link": "https://www.sec.gov/Archives/edgar/data/883980/000162828017008214/0001628280-17-008214-index.htm",
        "finalLink": "https://www.sec.gov/Archives/edgar/data/883980/000162828017008214/a630201710q.htm"
    },
    {
        "date": "2017-03-31",
        "symbol": "FDC",
        "reportedCurrency": "USD",
        "cik": "0000883980",
        "fillingDate": "2017-05-08",
        "acceptedDate": "2017-05-08 17:25:01",
        "calendarYear": "2017",
        "period": "Q1",
        "revenue": 2801000000,
        "costOfRevenue": 80000000,
        "grossProfit": 2721000000,
        "grossProfitRatio": 0.9714387719,
        "researchAndDevelopmentExpenses": 0,
        "generalAndAdministrativeExpenses": 525000000,
        "sellingAndMarketingExpenses": 707000000,
        "sellingGeneralAndAdministrativeExpenses": 1232000000,
        "otherExpenses": 0,
        "operatingExpenses": 1232000000,
        "costAndExpenses": 2474000000,
        "interestIncome": 0,
        "interestExpense": 0,
        "depreciationAndAmortization": 258000000,
        "ebitda": 306000000,
        "ebitdaratio": 0.1092466976,
        "operatingIncome": 327000000,
        "operatingIncomeRatio": 0.11674402,
        "totalOtherIncomeExpensesNet": -291000000,
        "incomeBeforeTax": 36000000,
        "incomeBeforeTaxRatio": 0.0128525527,
        "incomeTaxExpense": 0,
        "netIncome": 36000000,
        "netIncomeRatio": 0.0128525527,
        "eps": 0.0396,
        "epsdiluted": 0.0387,
        "weightedAverageShsOut": 910000000,
        "weightedAverageShsOutDil": 931000000,
        "link": "https://www.sec.gov/Archives/edgar/data/883980/000162828017005167/0001628280-17-005167-index.htm",
        "finalLink": "https://www.sec.gov/Archives/edgar/data/883980/000162828017001722/a12311610-k.htm"
    },
    {
        "date": "2016-12-31",
        "symbol": "FDC",
        "reportedCurrency": "USD",
        "cik": "0000883980",
        "fillingDate": "2017-02-24",
        "acceptedDate": "2017-02-24 16:26:33",
        "calendarYear": "2016",
        "period": "Q4",
        "revenue": 2943000000,
        "costOfRevenue": 86000000,
        "grossProfit": 2857000000,
        "grossProfitRatio": 0.9707781176,
        "researchAndDevelopmentExpenses": 0,
        "generalAndAdministrativeExpenses": 472000000,
        "sellingAndMarketingExpenses": 696000000,
        "sellingGeneralAndAdministrativeExpenses": 1168000000,
        "otherExpenses": 0,
        "operatingExpenses": 1168000000,
        "costAndExpenses": 2463000000,
        "interestIncome": 0,
        "interestExpense": 810000000,
        "depreciationAndAmortization": 268000000,
        "ebitda": 1294000000,
        "ebitdaratio": 0.4396873938,
        "operatingIncome": 480000000,
        "operatingIncomeRatio": 0.1630988787,
        "totalOtherIncomeExpensesNet": -267000000,
        "incomeBeforeTax": 213000000,
        "incomeBeforeTaxRatio": 0.0723751274,
        "incomeTaxExpense": 24000000,
        "netIncome": 192000000,
        "netIncomeRatio": 0.0652395515,
        "eps": 0.21,
        "epsdiluted": 0.21,
        "weightedAverageShsOut": 901671872,
        "weightedAverageShsOutDil": 921001863,
        "link": "https://www.sec.gov/Archives/edgar/data/883980/000162828017001722/0001628280-17-001722-index.htm",
        "finalLink": "https://www.sec.gov/Archives/edgar/data/883980/000162828017001722/a12311610-k.htm"
    },
    {
        "date": "2016-09-30",
        "symbol": "FDC",
        "reportedCurrency": "USD",
        "cik": "0000883980",
        "fillingDate": "2016-11-09",
        "acceptedDate": "2016-11-09 16:44:31",
        "calendarYear": "2016",
        "period": "Q3",
        "revenue": 2936000000,
        "costOfRevenue": 87000000,
        "grossProfit": 2849000000,
        "grossProfitRatio": 0.9703678474,
        "researchAndDevelopmentExpenses": 0,
        "generalAndAdministrativeExpenses": 499000000,
        "sellingAndMarketingExpenses": 685000000,
        "sellingGeneralAndAdministrativeExpenses": 1184000000,
        "otherExpenses": 0,
        "operatingExpenses": 1184000000,
        "costAndExpenses": 2482000000,
        "interestIncome": 0,
        "interestExpense": -263000000,
        "depreciationAndAmortization": 265000000,
        "ebitda": 158000000,
        "ebitdaratio": 0.0538147139,
        "operatingIncome": 454000000,
        "operatingIncomeRatio": 0.1546321526,
        "totalOtherIncomeExpensesNet": -296000000,
        "incomeBeforeTax": 158000000,
        "incomeBeforeTaxRatio": 0.0538147139,
        "incomeTaxExpense": 24000000,
        "netIncome": 132000000,
        "netIncomeRatio": 0.0449591281,
        "eps": 0.15,
        "epsdiluted": 0.14,
        "weightedAverageShsOut": 900128754,
        "weightedAverageShsOutDil": 918301729,
        "link": "https://www.sec.gov/Archives/edgar/data/883980/000162828016021131/0001628280-16-021131-index.htm",
        "finalLink": "https://www.sec.gov/Archives/edgar/data/883980/000162828016021131/a0930201610q.htm"
    },
    {
        "date": "2016-06-30",
        "symbol": "FDC",
        "reportedCurrency": "USD",
        "cik": "0000883980",
        "fillingDate": "2016-08-03",
        "acceptedDate": "2016-08-03 17:05:23",
        "calendarYear": "2016",
        "period": "Q2",
        "revenue": 2928000000,
        "costOfRevenue": 86000000,
        "grossProfit": 2842000000,
        "grossProfitRatio": 0.9706284153,
        "researchAndDevelopmentExpenses": 0,
        "generalAndAdministrativeExpenses": 500000000,
        "sellingAndMarketingExpenses": 692000000,
        "sellingGeneralAndAdministrativeExpenses": 1192000000,
        "otherExpenses": 0,
        "operatingExpenses": 1192000000,
        "costAndExpenses": 2498000000,
        "interestIncome": 0,
        "interestExpense": -810000000,
        "depreciationAndAmortization": 266000000,
        "ebitda": -364000000,
        "ebitdaratio": -0.1243169399,
        "operatingIncome": 430000000,
        "operatingIncomeRatio": 0.1468579235,
        "totalOtherIncomeExpensesNet": -255000000,
        "incomeBeforeTax": 175000000,
        "incomeBeforeTaxRatio": 0.0597677596,
        "incomeTaxExpense": 28000000,
        "netIncome": 152000000,
        "netIncomeRatio": 0.0519125683,
        "eps": 0.17,
        "epsdiluted": 0.17,
        "weightedAverageShsOut": 897798717,
        "weightedAverageShsOutDil": 916324626,
        "link": "https://www.sec.gov/Archives/edgar/data/883980/000162828016018404/0001628280-16-018404-index.htm",
        "finalLink": "https://www.sec.gov/Archives/edgar/data/883980/000162828016018404/a0630201610q.htm"
    },
    {
        "date": "2016-03-31",
        "symbol": "FDC",
        "reportedCurrency": "USD",
        "cik": "0000883980",
        "fillingDate": "2016-05-11",
        "acceptedDate": "2016-05-11 16:16:30",
        "calendarYear": "2016",
        "period": "Q1",
        "revenue": 2777000000,
        "costOfRevenue": 78000000,
        "grossProfit": 2699000000,
        "grossProfitRatio": 0.9719121354,
        "researchAndDevelopmentExpenses": 0,
        "generalAndAdministrativeExpenses": 564000000,
        "sellingAndMarketingExpenses": 665000000,
        "sellingGeneralAndAdministrativeExpenses": 1229000000,
        "otherExpenses": 0,
        "operatingExpenses": 1229000000,
        "costAndExpenses": 2539000000,
        "interestIncome": 0,
        "interestExpense": 263000000,
        "depreciationAndAmortization": 262000000,
        "ebitda": 474000000,
        "ebitdaratio": 0.1706877926,
        "operatingIncome": 238000000,
        "operatingIncomeRatio": 0.0857039971,
        "totalOtherIncomeExpensesNet": -432000000,
        "incomeBeforeTax": -194000000,
        "incomeBeforeTaxRatio": -0.0698595607,
        "incomeTaxExpense": 5000000,
        "netIncome": -56000000,
        "netIncomeRatio": -0.0201656464,
        "eps": -0.0624,
        "epsdiluted": -0.0624,
        "weightedAverageShsOut": 897798717,
        "weightedAverageShsOutDil": 897798717,
        "link": "https://www.sec.gov/Archives/edgar/data/883980/000162828016016157/0001628280-16-016157-index.htm",
        "finalLink": "https://www.sec.gov/Archives/edgar/data/883980/000162828016011729/a12311510-k.htm"
    },
    {
        "date": "2015-12-31",
        "symbol": "FDC",
        "reportedCurrency": "USD",
        "cik": "0000883980",
        "fillingDate": "2016-02-25",
        "acceptedDate": "2016-02-25 17:33:37",
        "calendarYear": "2015",
        "period": "Q4",
        "revenue": 2964000000,
        "costOfRevenue": 99000000,
        "grossProfit": 2865000000,
        "grossProfitRatio": 0.9665991903,
        "researchAndDevelopmentExpenses": 0,
        "generalAndAdministrativeExpenses": 725000000,
        "sellingAndMarketingExpenses": -534000000,
        "sellingGeneralAndAdministrativeExpenses": 191000000,
        "otherExpenses": 0,
        "operatingExpenses": 191000000,
        "costAndExpenses": 2865000000,
        "interestIncome": 0,
        "interestExpense": 335000000,
        "depreciationAndAmortization": 290000000,
        "ebitda": -800000000,
        "ebitdaratio": -0.2699055331,
        "operatingIncome": 99000000,
        "operatingIncomeRatio": 0.0334008097,
        "totalOtherIncomeExpensesNet": -2037000000,
        "incomeBeforeTax": -1938000000,
        "incomeBeforeTaxRatio": -0.6538461538,
        "incomeTaxExpense": 56000000,
        "netIncome": -1481000000,
        "netIncomeRatio": -0.4996626181,
        "eps": -1.65,
        "epsdiluted": -7.7,
        "weightedAverageShsOut": 897798717,
        "weightedAverageShsOutDil": 192263793,
        "link": "https://www.sec.gov/Archives/edgar/data/883980/000162828016011729/0001628280-16-011729-index.htm",
        "finalLink": "https://www.sec.gov/Archives/edgar/data/883980/000162828016011729/a12311510-k.htm"
    },
    {
        "date": "2015-09-30",
        "symbol": "FDC",
        "reportedCurrency": "USD",
        "cik": "0000883980",
        "fillingDate": "2015-11-10",
        "acceptedDate": "2015-11-10 17:10:54",
        "calendarYear": "2015",
        "period": "Q3",
        "revenue": 2920000000,
        "costOfRevenue": 96000000,
        "grossProfit": 2824000000,
        "grossProfitRatio": 0.9671232877,
        "researchAndDevelopmentExpenses": 0,
        "generalAndAdministrativeExpenses": 521000000,
        "sellingAndMarketingExpenses": 938000000,
        "sellingGeneralAndAdministrativeExpenses": 1459000000,
        "otherExpenses": 0,
        "operatingExpenses": 1459000000,
        "costAndExpenses": 2518000000,
        "interestIncome": 0,
        "interestExpense": 389000000,
        "depreciationAndAmortization": 286000000,
        "ebitda": 632000000,
        "ebitdaratio": 0.2164383562,
        "operatingIncome": 402000000,
        "operatingIncomeRatio": 0.1376712329,
        "totalOtherIncomeExpensesNet": -506000000,
        "incomeBeforeTax": -104000000,
        "incomeBeforeTaxRatio": -0.0356164384,
        "incomeTaxExpense": 32000000,
        "netIncome": -75000000,
        "netIncomeRatio": -0.0256849315,
        "eps": -0.0835,
        "epsdiluted": -0.39,
        "weightedAverageShsOut": 897798717,
        "weightedAverageShsOutDil": 192263793,
        "link": "https://www.sec.gov/Archives/edgar/data/883980/000162828015008616/0001628280-15-008616-index.htm",
        "finalLink": "https://www.sec.gov/Archives/edgar/data/883980/000162828015008616/a0930201510q.htm"
    },
    {
        "date": "2015-06-30",
        "symbol": "FDC",
        "reportedCurrency": "USD",
        "cik": "0000883980",
        "fillingDate": "2015-08-04",
        "acceptedDate": "2015-08-04 16:19:40",
        "calendarYear": "2015",
        "period": "Q2",
        "revenue": 2872000000,
        "costOfRevenue": 84000000,
        "grossProfit": 2788000000,
        "grossProfitRatio": 0.9707520891,
        "researchAndDevelopmentExpenses": 0,
        "generalAndAdministrativeExpenses": 547000000,
        "sellingAndMarketingExpenses": 926000000,
        "sellingGeneralAndAdministrativeExpenses": 1473000000,
        "otherExpenses": 0,
        "operatingExpenses": 1473000000,
        "costAndExpenses": 2463000000,
        "interestIncome": 0,
        "interestExpense": 406000000,
        "depreciationAndAmortization": 280000000,
        "ebitda": 778000000,
        "ebitdaratio": 0.2708913649,
        "operatingIncome": 409000000,
        "operatingIncomeRatio": 0.1424094708,
        "totalOtherIncomeExpensesNet": -425000000,
        "incomeBeforeTax": -16000000,
        "incomeBeforeTaxRatio": -0.0055710306,
        "incomeTaxExpense": 10000000,
        "netIncome": 82000000,
        "netIncomeRatio": 0.028551532,
        "eps": 0.0913,
        "epsdiluted": 0.43,
        "weightedAverageShsOut": 897798717,
        "weightedAverageShsOutDil": 192263793,
        "link": "https://www.sec.gov/Archives/edgar/data/883980/000162828015006033/0001628280-15-006033-index.htm",
        "finalLink": "https://www.sec.gov/Archives/edgar/data/883980/000162828015006033/a0630201510qv2.htm"
    },
    {
        "date": "2015-03-31",
        "symbol": "FDC",
        "reportedCurrency": "USD",
        "cik": "0000883980",
        "fillingDate": "2015-05-13",
        "acceptedDate": "2015-05-13 13:24:35",
        "calendarYear": "2015",
        "period": "Q1",
        "revenue": 2695000000,
        "costOfRevenue": 77000000,
        "grossProfit": 2618000000,
        "grossProfitRatio": 0.9714285714,
        "researchAndDevelopmentExpenses": 0,
        "generalAndAdministrativeExpenses": 499000000,
        "sellingAndMarketingExpenses": 873000000,
        "sellingGeneralAndAdministrativeExpenses": 1372000000,
        "otherExpenses": 0,
        "operatingExpenses": 1372000000,
        "costAndExpenses": 2435000000,
        "interestIncome": 0,
        "interestExpense": 407000000,
        "depreciationAndAmortization": 277000000,
        "ebitda": 575000000,
        "ebitdaratio": 0.2133580705,
        "operatingIncome": 260000000,
        "operatingIncomeRatio": 0.0964749536,
        "totalOtherIncomeExpensesNet": -375000000,
        "incomeBeforeTax": -115000000,
        "incomeBeforeTaxRatio": -0.0426716141,
        "incomeTaxExpense": 3000000,
        "netIncome": -112000000,
        "netIncomeRatio": -0.0415584416,
        "eps": -0.12,
        "epsdiluted": -0.58,
        "weightedAverageShsOut": 897798717,
        "weightedAverageShsOutDil": 192263793,
        "link": "https://www.sec.gov/Archives/edgar/data/883980/000162828015004132/0001628280-15-004132-index.htm",
        "finalLink": "https://www.sec.gov/Archives/edgar/data/883980/000162828015001198/a1231201410k.htm"
    },
    {
        "date": "2014-12-31",
        "symbol": "FDC",
        "reportedCurrency": "USD",
        "cik": "0000883980",
        "fillingDate": "2015-02-27",
        "acceptedDate": "2015-02-27 16:42:22",
        "calendarYear": "2014",
        "period": "Q4",
        "revenue": 2883300000,
        "costOfRevenue": 92000000,
        "grossProfit": 2791300000,
        "grossProfitRatio": 0.9680921167,
        "researchAndDevelopmentExpenses": 0,
        "generalAndAdministrativeExpenses": 482100000,
        "sellingAndMarketingExpenses": 910600000,
        "sellingGeneralAndAdministrativeExpenses": 1392700000,
        "otherExpenses": 0,
        "operatingExpenses": 1392700000,
        "costAndExpenses": 2463200000,
        "interestIncome": 0,
        "interestExpense": 405200000,
        "depreciationAndAmortization": 285500000,
        "ebitda": 731100000,
        "ebitdaratio": 0.253563625,
        "operatingIncome": 420100000,
        "operatingIncomeRatio": 0.1457011064,
        "totalOtherIncomeExpensesNet": -326500000,
        "incomeBeforeTax": 93600000,
        "incomeBeforeTaxRatio": 0.032462803,
        "incomeTaxExpense": 28600000,
        "netIncome": 11800000,
        "netIncomeRatio": 0.0040925329,
        "eps": 0.0131,
        "epsdiluted": 0.0614,
        "weightedAverageShsOut": 897798717,
        "weightedAverageShsOutDil": 192263793,
        "link": "https://www.sec.gov/Archives/edgar/data/883980/000162828015001198/0001628280-15-001198-index.htm",
        "finalLink": "https://www.sec.gov/Archives/edgar/data/883980/000162828015001198/a1231201410k.htm"
    },
    {
        "date": "2014-09-30",
        "symbol": "FDC",
        "reportedCurrency": "USD",
        "cik": "0000883980",
        "fillingDate": "2014-11-12",
        "acceptedDate": "2014-11-12 17:25:21",
        "calendarYear": "2014",
        "period": "Q3",
        "revenue": 2791100000,
        "costOfRevenue": 82600000,
        "grossProfit": 2708500000,
        "grossProfitRatio": 0.9704059331,
        "researchAndDevelopmentExpenses": 0,
        "generalAndAdministrativeExpenses": 503700000,
        "sellingAndMarketingExpenses": 888100000,
        "sellingGeneralAndAdministrativeExpenses": 1391800000,
        "otherExpenses": 0,
        "operatingExpenses": 1391800000,
        "costAndExpenses": 2438500000,
        "interestIncome": 0,
        "interestExpense": 417600000,
        "depreciationAndAmortization": 296200000,
        "ebitda": -146200000,
        "ebitdaratio": -0.0523807818,
        "operatingIncome": 352600000,
        "operatingIncomeRatio": 0.1263301207,
        "totalOtherIncomeExpensesNet": -1212600000,
        "incomeBeforeTax": -860000000,
        "incomeBeforeTaxRatio": -0.3081222457,
        "incomeTaxExpense": -390000000,
        "netIncome": -470000000,
        "netIncomeRatio": -0.1683923901,
        "eps": -0.52,
        "epsdiluted": -2.44,
        "weightedAverageShsOut": 897798717,
        "weightedAverageShsOutDil": 192263793,
        "link": "https://www.sec.gov/Archives/edgar/data/883980/000144530514005069/0001445305-14-005069-index.htm",
        "finalLink": "https://www.sec.gov/Archives/edgar/data/883980/000144530514005069/a0930201410q.htm"
    },
    {
        "date": "2014-06-30",
        "symbol": "FDC",
        "reportedCurrency": "USD",
        "cik": "0000883980",
        "fillingDate": "2014-08-08",
        "acceptedDate": "2014-08-08 15:05:20",
        "calendarYear": "2014",
        "period": "Q2",
        "revenue": 2837100000,
        "costOfRevenue": 82500000,
        "grossProfit": 2754600000,
        "grossProfitRatio": 0.9709210109,
        "researchAndDevelopmentExpenses": 0,
        "generalAndAdministrativeExpenses": 489800000,
        "sellingAndMarketingExpenses": 929900000,
        "sellingGeneralAndAdministrativeExpenses": 1419700000,
        "otherExpenses": 0,
        "operatingExpenses": 1419700000,
        "costAndExpenses": 2455000000,
        "interestIncome": 0,
        "interestExpense": 463100000,
        "depreciationAndAmortization": 289400000,
        "ebitda": 466500000,
        "ebitdaratio": 0.1644284657,
        "operatingIncome": 382100000,
        "operatingIncomeRatio": 0.1346797786,
        "totalOtherIncomeExpensesNet": -356900000,
        "incomeBeforeTax": 25200000,
        "incomeBeforeTaxRatio": 0.0088823094,
        "incomeTaxExpense": 40000000,
        "netIncome": -326000000,
        "netIncomeRatio": -0.1149060661,
        "eps": -0.36,
        "epsdiluted": -1.7,
        "weightedAverageShsOut": 897798717,
        "weightedAverageShsOutDil": 192263793,
        "link": "https://www.sec.gov/Archives/edgar/data/883980/000110465914058853/0001104659-14-058853-index.htm",
        "finalLink": "https://www.sec.gov/Archives/edgar/data/883980/000110465914058853/a14-13856_110q.htm"
    },
    {
        "date": "2014-03-31",
        "symbol": "FDC",
        "reportedCurrency": "USD",
        "cik": "0000883980",
        "fillingDate": "2014-05-13",
        "acceptedDate": "2014-05-13 16:45:26",
        "calendarYear": "2014",
        "period": "Q1",
        "revenue": 2640300000,
        "costOfRevenue": 80100000,
        "grossProfit": 2560200000,
        "grossProfitRatio": 0.9696625383,
        "researchAndDevelopmentExpenses": 0,
        "generalAndAdministrativeExpenses": 486200000,
        "sellingAndMarketingExpenses": 874900000,
        "sellingGeneralAndAdministrativeExpenses": 1361100000,
        "otherExpenses": 0,
        "operatingExpenses": 1361100000,
        "costAndExpenses": 2355800000,
        "interestIncome": 0,
        "interestExpense": 467100000,
        "depreciationAndAmortization": 292200000,
        "ebitda": 595900000,
        "ebitdaratio": 0.2256940499,
        "operatingIncome": 284500000,
        "operatingIncomeRatio": 0.1077529069,
        "totalOtherIncomeExpensesNet": -561500000,
        "incomeBeforeTax": -277000000,
        "incomeBeforeTaxRatio": -0.1049123206,
        "incomeTaxExpense": 36600000,
        "netIncome": -200000000,
        "netIncomeRatio": -0.0757489679,
        "eps": -0.22,
        "epsdiluted": -1.04,
        "weightedAverageShsOut": 897798717,
        "weightedAverageShsOutDil": 192263793,
        "link": "https://www.sec.gov/Archives/edgar/data/883980/000110465914038177/0001104659-14-038177-index.htm",
        "finalLink": "https://www.sec.gov/Archives/edgar/data/883980/000110465914017714/a13-24727_110k.htm"
    },
    {
        "date": "2013-12-31",
        "symbol": "FDC",
        "reportedCurrency": "USD",
        "cik": "0000883980",
        "fillingDate": "2014-03-10",
        "acceptedDate": "2014-03-10 10:09:27",
        "calendarYear": "2013",
        "period": "Q4",
        "revenue": 2797100000,
        "costOfRevenue": 87100000,
        "grossProfit": 2710000000,
        "grossProfitRatio": 0.9688606056,
        "researchAndDevelopmentExpenses": 0,
        "generalAndAdministrativeExpenses": 468700000,
        "sellingAndMarketingExpenses": 910900000,
        "sellingGeneralAndAdministrativeExpenses": 1379600000,
        "otherExpenses": 0,
        "operatingExpenses": 1379600000,
        "costAndExpenses": 2439400000,
        "interestIncome": 0,
        "interestExpense": 470500000,
        "depreciationAndAmortization": 303800000,
        "ebitda": 690300000,
        "ebitdaratio": 0.2467913196,
        "operatingIncome": 357700000,
        "operatingIncomeRatio": 0.1278824497,
        "totalOtherIncomeExpensesNet": -492700000,
        "incomeBeforeTax": -135000000,
        "incomeBeforeTaxRatio": -0.0482642737,
        "incomeTaxExpense": -15000000,
        "netIncome": -69000000,
        "netIncomeRatio": -0.0246684066,
        "eps": -0.0769,
        "epsdiluted": -0.36,
        "weightedAverageShsOut": 897798717,
        "weightedAverageShsOutDil": 192263793,
        "link": "https://www.sec.gov/Archives/edgar/data/883980/000110465914017714/0001104659-14-017714-index.htm",
        "finalLink": "https://www.sec.gov/Archives/edgar/data/883980/000110465914017714/a13-24727_110k.htm"
    },
    {
        "date": "2013-09-30",
        "symbol": "FDC",
        "reportedCurrency": "USD",
        "cik": "0000883980",
        "fillingDate": "2013-11-13",
        "acceptedDate": "2013-11-12 18:20:37",
        "calendarYear": "2013",
        "period": "Q3",
        "revenue": 2712100000,
        "costOfRevenue": 80900000,
        "grossProfit": 2631200000,
        "grossProfitRatio": 0.9701707164,
        "researchAndDevelopmentExpenses": 0,
        "generalAndAdministrativeExpenses": 463600000,
        "sellingAndMarketingExpenses": 876400000,
        "sellingGeneralAndAdministrativeExpenses": 1340000000,
        "otherExpenses": 0,
        "operatingExpenses": 1340000000,
        "costAndExpenses": 2408600000,
        "interestIncome": 0,
        "interestExpense": 469000000,
        "depreciationAndAmortization": 301400000,
        "ebitda": 619000000,
        "ebitdaratio": 0.228236422,
        "operatingIncome": 303500000,
        "operatingIncomeRatio": 0.1119059032,
        "totalOtherIncomeExpensesNet": -502500000,
        "incomeBeforeTax": -199000000,
        "incomeBeforeTaxRatio": -0.0733748756,
        "incomeTaxExpense": 28600000,
        "netIncome": -180000000,
        "netIncomeRatio": -0.0663692342,
        "eps": -0.2,
        "epsdiluted": -0.94,
        "weightedAverageShsOut": 897798717,
        "weightedAverageShsOutDil": 192263793,
        "link": "https://www.sec.gov/Archives/edgar/data/883980/000110465913083762/0001104659-13-083762-index.htm",
        "finalLink": "https://www.sec.gov/Archives/edgar/data/883980/000110465913083762/a13-19528_110q.htm"
    },
    {
        "date": "2013-06-30",
        "symbol": "FDC",
        "reportedCurrency": "USD",
        "cik": "0000883980",
        "fillingDate": "2013-08-13",
        "acceptedDate": "2013-08-12 18:06:01",
        "calendarYear": "2013",
        "period": "Q2",
        "revenue": 2708800000,
        "costOfRevenue": 83400000,
        "grossProfit": 2625400000,
        "grossProfitRatio": 0.9692114589,
        "researchAndDevelopmentExpenses": 0,
        "generalAndAdministrativeExpenses": 493200000,
        "sellingAndMarketingExpenses": 875300000,
        "sellingGeneralAndAdministrativeExpenses": 1368500000,
        "otherExpenses": 0,
        "operatingExpenses": 1368500000,
        "costAndExpenses": 2438500000,
        "interestIncome": 0,
        "interestExpense": 472200000,
        "depreciationAndAmortization": 304600000,
        "ebitda": 643300000,
        "ebitdaratio": 0.2374852333,
        "operatingIncome": 270300000,
        "operatingIncomeRatio": 0.099785883,
        "totalOtherIncomeExpensesNet": -455300000,
        "incomeBeforeTax": -185000000,
        "incomeBeforeTaxRatio": -0.0682959244,
        "incomeTaxExpense": 11500000,
        "netIncome": -145000000,
        "netIncomeRatio": -0.053529238,
        "eps": -0.16,
        "epsdiluted": -0.75,
        "weightedAverageShsOut": 897798717,
        "weightedAverageShsOutDil": 192263793,
        "link": "https://www.sec.gov/Archives/edgar/data/883980/000110465913062838/0001104659-13-062838-index.htm",
        "finalLink": "https://www.sec.gov/Archives/edgar/data/883980/000110465913062838/a13-13604_110q.htm"
    },
    {
        "date": "2013-03-31",
        "symbol": "FDC",
        "reportedCurrency": "USD",
        "cik": "0000883980",
        "fillingDate": "2013-05-14",
        "acceptedDate": "2013-05-13 17:49:21",
        "calendarYear": "2013",
        "period": "Q1",
        "revenue": 2590900000,
        "costOfRevenue": 82600000,
        "grossProfit": 2508300000,
        "grossProfitRatio": 0.9681191864,
        "researchAndDevelopmentExpenses": 0,
        "generalAndAdministrativeExpenses": 463300000,
        "sellingAndMarketingExpenses": 844800000,
        "sellingGeneralAndAdministrativeExpenses": 1308100000,
        "otherExpenses": 0,
        "operatingExpenses": 1308100000,
        "costAndExpenses": 2399800000,
        "interestIncome": 0,
        "interestExpense": 469000000,
        "depreciationAndAmortization": 302100000,
        "ebitda": 534700000,
        "ebitdaratio": 0.2063761627,
        "operatingIncome": 191100000,
        "operatingIncomeRatio": 0.0737581535,
        "totalOtherIncomeExpensesNet": -465100000,
        "incomeBeforeTax": -274000000,
        "incomeBeforeTaxRatio": -0.105754757,
        "incomeTaxExpense": 61600000,
        "netIncome": -298000000,
        "netIncomeRatio": -0.1150179474,
        "eps": -0.33,
        "epsdiluted": -1.55,
        "weightedAverageShsOut": 897798717,
        "weightedAverageShsOutDil": 192263793,
        "link": "https://www.sec.gov/Archives/edgar/data/883980/000110465913040885/0001104659-13-040885-index.htm",
        "finalLink": "https://www.sec.gov/Archives/edgar/data/883980/000110465913021975/a12-28631_110k.htm"
    },
    {
        "date": "2012-12-31",
        "symbol": "FDC",
        "reportedCurrency": "USD",
        "cik": "0000883980",
        "fillingDate": "2013-03-19",
        "acceptedDate": "2013-03-19 08:59:17",
        "calendarYear": "2012",
        "period": "Q4",
        "revenue": 2756800000,
        "costOfRevenue": 85000000,
        "grossProfit": 2671800000,
        "grossProfitRatio": 0.9691671503,
        "researchAndDevelopmentExpenses": 0,
        "generalAndAdministrativeExpenses": 452100000,
        "sellingAndMarketingExpenses": 863500000,
        "sellingGeneralAndAdministrativeExpenses": 1315600000,
        "otherExpenses": 0,
        "operatingExpenses": 1315600000,
        "costAndExpenses": 2419800000,
        "interestIncome": 0,
        "interestExpense": 467400000,
        "depreciationAndAmortization": 326800000,
        "ebitda": 121500000,
        "ebitdaratio": 0.0440728381,
        "operatingIncome": 337000000,
        "operatingIncomeRatio": 0.1222431805,
        "totalOtherIncomeExpensesNet": -1581000000,
        "incomeBeforeTax": -1244000000,
        "incomeBeforeTaxRatio": -0.4512478236,
        "incomeTaxExpense": 28300000,
        "netIncome": -701000000,
        "netIncomeRatio": -0.254280325,
        "eps": -0.78,
        "epsdiluted": -3.65,
        "weightedAverageShsOut": 897798717,
        "weightedAverageShsOutDil": 192263793,
        "link": "https://www.sec.gov/Archives/edgar/data/883980/000110465913021975/0001104659-13-021975-index.htm",
        "finalLink": "https://www.sec.gov/Archives/edgar/data/883980/000110465913021975/a12-28631_110k.htm"
    },
    {
        "date": "2012-09-30",
        "symbol": "FDC",
        "reportedCurrency": "USD",
        "cik": "0000883980",
        "fillingDate": "2012-11-13",
        "acceptedDate": "2012-11-13 06:07:04",
        "calendarYear": "2012",
        "period": "Q3",
        "revenue": 2674000000,
        "costOfRevenue": 80100000,
        "grossProfit": 2593900000,
        "grossProfitRatio": 0.9700448766,
        "researchAndDevelopmentExpenses": 0,
        "generalAndAdministrativeExpenses": 467900000,
        "sellingAndMarketingExpenses": 844400000,
        "sellingGeneralAndAdministrativeExpenses": 1312300000,
        "otherExpenses": 0,
        "operatingExpenses": 1312300000,
        "costAndExpenses": 2422100000,
        "interestIncome": 0,
        "interestExpense": 488600000,
        "depreciationAndAmortization": 326900000,
        "ebitda": -215500000,
        "ebitdaratio": -0.0805908751,
        "operatingIncome": 251900000,
        "operatingIncomeRatio": 0.0942034405,
        "totalOtherIncomeExpensesNet": -1282900000,
        "incomeBeforeTax": -1031000000,
        "incomeBeforeTaxRatio": -0.3855646971,
        "incomeTaxExpense": -509000000,
        "netIncome": -522000000,
        "netIncomeRatio": -0.1952131638,
        "eps": -0.58,
        "epsdiluted": -2.72,
        "weightedAverageShsOut": 897798717,
        "weightedAverageShsOutDil": 192263793,
        "link": "https://www.sec.gov/Archives/edgar/data/883980/000110465912076899/0001104659-12-076899-index.htm",
        "finalLink": "https://www.sec.gov/Archives/edgar/data/883980/000110465912076899/a12-19566_110q.htm"
    },
    {
        "date": "2012-06-30",
        "symbol": "FDC",
        "reportedCurrency": "USD",
        "cik": "0000883980",
        "fillingDate": "2012-08-14",
        "acceptedDate": "2012-08-13 18:12:13",
        "calendarYear": "2012",
        "period": "Q2",
        "revenue": 2685500000,
        "costOfRevenue": 86200000,
        "grossProfit": 2599300000,
        "grossProfitRatio": 0.9679016943,
        "researchAndDevelopmentExpenses": 0,
        "generalAndAdministrativeExpenses": 458900000,
        "sellingAndMarketingExpenses": 846300000,
        "sellingGeneralAndAdministrativeExpenses": 1305200000,
        "otherExpenses": 0,
        "operatingExpenses": 1305200000,
        "costAndExpenses": 2417600000,
        "interestIncome": 0,
        "interestExpense": 480700000,
        "depreciationAndAmortization": 327800000,
        "ebitda": 165500000,
        "ebitdaratio": 0.0616272575,
        "operatingIncome": 267900000,
        "operatingIncomeRatio": 0.0997579594,
        "totalOtherIncomeExpensesNet": -910900000,
        "incomeBeforeTax": -643000000,
        "incomeBeforeTaxRatio": -0.2394339974,
        "incomeTaxExpense": -333000000,
        "netIncome": -310000000,
        "netIncomeRatio": -0.1154347421,
        "eps": -0.35,
        "epsdiluted": -1.61,
        "weightedAverageShsOut": 897798717,
        "weightedAverageShsOutDil": 192263793,
        "link": "https://www.sec.gov/Archives/edgar/data/883980/000110465912057438/0001104659-12-057438-index.htm",
        "finalLink": "https://www.sec.gov/Archives/edgar/data/883980/000110465912057438/a12-13673_110q.htm"
    },
    {
        "date": "2012-03-31",
        "symbol": "FDC",
        "reportedCurrency": "USD",
        "cik": "0000883980",
        "fillingDate": "2012-05-14",
        "acceptedDate": "2012-05-14 16:05:25",
        "calendarYear": "2012",
        "period": "Q1",
        "revenue": 2564000000,
        "costOfRevenue": 85000000,
        "grossProfit": 2479000000,
        "grossProfitRatio": 0.9668486739,
        "researchAndDevelopmentExpenses": 0,
        "generalAndAdministrativeExpenses": 446500000,
        "sellingAndMarketingExpenses": 807300000,
        "sellingGeneralAndAdministrativeExpenses": 1253800000,
        "otherExpenses": 0,
        "operatingExpenses": 1253800000,
        "costAndExpenses": 2347000000,
        "interestIncome": 0,
        "interestExpense": 461100000,
        "depreciationAndAmortization": 349400000,
        "ebitda": 473500000,
        "ebitdaratio": 0.1846723869,
        "operatingIncome": 217000000,
        "operatingIncomeRatio": 0.0846333853,
        "totalOtherIncomeExpensesNet": -554000000,
        "incomeBeforeTax": -337000000,
        "incomeBeforeTaxRatio": -0.1314352574,
        "incomeTaxExpense": -184000000,
        "netIncome": -153000000,
        "netIncomeRatio": -0.0596723869,
        "eps": -0.17,
        "epsdiluted": -0.8,
        "weightedAverageShsOut": 897798717,
        "weightedAverageShsOutDil": 192263793,
        "link": "https://www.sec.gov/Archives/edgar/data/883980/000110465912036914/0001104659-12-036914-index.htm",
        "finalLink": "https://www.sec.gov/Archives/edgar/data/883980/000110465912015609/a12-2328_110k.htm"
    },
    {
        "date": "2011-12-31",
        "symbol": "FDC",
        "reportedCurrency": "USD",
        "cik": "0000883980",
        "fillingDate": "2012-03-05",
        "acceptedDate": "2012-03-05 13:49:00",
        "calendarYear": "2011",
        "period": "Q4",
        "revenue": 2687800000,
        "costOfRevenue": 93900000,
        "grossProfit": 2593900000,
        "grossProfitRatio": 0.9650643649,
        "researchAndDevelopmentExpenses": 0,
        "generalAndAdministrativeExpenses": 435700000,
        "sellingAndMarketingExpenses": 740700000,
        "sellingGeneralAndAdministrativeExpenses": 1176400000,
        "otherExpenses": 0,
        "operatingExpenses": 1176400000,
        "costAndExpenses": 2358000000,
        "interestIncome": 0,
        "interestExpense": 461800000,
        "depreciationAndAmortization": 339900000,
        "ebitda": -416300000,
        "ebitdaratio": -0.1548850361,
        "operatingIncome": 329800000,
        "operatingIncomeRatio": 0.122702582,
        "totalOtherIncomeExpensesNet": -1547800000,
        "incomeBeforeTax": -1218000000,
        "incomeBeforeTaxRatio": -0.4531587172,
        "incomeTaxExpense": -702000000,
        "netIncome": -516000000,
        "netIncomeRatio": -0.1919785698,
        "eps": -0.57,
        "epsdiluted": -2.68,
        "weightedAverageShsOut": 897798717,
        "weightedAverageShsOutDil": 192263793,
        "link": "https://www.sec.gov/Archives/edgar/data/883980/000110465912015609/0001104659-12-015609-index.htm",
        "finalLink": "https://www.sec.gov/Archives/edgar/data/883980/000110465912015609/a12-2328_110k.htm"
    },
    {
        "date": "2011-09-30",
        "symbol": "FDC",
        "reportedCurrency": "USD",
        "cik": "0000883980",
        "fillingDate": "2011-11-08",
        "acceptedDate": "2011-11-08 17:02:45",
        "calendarYear": "2011",
        "period": "Q3",
        "revenue": 2731800000,
        "costOfRevenue": 92400000,
        "grossProfit": 2639400000,
        "grossProfitRatio": 0.9661761476,
        "researchAndDevelopmentExpenses": 0,
        "generalAndAdministrativeExpenses": 407700000,
        "sellingAndMarketingExpenses": 1015200000,
        "sellingGeneralAndAdministrativeExpenses": 1422900000,
        "otherExpenses": 0,
        "operatingExpenses": 1422900000,
        "costAndExpenses": 2438600000,
        "interestIncome": 0,
        "interestExpense": 466700000,
        "depreciationAndAmortization": 279300000,
        "ebitda": -203000000,
        "ebitdaratio": -0.0743099788,
        "operatingIncome": 293200000,
        "operatingIncomeRatio": 0.1073285014,
        "totalOtherIncomeExpensesNet": -1242200000,
        "incomeBeforeTax": -949000000,
        "incomeBeforeTaxRatio": -0.3473899993,
        "incomeTaxExpense": -502000000,
        "netIncome": -447000000,
        "netIncomeRatio": -0.1636283769,
        "eps": -0.5,
        "epsdiluted": -2.32,
        "weightedAverageShsOut": 897798717,
        "weightedAverageShsOutDil": 192263793,
        "link": "https://www.sec.gov/Archives/edgar/data/883980/000119312511302345/0001193125-11-302345-index.htm",
        "finalLink": "https://www.sec.gov/Archives/edgar/data/883980/000119312511302345/d227181d10q.htm"
    },
    {
        "date": "2011-06-30",
        "symbol": "FDC",
        "reportedCurrency": "USD",
        "cik": "0000883980",
        "fillingDate": "2011-08-12",
        "acceptedDate": "2011-08-11 18:40:51",
        "calendarYear": "2011",
        "period": "Q2",
        "revenue": 5292946000,
        "costOfRevenue": 183300000,
        "grossProfit": 5109646000,
        "grossProfitRatio": 0.9653690024,
        "researchAndDevelopmentExpenses": -1765000,
        "generalAndAdministrativeExpenses": 835539000,
        "sellingAndMarketingExpenses": 1775600000,
        "sellingGeneralAndAdministrativeExpenses": 2611139000,
        "otherExpenses": 0,
        "operatingExpenses": 2609374000,
        "costAndExpenses": 4958974000,
        "interestIncome": 0,
        "interestExpense": 897046000,
        "depreciationAndAmortization": 721699000,
        "ebitda": 841745000,
        "ebitdaratio": 0.1590314732,
        "operatingIncome": 304598000,
        "operatingIncomeRatio": 0.0575479138,
        "totalOtherIncomeExpensesNet": -1081598000,
        "incomeBeforeTax": -777000000,
        "incomeBeforeTaxRatio": -0.146799155,
        "incomeTaxExpense": -384000000,
        "netIncome": -393000000,
        "netIncomeRatio": -0.0742497656,
        "eps": -0.44,
        "epsdiluted": -2.04,
        "weightedAverageShsOut": 897798717,
        "weightedAverageShsOutDil": 192263793,
        "link": "https://www.sec.gov/Archives/edgar/data/883980/000119312511219931/0001193125-11-219931-index.htm",
        "finalLink": "https://www.sec.gov/Archives/edgar/data/883980/000119312511219931/d10q.htm"
    },
    {
        "date": "2011-03-31",
        "symbol": "FDC",
        "reportedCurrency": "USD",
        "cik": "0000883980",
        "fillingDate": "2011-05-13",
        "acceptedDate": "2011-05-12 18:25:02",
        "calendarYear": "2011",
        "period": "Q1",
        "revenue": 1038040000,
        "costOfRevenue": 0,
        "grossProfit": 1038040000,
        "grossProfitRatio": 1,
        "researchAndDevelopmentExpenses": 0,
        "generalAndAdministrativeExpenses": 63000000,
        "sellingAndMarketingExpenses": 0,
        "sellingGeneralAndAdministrativeExpenses": 63000000,
        "otherExpenses": 0,
        "operatingExpenses": 63000000,
        "costAndExpenses": 63000000,
        "interestIncome": 0,
        "interestExpense": 437000000,
        "depreciationAndAmortization": 367000000,
        "ebitda": 383000000,
        "ebitdaratio": 0.3689645871,
        "operatingIncome": -421000000,
        "operatingIncomeRatio": -0.4055720396,
        "totalOtherIncomeExpensesNet": 0,
        "incomeBeforeTax": -421000000,
        "incomeBeforeTaxRatio": -0.4055720396,
        "incomeTaxExpense": -204000000,
        "netIncome": -217000000,
        "netIncomeRatio": -0.2090478209,
        "eps": -0.24,
        "epsdiluted": -0.24,
        "weightedAverageShsOut": 897798717,
        "weightedAverageShsOutDil": 897798717,
        "link": "https://www.sec.gov/Archives/edgar/data/883980/000119312511137847/0001193125-11-137847-index.htm",
        "finalLink": "https://www.sec.gov/Archives/edgar/data/883980/000119312511061160/d10k.htm"
    },
    {
        "date": "2010-12-31",
        "symbol": "FDC",
        "reportedCurrency": "USD",
        "cik": "0000883980",
        "fillingDate": "2011-03-10",
        "acceptedDate": "2011-03-09 19:20:24",
        "calendarYear": "2010",
        "period": "Q4",
        "revenue": 2731000000,
        "costOfRevenue": 874000000,
        "grossProfit": 1857000000,
        "grossProfitRatio": 0.6799707067,
        "researchAndDevelopmentExpenses": 0,
        "generalAndAdministrativeExpenses": 400000000,
        "sellingAndMarketingExpenses": 0,
        "sellingGeneralAndAdministrativeExpenses": 400000000,
        "otherExpenses": 0,
        "operatingExpenses": 400000000,
        "costAndExpenses": 1274000000,
        "interestIncome": 0,
        "interestExpense": 441000000,
        "depreciationAndAmortization": 390000000,
        "ebitda": 910000000,
        "ebitdaratio": 0.3332112779,
        "operatingIncome": -277000000,
        "operatingIncomeRatio": -0.1014280483,
        "totalOtherIncomeExpensesNet": 0,
        "incomeBeforeTax": -277000000,
        "incomeBeforeTaxRatio": -0.1014280483,
        "incomeTaxExpense": 208000000,
        "netIncome": -129000000,
        "netIncomeRatio": -0.0472354449,
        "eps": -0.14,
        "epsdiluted": -0.14,
        "weightedAverageShsOut": 897798717,
        "weightedAverageShsOutDil": 897798717,
        "link": "https://www.sec.gov/Archives/edgar/data/883980/000119312511061160/0001193125-11-061160-index.htm",
        "finalLink": "https://www.sec.gov/Archives/edgar/data/883980/000119312511061160/d10k.htm"
    },
    {
        "date": "2010-09-30",
        "symbol": "FDC",
        "reportedCurrency": "USD",
        "cik": "0000883980",
        "fillingDate": "2010-11-12",
        "acceptedDate": "2010-11-10 18:06:38",
        "calendarYear": "2010",
        "period": "Q3",
        "revenue": 2633000000,
        "costOfRevenue": 841000000,
        "grossProfit": 1792000000,
        "grossProfitRatio": 0.6805924801,
        "researchAndDevelopmentExpenses": 0,
        "generalAndAdministrativeExpenses": 405000000,
        "sellingAndMarketingExpenses": 0,
        "sellingGeneralAndAdministrativeExpenses": 405000000,
        "otherExpenses": 0,
        "operatingExpenses": 405000000,
        "costAndExpenses": 1246000000,
        "interestIncome": 0,
        "interestExpense": 456000000,
        "depreciationAndAmortization": 383000000,
        "ebitda": 244000000,
        "ebitdaratio": 0.0926699582,
        "operatingIncome": -365000000,
        "operatingIncomeRatio": -0.1386251424,
        "totalOtherIncomeExpensesNet": 0,
        "incomeBeforeTax": -365000000,
        "incomeBeforeTaxRatio": -0.1386251424,
        "incomeTaxExpense": -208000000,
        "netIncome": -387000000,
        "netIncomeRatio": -0.1469806305,
        "eps": -0.43,
        "epsdiluted": -0.43,
        "weightedAverageShsOut": 897798717,
        "weightedAverageShsOutDil": 897798717,
        "link": "https://www.sec.gov/Archives/edgar/data/883980/000119312510256300/0001193125-10-256300-index.htm",
        "finalLink": "https://www.sec.gov/Archives/edgar/data/883980/000119312510256300/d10q.htm"
    },
    {
        "date": "2010-06-30",
        "symbol": "FDC",
        "reportedCurrency": "USD",
        "cik": "0000883980",
        "fillingDate": "2010-08-10",
        "acceptedDate": "2010-08-09 18:03:28",
        "calendarYear": "2010",
        "period": "Q2",
        "revenue": 5016000000,
        "costOfRevenue": 1683000000,
        "grossProfit": 3333000000,
        "grossProfitRatio": 0.6644736842,
        "researchAndDevelopmentExpenses": 0,
        "generalAndAdministrativeExpenses": 721000000,
        "sellingAndMarketingExpenses": 0,
        "sellingGeneralAndAdministrativeExpenses": 721000000,
        "otherExpenses": 0,
        "operatingExpenses": 721000000,
        "costAndExpenses": 2404000000,
        "interestIncome": 0,
        "interestExpense": 458000000,
        "depreciationAndAmortization": 374000000,
        "ebitda": 918000000,
        "ebitdaratio": 0.1830143541,
        "operatingIncome": -230000000,
        "operatingIncomeRatio": -0.0458532695,
        "totalOtherIncomeExpensesNet": 0,
        "incomeBeforeTax": -230000000,
        "incomeBeforeTaxRatio": -0.0458532695,
        "incomeTaxExpense": 184000000,
        "netIncome": -98000000,
        "netIncomeRatio": -0.0195374801,
        "eps": -0.11,
        "epsdiluted": -0.11,
        "weightedAverageShsOut": 897798717,
        "weightedAverageShsOutDil": 897798717,
        "link": "https://www.sec.gov/Archives/edgar/data/883980/000119312510183673/0001193125-10-183673-index.htm",
        "finalLink": "https://www.sec.gov/Archives/edgar/data/883980/000119312510183673/d10q.htm"
    },
    {
        "date": "2010-03-31",
        "symbol": "FDC",
        "reportedCurrency": "USD",
        "cik": "0000883980",
        "fillingDate": "2010-05-14",
        "acceptedDate": "2010-05-13 18:19:35",
        "calendarYear": "2010",
        "period": "Q1",
        "revenue": 2278500000,
        "costOfRevenue": 0,
        "grossProfit": 2278500000,
        "grossProfitRatio": 1,
        "researchAndDevelopmentExpenses": 0,
        "generalAndAdministrativeExpenses": 53000000,
        "sellingAndMarketingExpenses": 0,
        "sellingGeneralAndAdministrativeExpenses": 53000000,
        "otherExpenses": 0,
        "operatingExpenses": 53000000,
        "costAndExpenses": 53000000,
        "interestIncome": 0,
        "interestExpense": 441000000,
        "depreciationAndAmortization": 379000000,
        "ebitda": 404000000,
        "ebitdaratio": 0.1773096335,
        "operatingIncome": -416000000,
        "operatingIncomeRatio": -0.1825762563,
        "totalOtherIncomeExpensesNet": 0,
        "incomeBeforeTax": -416000000,
        "incomeBeforeTaxRatio": -0.1825762563,
        "incomeTaxExpense": -184000000,
        "netIncome": -232000000,
        "netIncomeRatio": -0.1018213737,
        "eps": -0.26,
        "epsdiluted": -0.26,
        "weightedAverageShsOut": 897798717,
        "weightedAverageShsOutDil": 897798717,
        "link": "https://www.sec.gov/Archives/edgar/data/883980/000119312510119241/0001193125-10-119241-index.htm",
        "finalLink": "https://www.sec.gov/Archives/edgar/data/883980/000119312510052892/d10k.htm"
    },
    {
        "date": "2009-12-31",
        "symbol": "FDC",
        "reportedCurrency": "USD",
        "cik": "0000883980",
        "fillingDate": "2010-03-11",
        "acceptedDate": "2010-03-10 18:47:19",
        "calendarYear": "2009",
        "period": "Q4",
        "revenue": 2278500000,
        "costOfRevenue": 1250000000,
        "grossProfit": 1028500000,
        "grossProfitRatio": 0.4513934606,
        "researchAndDevelopmentExpenses": 0,
        "generalAndAdministrativeExpenses": 1266000000,
        "sellingAndMarketingExpenses": 0,
        "sellingGeneralAndAdministrativeExpenses": 1266000000,
        "otherExpenses": 0,
        "operatingExpenses": 1266000000,
        "costAndExpenses": 4516000000,
        "interestIncome": 0,
        "interestExpense": 354000000,
        "depreciationAndAmortization": 414000000,
        "ebitda": 258000000,
        "ebitdaratio": 0.1132323897,
        "operatingIncome": 167000000,
        "operatingIncomeRatio": 0.0732938337,
        "totalOtherIncomeExpensesNet": -677000000,
        "incomeBeforeTax": -510000000,
        "incomeBeforeTaxRatio": -0.2238314681,
        "incomeTaxExpense": 41000000,
        "netIncome": -551000000,
        "netIncomeRatio": -0.2418257626,
        "eps": -0.61,
        "epsdiluted": -0.61,
        "weightedAverageShsOut": 897798717,
        "weightedAverageShsOutDil": 897798717,
        "link": "https://www.sec.gov/Archives/edgar/data/883980/000119312510052892/0001193125-10-052892-index.htm",
        "finalLink": "https://www.sec.gov/Archives/edgar/data/883980/000119312510052892/d10k.htm"
    },
    {
        "date": "2009-09-30",
        "symbol": "FDC",
        "reportedCurrency": "USD",
        "cik": "0000883980",
        "fillingDate": "2009-11-13",
        "acceptedDate": "2009-11-12 18:06:25",
        "calendarYear": "2009",
        "period": "Q3",
        "revenue": 2443200000,
        "costOfRevenue": 2442200000,
        "grossProfit": 1000000,
        "grossProfitRatio": 0.0004092993,
        "researchAndDevelopmentExpenses": 0,
        "generalAndAdministrativeExpenses": 58000000,
        "sellingAndMarketingExpenses": 0,
        "sellingGeneralAndAdministrativeExpenses": 58000000,
        "otherExpenses": 0,
        "operatingExpenses": 58000000,
        "costAndExpenses": 58000000,
        "interestIncome": 0,
        "interestExpense": 489000000,
        "depreciationAndAmortization": 398000000,
        "ebitda": 510000000,
        "ebitdaratio": 0.2087426326,
        "operatingIncome": -377000000,
        "operatingIncomeRatio": -0.1543058284,
        "totalOtherIncomeExpensesNet": 0,
        "incomeBeforeTax": -377000000,
        "incomeBeforeTaxRatio": -0.1543058284,
        "incomeTaxExpense": -207000000,
        "netIncome": -170000000,
        "netIncomeRatio": -0.0695808775,
        "eps": -0.23,
        "epsdiluted": -0.23,
        "weightedAverageShsOut": 751000000,
        "weightedAverageShsOutDil": 751000000,
        "link": "https://www.sec.gov/Archives/edgar/data/883980/000119312509233051/0001193125-09-233051-index.htm",
        "finalLink": "https://www.sec.gov/Archives/edgar/data/883980/000119312509233051/d10q.htm"
    },
    {
        "date": "2009-06-30",
        "symbol": "FDC",
        "reportedCurrency": "USD",
        "cik": "0000883980",
        "fillingDate": "2009-08-14",
        "acceptedDate": "2009-08-13 18:07:59",
        "calendarYear": "2009",
        "period": "Q2",
        "revenue": 2208600000,
        "costOfRevenue": 2207600000,
        "grossProfit": 1000000,
        "grossProfitRatio": 0.0004527755,
        "researchAndDevelopmentExpenses": 0,
        "generalAndAdministrativeExpenses": 61000000,
        "sellingAndMarketingExpenses": 0,
        "sellingGeneralAndAdministrativeExpenses": 61000000,
        "otherExpenses": 0,
        "operatingExpenses": 61000000,
        "costAndExpenses": 61000000,
        "interestIncome": 0,
        "interestExpense": 512000000,
        "depreciationAndAmortization": 389000000,
        "ebitda": 513000000,
        "ebitdaratio": 0.2322738386,
        "operatingIncome": -388000000,
        "operatingIncomeRatio": -0.1756768994,
        "totalOtherIncomeExpensesNet": 0,
        "incomeBeforeTax": -388000000,
        "incomeBeforeTaxRatio": -0.1756768994,
        "incomeTaxExpense": -228000000,
        "netIncome": -160000000,
        "netIncomeRatio": -0.0724440822,
        "eps": -0.21,
        "epsdiluted": -0.21,
        "weightedAverageShsOut": 751000000,
        "weightedAverageShsOutDil": 751000000,
        "link": "https://www.sec.gov/Archives/edgar/data/883980/000119312509174606/0001193125-09-174606-index.htm",
        "finalLink": "https://www.sec.gov/Archives/edgar/data/883980/000119312509174606/d10q.htm"
    },
    {
        "date": "2009-03-31",
        "symbol": "FDC",
        "reportedCurrency": "USD",
        "cik": "0000883980",
        "fillingDate": "2009-05-15",
        "acceptedDate": "2009-05-14 18:08:39",
        "calendarYear": "2009",
        "period": "Q1",
        "revenue": 2278500000,
        "costOfRevenue": 0,
        "grossProfit": 2278500000,
        "grossProfitRatio": 1,
        "researchAndDevelopmentExpenses": 0,
        "generalAndAdministrativeExpenses": 53000000,
        "sellingAndMarketingExpenses": 0,
        "sellingGeneralAndAdministrativeExpenses": 53000000,
        "otherExpenses": 0,
        "operatingExpenses": 53000000,
        "costAndExpenses": 53000000,
        "interestIncome": 0,
        "interestExpense": 441000000,
        "depreciationAndAmortization": 352000000,
        "ebitda": 377000000,
        "ebitdaratio": 0.1654597323,
        "operatingIncome": -416000000,
        "operatingIncomeRatio": -0.1825762563,
        "totalOtherIncomeExpensesNet": 0,
        "incomeBeforeTax": -416000000,
        "incomeBeforeTaxRatio": -0.1825762563,
        "incomeTaxExpense": -184000000,
        "netIncome": -232000000,
        "netIncomeRatio": -0.1018213737,
        "eps": -0.31,
        "epsdiluted": -0.31,
        "weightedAverageShsOut": 751000000,
        "weightedAverageShsOutDil": 751000000,
        "link": "https://www.sec.gov/Archives/edgar/data/883980/000119312509111638/0001193125-09-111638-index.htm",
        "finalLink": "https://www.sec.gov/Archives/edgar/data/883980/000119312509062390/d10k.htm"
    },
    {
        "date": "2008-12-31",
        "symbol": "FDC",
        "reportedCurrency": "USD",
        "cik": "0000883980",
        "fillingDate": "2009-03-25",
        "acceptedDate": "2009-03-25 06:05:20",
        "calendarYear": "2008",
        "period": "Q4",
        "revenue": 2278500000,
        "costOfRevenue": 39000000,
        "grossProfit": 2239500000,
        "grossProfitRatio": 0.982883476,
        "researchAndDevelopmentExpenses": 0,
        "generalAndAdministrativeExpenses": 213000000,
        "sellingAndMarketingExpenses": 0,
        "sellingGeneralAndAdministrativeExpenses": 213000000,
        "otherExpenses": 0,
        "operatingExpenses": 213000000,
        "costAndExpenses": 252000000,
        "interestIncome": 0,
        "interestExpense": 237000000,
        "depreciationAndAmortization": -1124000000,
        "ebitda": 451000000,
        "ebitdaratio": 0.1979372394,
        "operatingIncome": 1513000000,
        "operatingIncomeRatio": 0.6640333553,
        "totalOtherIncomeExpensesNet": -211000000,
        "incomeBeforeTax": 1302000000,
        "incomeBeforeTaxRatio": 0.5714285714,
        "incomeTaxExpense": -175000000,
        "netIncome": 1513000000,
        "netIncomeRatio": 0.6640333553,
        "eps": 2.01,
        "epsdiluted": 2.01,
        "weightedAverageShsOut": 751000000,
        "weightedAverageShsOutDil": 751000000,
        "link": "https://www.sec.gov/Archives/edgar/data/883980/000119312509062390/0001193125-09-062390-index.htm",
        "finalLink": "https://www.sec.gov/Archives/edgar/data/883980/000119312509062390/d10k.htm"
    },
    {
        "date": "2008-09-30",
        "symbol": "FDC",
        "reportedCurrency": "USD",
        "cik": "0000883980",
        "fillingDate": "2008-11-14",
        "acceptedDate": "2008-11-13 18:35:07",
        "calendarYear": "2008",
        "period": "Q3",
        "revenue": 2164000000,
        "costOfRevenue": 838000000,
        "grossProfit": 1326000000,
        "grossProfitRatio": 0.612754159,
        "researchAndDevelopmentExpenses": 0,
        "generalAndAdministrativeExpenses": 306000000,
        "sellingAndMarketingExpenses": 0,
        "sellingGeneralAndAdministrativeExpenses": 306000000,
        "otherExpenses": 0,
        "operatingExpenses": 306000000,
        "costAndExpenses": 1144000000,
        "interestIncome": 0,
        "interestExpense": 498000000,
        "depreciationAndAmortization": 396000000,
        "ebitda": 596000000,
        "ebitdaratio": 0.2754158965,
        "operatingIncome": -164000000,
        "operatingIncomeRatio": -0.0757855823,
        "totalOtherIncomeExpensesNet": -134000000,
        "incomeBeforeTax": -298000000,
        "incomeBeforeTaxRatio": -0.1377079482,
        "incomeTaxExpense": -146000000,
        "netIncome": -152000000,
        "netIncomeRatio": -0.0702402957,
        "eps": -0.2,
        "epsdiluted": -0.2,
        "weightedAverageShsOut": 751000000,
        "weightedAverageShsOutDil": 751000000,
        "link": "https://www.sec.gov/Archives/edgar/data/883980/000119312508235407/0001193125-08-235407-index.htm",
        "finalLink": "https://www.sec.gov/Archives/edgar/data/883980/000119312508235407/d10q.htm"
    },
    {
        "date": "2008-06-30",
        "symbol": "FDC",
        "reportedCurrency": "USD",
        "cik": "0000883980",
        "fillingDate": "2008-08-14",
        "acceptedDate": "2008-08-13 18:03:11",
        "calendarYear": "2008",
        "period": "Q2",
        "revenue": 2204000000,
        "costOfRevenue": 834000000,
        "grossProfit": 1370000000,
        "grossProfitRatio": 0.6215970962,
        "researchAndDevelopmentExpenses": 0,
        "generalAndAdministrativeExpenses": 315000000,
        "sellingAndMarketingExpenses": 0,
        "sellingGeneralAndAdministrativeExpenses": 315000000,
        "otherExpenses": 0,
        "operatingExpenses": 315000000,
        "costAndExpenses": 1149000000,
        "interestIncome": 0,
        "interestExpense": 451000000,
        "depreciationAndAmortization": 393000000,
        "ebitda": 613000000,
        "ebitdaratio": 0.2781306715,
        "operatingIncome": -161000000,
        "operatingIncomeRatio": -0.0730490018,
        "totalOtherIncomeExpensesNet": -70000000,
        "incomeBeforeTax": -231000000,
        "incomeBeforeTaxRatio": -0.1048094374,
        "incomeTaxExpense": -69000000,
        "netIncome": -162000000,
        "netIncomeRatio": -0.0735027223,
        "eps": -0.22,
        "epsdiluted": -0.22,
        "weightedAverageShsOut": 751000000,
        "weightedAverageShsOutDil": 751000000,
        "link": "https://www.sec.gov/Archives/edgar/data/883980/000119312508176633/0001193125-08-176633-index.htm",
        "finalLink": "https://www.sec.gov/Archives/edgar/data/883980/000119312508176633/d10q.htm"
    },
    {
        "date": "2008-03-31",
        "symbol": "FDC",
        "reportedCurrency": "USD",
        "cik": "0000883980",
        "fillingDate": "2008-05-15",
        "acceptedDate": "2008-05-15 15:41:02",
        "calendarYear": "2008",
        "period": "Q1",
        "revenue": 2126000000,
        "costOfRevenue": 826000000,
        "grossProfit": 1300000000,
        "grossProfitRatio": 0.611476952,
        "researchAndDevelopmentExpenses": 0,
        "generalAndAdministrativeExpenses": 304000000,
        "sellingAndMarketingExpenses": 0,
        "sellingGeneralAndAdministrativeExpenses": 304000000,
        "otherExpenses": 0,
        "operatingExpenses": 304000000,
        "costAndExpenses": 1130000000,
        "interestIncome": 0,
        "interestExpense": 517000000,
        "depreciationAndAmortization": 368000000,
        "ebitda": 530000000,
        "ebitdaratio": 0.2492944497,
        "operatingIncome": -221000000,
        "operatingIncomeRatio": -0.1039510818,
        "totalOtherIncomeExpensesNet": -134000000,
        "incomeBeforeTax": -355000000,
        "incomeBeforeTaxRatio": -0.1669802446,
        "incomeTaxExpense": -130000000,
        "netIncome": -225000000,
        "netIncomeRatio": -0.1058325494,
        "eps": -0.3,
        "epsdiluted": -0.3,
        "weightedAverageShsOut": 751000000,
        "weightedAverageShsOutDil": 751000000,
        "link": "https://www.sec.gov/Archives/edgar/data/883980/000119312508116352/0001193125-08-116352-index.htm",
        "finalLink": "https://www.sec.gov/Archives/edgar/data/883980/000119312508055502/d10k.htm"
    },
    {
        "date": "2007-12-31",
        "symbol": "FDC",
        "reportedCurrency": "USD",
        "cik": "0000883980",
        "fillingDate": "2008-03-13",
        "acceptedDate": "2008-03-13 16:09:51",
        "calendarYear": "2007",
        "period": "Q4",
        "revenue": 2143000000,
        "costOfRevenue": 1162000000,
        "grossProfit": 981000000,
        "grossProfitRatio": 0.457769482,
        "researchAndDevelopmentExpenses": 0,
        "generalAndAdministrativeExpenses": 353000000,
        "sellingAndMarketingExpenses": 0,
        "sellingGeneralAndAdministrativeExpenses": 353000000,
        "otherExpenses": 0,
        "operatingExpenses": 353000000,
        "costAndExpenses": 1515000000,
        "interestIncome": 0,
        "interestExpense": 550000000,
        "depreciationAndAmortization": 405000000,
        "ebitda": 520000000,
        "ebitdaratio": 0.24265049,
        "operatingIncome": -273000000,
        "operatingIncomeRatio": -0.1273915072,
        "totalOtherIncomeExpensesNet": -162000000,
        "incomeBeforeTax": -435000000,
        "incomeBeforeTaxRatio": -0.2029864676,
        "incomeTaxExpense": -176000000,
        "netIncome": -259000000,
        "netIncomeRatio": -0.1208586094,
        "eps": -0.34,
        "epsdiluted": -0.34,
        "weightedAverageShsOut": 751000000,
        "weightedAverageShsOutDil": 751000000,
        "link": "https://www.sec.gov/Archives/edgar/data/883980/000119312508055502/0001193125-08-055502-index.htm",
        "finalLink": "https://www.sec.gov/Archives/edgar/data/883980/000119312508055502/d10k.htm"
    },
    {
        "date": "2007-09-30",
        "symbol": "FDC",
        "reportedCurrency": "USD",
        "cik": "0000883980",
        "fillingDate": "2007-11-14",
        "acceptedDate": "2007-11-13 19:47:08",
        "calendarYear": "2007",
        "period": "Q3",
        "revenue": 135000000,
        "costOfRevenue": 72000000,
        "grossProfit": 63000000,
        "grossProfitRatio": 0.4666666667,
        "researchAndDevelopmentExpenses": 0,
        "generalAndAdministrativeExpenses": 25000000,
        "sellingAndMarketingExpenses": 0,
        "sellingGeneralAndAdministrativeExpenses": 25000000,
        "otherExpenses": 0,
        "operatingExpenses": 25000000,
        "costAndExpenses": 97000000,
        "interestIncome": 0,
        "interestExpense": 34000000,
        "depreciationAndAmortization": -343000000,
        "ebitda": -359000000,
        "ebitdaratio": -2.6592592593,
        "operatingIncome": -28000000,
        "operatingIncomeRatio": -0.2074074074,
        "totalOtherIncomeExpensesNet": -22000000,
        "incomeBeforeTax": -50000000,
        "incomeBeforeTaxRatio": -0.3703703704,
        "incomeTaxExpense": 0,
        "netIncome": -50000000,
        "netIncomeRatio": -0.3703703704,
        "eps": -0.0666,
        "epsdiluted": -0.0656,
        "weightedAverageShsOut": 751000000,
        "weightedAverageShsOutDil": 762000000,
        "link": "https://www.sec.gov/Archives/edgar/data/883980/000119312507245717/0001193125-07-245717-index.htm",
        "finalLink": "https://www.sec.gov/Archives/edgar/data/883980/000119312507245717/d10q.htm"
    },
    {
        "date": "2007-06-30",
        "symbol": "FDC",
        "reportedCurrency": "USD",
        "cik": "0000883980",
        "fillingDate": "2007-08-07",
        "acceptedDate": "2007-08-07 17:15:53",
        "calendarYear": "2007",
        "period": "Q2",
        "revenue": 2000700000,
        "costOfRevenue": 945000000,
        "grossProfit": 1055700000,
        "grossProfitRatio": 0.5276653171,
        "researchAndDevelopmentExpenses": 0,
        "generalAndAdministrativeExpenses": 341000000,
        "sellingAndMarketingExpenses": 0,
        "sellingGeneralAndAdministrativeExpenses": 341000000,
        "otherExpenses": 0,
        "operatingExpenses": 341000000,
        "costAndExpenses": 1286000000,
        "interestIncome": 0,
        "interestExpense": 36000000,
        "depreciationAndAmortization": 185000000,
        "ebitda": 450000000,
        "ebitdaratio": 0.2249212776,
        "operatingIncome": 229000000,
        "operatingIncomeRatio": 0.114459939,
        "totalOtherIncomeExpensesNet": 31000000,
        "incomeBeforeTax": 260000000,
        "incomeBeforeTaxRatio": 0.1299545159,
        "incomeTaxExpense": 67000000,
        "netIncome": 229000000,
        "netIncomeRatio": 0.114459939,
        "eps": 0.3,
        "epsdiluted": 0.3,
        "weightedAverageShsOut": 751000000,
        "weightedAverageShsOutDil": 762000000,
        "link": "https://www.sec.gov/Archives/edgar/data/883980/000119312507173884/0001193125-07-173884-index.html",
        "finalLink": "https://www.sec.gov/Archives/edgar/data/883980/000119312507173884/d10q.htm"
    },
    {
        "date": "2007-03-31",
        "symbol": "FDC",
        "reportedCurrency": "USD",
        "cik": "0000883980",
        "fillingDate": "2007-05-08",
        "acceptedDate": "2007-05-08 16:49:36",
        "calendarYear": "2007",
        "period": "Q1",
        "revenue": 1836000000,
        "costOfRevenue": 909000000,
        "grossProfit": 927000000,
        "grossProfitRatio": 0.5049019608,
        "researchAndDevelopmentExpenses": 0,
        "generalAndAdministrativeExpenses": 302000000,
        "sellingAndMarketingExpenses": 0,
        "sellingGeneralAndAdministrativeExpenses": 302000000,
        "otherExpenses": 0,
        "operatingExpenses": 302000000,
        "costAndExpenses": 1211000000,
        "interestIncome": 0,
        "interestExpense": 34000000,
        "depreciationAndAmortization": 180000000,
        "ebitda": 389000000,
        "ebitdaratio": 0.2118736383,
        "operatingIncome": 171000000,
        "operatingIncomeRatio": 0.0931372549,
        "totalOtherIncomeExpensesNet": -2000000,
        "incomeBeforeTax": 169000000,
        "incomeBeforeTaxRatio": 0.0920479303,
        "incomeTaxExpense": 32000000,
        "netIncome": 175000000,
        "netIncomeRatio": 0.0953159041,
        "eps": 0.23,
        "epsdiluted": 0.23,
        "weightedAverageShsOut": 752000000,
        "weightedAverageShsOutDil": 761000000,
        "link": "https://www.sec.gov/Archives/edgar/data/883980/000119312507106164/0001193125-07-106164-index.htm",
        "finalLink": "https://www.sec.gov/Archives/edgar/data/883980/000119312507106164/d10q.htm"
    },
    {
        "date": "2006-12-31",
        "symbol": "FDC",
        "reportedCurrency": "USD",
        "cik": "0000883980",
        "fillingDate": "2007-02-23",
        "acceptedDate": "2007-02-23 15:55:39",
        "calendarYear": "2006",
        "period": "Q4",
        "revenue": 229000000,
        "costOfRevenue": 3115000000,
        "grossProfit": -2886000000,
        "grossProfitRatio": -12.6026200873,
        "researchAndDevelopmentExpenses": 0,
        "generalAndAdministrativeExpenses": 1084000000,
        "sellingAndMarketingExpenses": -964000000,
        "sellingGeneralAndAdministrativeExpenses": 120000000,
        "otherExpenses": 0,
        "operatingExpenses": 120000000,
        "costAndExpenses": 3235000000,
        "interestIncome": 0,
        "interestExpense": 118000000,
        "depreciationAndAmortization": 176000000,
        "ebitda": 1819000000,
        "ebitdaratio": 7.943231441,
        "operatingIncome": 1201000000,
        "operatingIncomeRatio": 5.2445414847,
        "totalOtherIncomeExpensesNet": 324000000,
        "incomeBeforeTax": 1525000000,
        "incomeBeforeTaxRatio": 6.6593886463,
        "incomeTaxExpense": 0,
        "netIncome": 1525000000,
        "netIncomeRatio": 6.6593886463,
        "eps": 1.79,
        "epsdiluted": 1.76,
        "weightedAverageShsOut": 853000000,
        "weightedAverageShsOutDil": 867000000,
        "link": "https://www.sec.gov/Archives/edgar/data/883980/000119312507038336/0001193125-07-038336-index.htm",
        "finalLink": "https://www.sec.gov/Archives/edgar/data/883980/000119312507038336/d10k.htm"
    },
    {
        "date": "2006-09-30",
        "symbol": "FDC",
        "reportedCurrency": "USD",
        "cik": "0000883980",
        "fillingDate": "2006-11-08",
        "acceptedDate": "2006-11-08 17:12:03",
        "calendarYear": "2006",
        "period": "Q3",
        "revenue": 5179000000,
        "costOfRevenue": 2493000000,
        "grossProfit": 2686000000,
        "grossProfitRatio": 0.5186329407,
        "researchAndDevelopmentExpenses": 0,
        "generalAndAdministrativeExpenses": 862000000,
        "sellingAndMarketingExpenses": 0,
        "sellingGeneralAndAdministrativeExpenses": 862000000,
        "otherExpenses": 0,
        "operatingExpenses": 862000000,
        "costAndExpenses": 3355000000,
        "interestIncome": 0,
        "interestExpense": 191000000,
        "depreciationAndAmortization": 124000000,
        "ebitda": 1549000000,
        "ebitdaratio": 0.2990924889,
        "operatingIncome": 608000000,
        "operatingIncomeRatio": 0.1173971809,
        "totalOtherIncomeExpensesNet": 62000000,
        "incomeBeforeTax": 670000000,
        "incomeBeforeTaxRatio": 0.129368604,
        "incomeTaxExpense": 253000000,
        "netIncome": 1234000000,
        "netIncomeRatio": 0.2382699363,
        "eps": 1.62,
        "epsdiluted": 1.59,
        "weightedAverageShsOut": 764000000,
        "weightedAverageShsOutDil": 777000000,
        "link": "https://www.sec.gov/Archives/edgar/data/883980/000119312506228540/0001193125-06-228540-index.htm",
        "finalLink": "https://www.sec.gov/Archives/edgar/data/883980/000119312506228540/d10q.htm"
    },
    {
        "date": "2006-06-30",
        "symbol": "FDC",
        "reportedCurrency": "USD",
        "cik": "0000883980",
        "fillingDate": "2006-08-04",
        "acceptedDate": "2006-08-04 17:28:16",
        "calendarYear": "2006",
        "period": "Q2",
        "revenue": 2866000000,
        "costOfRevenue": 1431000000,
        "grossProfit": 1435000000,
        "grossProfitRatio": 0.5006978367,
        "researchAndDevelopmentExpenses": 0,
        "generalAndAdministrativeExpenses": 464000000,
        "sellingAndMarketingExpenses": 0,
        "sellingGeneralAndAdministrativeExpenses": 464000000,
        "otherExpenses": 0,
        "operatingExpenses": 464000000,
        "costAndExpenses": 1895000000,
        "interestIncome": 0,
        "interestExpense": 73000000,
        "depreciationAndAmortization": 199000000,
        "ebitda": 709000000,
        "ebitdaratio": 0.2473831124,
        "operatingIncome": 437000000,
        "operatingIncomeRatio": 0.1524773203,
        "totalOtherIncomeExpensesNet": 133000000,
        "incomeBeforeTax": 570000000,
        "incomeBeforeTaxRatio": 0.1988834613,
        "incomeTaxExpense": 206000000,
        "netIncome": 437000000,
        "netIncomeRatio": 0.1524773203,
        "eps": 0.57,
        "epsdiluted": 0.56,
        "weightedAverageShsOut": 765000000,
        "weightedAverageShsOutDil": 778000000,
        "link": "https://www.sec.gov/Archives/edgar/data/883980/000119312506162565/0001193125-06-162565-index.htm",
        "finalLink": "https://www.sec.gov/Archives/edgar/data/883980/000119312506162565/d10q.htm"
    },
    {
        "date": "2006-03-31",
        "symbol": "FDC",
        "reportedCurrency": "USD",
        "cik": "0000883980",
        "fillingDate": "2006-05-04",
        "acceptedDate": "2006-05-04 12:15:09",
        "calendarYear": "2006",
        "period": "Q1",
        "revenue": 2701000000,
        "costOfRevenue": 1396000000,
        "grossProfit": 1305000000,
        "grossProfitRatio": 0.4831543873,
        "researchAndDevelopmentExpenses": 0,
        "generalAndAdministrativeExpenses": 407000000,
        "sellingAndMarketingExpenses": 0,
        "sellingGeneralAndAdministrativeExpenses": 407000000,
        "otherExpenses": 0,
        "operatingExpenses": 407000000,
        "costAndExpenses": 1803000000,
        "interestIncome": 0,
        "interestExpense": 69000000,
        "depreciationAndAmortization": 201000000,
        "ebitda": 643000000,
        "ebitdaratio": 0.2380599778,
        "operatingIncome": 374000000,
        "operatingIncomeRatio": 0.1384672344,
        "totalOtherIncomeExpensesNet": 113000000,
        "incomeBeforeTax": 487000000,
        "incomeBeforeTaxRatio": 0.1803035913,
        "incomeTaxExpense": 182000000,
        "netIncome": 373000000,
        "netIncomeRatio": 0.1380970011,
        "eps": 0.49,
        "epsdiluted": 0.48,
        "weightedAverageShsOut": 765000000,
        "weightedAverageShsOutDil": 780000000,
        "link": "https://www.sec.gov/Archives/edgar/data/883980/000119312506099907/0001193125-06-099907-index.htm",
        "finalLink": "https://www.sec.gov/Archives/edgar/data/883980/000119312506099907/d10q.htm"
    },
    {
        "date": "2005-12-31",
        "symbol": "FDC",
        "reportedCurrency": "USD",
        "cik": "0000883980",
        "fillingDate": "2006-02-24",
        "acceptedDate": "2006-02-24 17:02:59",
        "calendarYear": "2005",
        "period": "Q4",
        "revenue": 245000000,
        "costOfRevenue": 5521000000,
        "grossProfit": -5276000000,
        "grossProfitRatio": -21.5346938776,
        "researchAndDevelopmentExpenses": 0,
        "generalAndAdministrativeExpenses": 1634000000,
        "sellingAndMarketingExpenses": -1513000000,
        "sellingGeneralAndAdministrativeExpenses": 121000000,
        "otherExpenses": 0,
        "operatingExpenses": 121000000,
        "costAndExpenses": 5642000000,
        "interestIncome": 0,
        "interestExpense": 138000000,
        "depreciationAndAmortization": 199000000,
        "ebitda": 2900000000,
        "ebitdaratio": 11.8367346939,
        "operatingIncome": 1920000000,
        "operatingIncomeRatio": 7.8367346939,
        "totalOtherIncomeExpensesNet": 643000000,
        "incomeBeforeTax": 2563000000,
        "incomeBeforeTaxRatio": 10.4612244898,
        "incomeTaxExpense": 0,
        "netIncome": 2563000000,
        "netIncomeRatio": 10.4612244898,
        "eps": 3,
        "epsdiluted": 2.96,
        "weightedAverageShsOut": 853000000,
        "weightedAverageShsOutDil": 867000000,
        "link": "https://www.sec.gov/Archives/edgar/data/883980/000119312506038954/0001193125-06-038954-index.htm",
        "finalLink": "https://www.sec.gov/Archives/edgar/data/883980/000119312506038954/d10k.htm"
    },
    {
        "date": "2005-09-30",
        "symbol": "FDC",
        "reportedCurrency": "USD",
        "cik": "0000883980",
        "fillingDate": "2005-11-09",
        "acceptedDate": "2005-11-09 10:32:13",
        "calendarYear": "2005",
        "period": "Q3",
        "revenue": 2679000000,
        "costOfRevenue": 1504000000,
        "grossProfit": 1175000000,
        "grossProfitRatio": 0.4385964912,
        "researchAndDevelopmentExpenses": 0,
        "generalAndAdministrativeExpenses": 403000000,
        "sellingAndMarketingExpenses": 0,
        "sellingGeneralAndAdministrativeExpenses": 403000000,
        "otherExpenses": 0,
        "operatingExpenses": 403000000,
        "costAndExpenses": 1907000000,
        "interestIncome": 0,
        "interestExpense": 60000000,
        "depreciationAndAmortization": 188000000,
        "ebitda": 669000000,
        "ebitdaratio": 0.2497200448,
        "operatingIncome": 421000000,
        "operatingIncomeRatio": 0.1571481896,
        "totalOtherIncomeExpensesNet": 129000000,
        "incomeBeforeTax": 550000000,
        "incomeBeforeTaxRatio": 0.2053004853,
        "incomeTaxExpense": 189000000,
        "netIncome": 421000000,
        "netIncomeRatio": 0.1571481896,
        "eps": 0.54,
        "epsdiluted": 0.53,
        "weightedAverageShsOut": 778000000,
        "weightedAverageShsOutDil": 788000000,
        "link": "https://www.sec.gov/Archives/edgar/data/883980/000119312505220924/0001193125-05-220924-index.htm",
        "finalLink": "https://www.sec.gov/Archives/edgar/data/883980/000119312505220924/d10q.htm"
    },
    {
        "date": "2005-06-30",
        "symbol": "FDC",
        "reportedCurrency": "USD",
        "cik": "0000883980",
        "fillingDate": "2005-08-03",
        "acceptedDate": "2005-08-03 16:12:21",
        "calendarYear": "2005",
        "period": "Q2",
        "revenue": 2612000000,
        "costOfRevenue": 1463000000,
        "grossProfit": 1149000000,
        "grossProfitRatio": 0.4398928025,
        "researchAndDevelopmentExpenses": 0,
        "generalAndAdministrativeExpenses": 408000000,
        "sellingAndMarketingExpenses": 0,
        "sellingGeneralAndAdministrativeExpenses": 408000000,
        "otherExpenses": 0,
        "operatingExpenses": 408000000,
        "costAndExpenses": 1871000000,
        "interestIncome": 0,
        "interestExpense": 55000000,
        "depreciationAndAmortization": 195000000,
        "ebitda": 642000000,
        "ebitdaratio": 0.2457886677,
        "operatingIncome": 392000000,
        "operatingIncomeRatio": 0.1500765697,
        "totalOtherIncomeExpensesNet": 119000000,
        "incomeBeforeTax": 511000000,
        "incomeBeforeTaxRatio": 0.1956355283,
        "incomeTaxExpense": 174000000,
        "netIncome": 392000000,
        "netIncomeRatio": 0.1500765697,
        "eps": 0.5,
        "epsdiluted": 0.49,
        "weightedAverageShsOut": 783000000,
        "weightedAverageShsOutDil": 793000000,
        "link": "https://www.sec.gov/Archives/edgar/data/883980/000119312505156259/0001193125-05-156259-index.htm",
        "finalLink": "https://www.sec.gov/Archives/edgar/data/883980/000119312505156259/d10q.htm"
    },
    {
        "date": "2005-03-31",
        "symbol": "FDC",
        "reportedCurrency": "USD",
        "cik": "0000883980",
        "fillingDate": "2005-05-05",
        "acceptedDate": "2005-05-05 16:58:22",
        "calendarYear": "2005",
        "period": "Q1",
        "revenue": 2479000000,
        "costOfRevenue": 1410000000,
        "grossProfit": 1069000000,
        "grossProfitRatio": 0.431222267,
        "researchAndDevelopmentExpenses": 0,
        "generalAndAdministrativeExpenses": 390000000,
        "sellingAndMarketingExpenses": 0,
        "sellingGeneralAndAdministrativeExpenses": 390000000,
        "otherExpenses": 0,
        "operatingExpenses": 390000000,
        "costAndExpenses": 1800000000,
        "interestIncome": 0,
        "interestExpense": 48000000,
        "depreciationAndAmortization": 195000000,
        "ebitda": 617000000,
        "ebitdaratio": 0.2488906817,
        "operatingIncome": 374000000,
        "operatingIncomeRatio": 0.1508672852,
        "totalOtherIncomeExpensesNet": 130000000,
        "incomeBeforeTax": 504000000,
        "incomeBeforeTaxRatio": 0.2033077854,
        "incomeTaxExpense": 178000000,
        "netIncome": 374000000,
        "netIncomeRatio": 0.1508672852,
        "eps": 0.47,
        "epsdiluted": 0.47,
        "weightedAverageShsOut": 793000000,
        "weightedAverageShsOutDil": 803000000,
        "link": "https://www.sec.gov/Archives/edgar/data/883980/000119312505097585/0001193125-05-097585-index.htm",
        "finalLink": "https://www.sec.gov/Archives/edgar/data/883980/000119312505097585/d10q.htm"
    },
    {
        "date": "2004-12-31",
        "symbol": "FDC",
        "reportedCurrency": "USD",
        "cik": "0000883980",
        "fillingDate": "2005-03-01",
        "acceptedDate": "2005-03-01 13:16:17",
        "calendarYear": "2004",
        "period": "Q4",
        "revenue": 245000000,
        "costOfRevenue": 5520000000,
        "grossProfit": -5275000000,
        "grossProfitRatio": -21.5306122449,
        "researchAndDevelopmentExpenses": 0,
        "generalAndAdministrativeExpenses": 1634000000,
        "sellingAndMarketingExpenses": -1513000000,
        "sellingGeneralAndAdministrativeExpenses": 121000000,
        "otherExpenses": 0,
        "operatingExpenses": 121000000,
        "costAndExpenses": 5641000000,
        "interestIncome": 0,
        "interestExpense": 138000000,
        "depreciationAndAmortization": 192000000,
        "ebitda": 2895000000,
        "ebitdaratio": 11.8163265306,
        "operatingIncome": 1921000000,
        "operatingIncomeRatio": 7.8408163265,
        "totalOtherIncomeExpensesNet": 644000000,
        "incomeBeforeTax": 2565000000,
        "incomeBeforeTaxRatio": 10.4693877551,
        "incomeTaxExpense": 0,
        "netIncome": 2565000000,
        "netIncomeRatio": 10.4693877551,
        "eps": 3.01,
        "epsdiluted": 2.96,
        "weightedAverageShsOut": 853000000,
        "weightedAverageShsOutDil": 867000000,
        "link": "https://www.sec.gov/Archives/edgar/data/883980/000119312505039544/0001193125-05-039544-index.htm",
        "finalLink": "https://www.sec.gov/Archives/edgar/data/883980/000119312505039544/d10k.htm"
    },
    {
        "date": "2004-09-30",
        "symbol": "FDC",
        "reportedCurrency": "USD",
        "cik": "0000883980",
        "fillingDate": "2004-11-03",
        "acceptedDate": "2004-11-03 14:32:36",
        "calendarYear": "2004",
        "period": "Q3",
        "revenue": 2536000000,
        "costOfRevenue": 1354000000,
        "grossProfit": 1182000000,
        "grossProfitRatio": 0.4660883281,
        "researchAndDevelopmentExpenses": 0,
        "generalAndAdministrativeExpenses": 384000000,
        "sellingAndMarketingExpenses": 0,
        "sellingGeneralAndAdministrativeExpenses": 384000000,
        "otherExpenses": 0,
        "operatingExpenses": 384000000,
        "costAndExpenses": 1738000000,
        "interestIncome": 0,
        "interestExpense": 96000000,
        "depreciationAndAmortization": 190000000,
        "ebitda": 1696000000,
        "ebitdaratio": 0.6687697161,
        "operatingIncome": 1402000000,
        "operatingIncomeRatio": 0.5528391167,
        "totalOtherIncomeExpensesNet": 478000000,
        "incomeBeforeTax": 1880000000,
        "incomeBeforeTaxRatio": 0.7413249211,
        "incomeTaxExpense": 574000000,
        "netIncome": 1410000000,
        "netIncomeRatio": 0.5559936909,
        "eps": 1.7,
        "epsdiluted": 1.67,
        "weightedAverageShsOut": 830000000,
        "weightedAverageShsOutDil": 844000000,
        "link": "https://www.sec.gov/Archives/edgar/data/883980/000119312504184691/0001193125-04-184691-index.htm",
        "finalLink": "https://www.sec.gov/Archives/edgar/data/883980/000119312504184691/d10q.htm"
    },
    {
        "date": "2004-06-30",
        "symbol": "FDC",
        "reportedCurrency": "USD",
        "cik": "0000883980",
        "fillingDate": "2004-08-09",
        "acceptedDate": "2004-08-09 10:09:57",
        "calendarYear": "2004",
        "period": "Q2",
        "revenue": 2529000000,
        "costOfRevenue": 1342000000,
        "grossProfit": 1187000000,
        "grossProfitRatio": 0.4693554765,
        "researchAndDevelopmentExpenses": 0,
        "generalAndAdministrativeExpenses": 420000000,
        "sellingAndMarketingExpenses": 0,
        "sellingGeneralAndAdministrativeExpenses": 420000000,
        "otherExpenses": 0,
        "operatingExpenses": 420000000,
        "costAndExpenses": 1762000000,
        "interestIncome": 0,
        "interestExpense": -31000000,
        "depreciationAndAmortization": 194000000,
        "ebitda": -320000000,
        "ebitdaratio": -0.1265322262,
        "operatingIncome": -479000000,
        "operatingIncomeRatio": -0.1894029261,
        "totalOtherIncomeExpensesNet": -217000000,
        "incomeBeforeTax": -696000000,
        "incomeBeforeTaxRatio": -0.2752075919,
        "incomeTaxExpense": -248000000,
        "netIncome": -483000000,
        "netIncomeRatio": -0.1909845789,
        "eps": -0.62,
        "epsdiluted": -0.61,
        "weightedAverageShsOut": 780000000,
        "weightedAverageShsOutDil": 792000000,
        "link": "https://www.sec.gov/Archives/edgar/data/883980/000119312504135284/0001193125-04-135284-index.htm",
        "finalLink": "https://www.sec.gov/Archives/edgar/data/883980/000119312504135284/d10q.htm"
    },
    {
        "date": "2004-03-31",
        "symbol": "FDC",
        "reportedCurrency": "USD",
        "cik": "0000883980",
        "fillingDate": "2004-05-07",
        "acceptedDate": "2004-05-07 14:15:11",
        "calendarYear": "2004",
        "period": "Q1",
        "revenue": 2258000000,
        "costOfRevenue": 1229000000,
        "grossProfit": 1029000000,
        "grossProfitRatio": 0.4557130204,
        "researchAndDevelopmentExpenses": 0,
        "generalAndAdministrativeExpenses": 356000000,
        "sellingAndMarketingExpenses": 0,
        "sellingGeneralAndAdministrativeExpenses": 356000000,
        "otherExpenses": 0,
        "operatingExpenses": 356000000,
        "costAndExpenses": 1585000000,
        "interestIncome": 0,
        "interestExpense": 31000000,
        "depreciationAndAmortization": 162000000,
        "ebitda": 676000000,
        "ebitdaratio": 0.2993799823,
        "operatingIncome": 479000000,
        "operatingIncomeRatio": 0.2121346324,
        "totalOtherIncomeExpensesNet": 217000000,
        "incomeBeforeTax": 696000000,
        "incomeBeforeTaxRatio": 0.3082373782,
        "incomeTaxExpense": 248000000,
        "netIncome": 483000000,
        "netIncomeRatio": 0.2139061116,
        "eps": 0.62,
        "epsdiluted": 0.61,
        "weightedAverageShsOut": 780000000,
        "weightedAverageShsOutDil": 792000000,
        "link": "https://www.sec.gov/Archives/edgar/data/883980/000119312504081884/0001193125-04-081884-index.htm",
        "finalLink": "https://www.sec.gov/Archives/edgar/data/883980/000119312504081884/d10q.htm"
    },
    {
        "date": "2003-12-31",
        "symbol": "FDC",
        "reportedCurrency": "USD",
        "cik": "0000883980",
        "fillingDate": "2004-02-25",
        "acceptedDate": "2004-02-25 17:12:20",
        "calendarYear": "2003",
        "period": "Q4",
        "revenue": 2138000000,
        "costOfRevenue": 1118000000,
        "grossProfit": 1020000000,
        "grossProfitRatio": 0.4770813845,
        "researchAndDevelopmentExpenses": 0,
        "generalAndAdministrativeExpenses": 347000000,
        "sellingAndMarketingExpenses": 0,
        "sellingGeneralAndAdministrativeExpenses": 347000000,
        "otherExpenses": 0,
        "operatingExpenses": 347000000,
        "costAndExpenses": 1465000000,
        "interestIncome": 0,
        "interestExpense": 26000000,
        "depreciationAndAmortization": 137000000,
        "ebitda": 564000000,
        "ebitdaratio": 0.263797942,
        "operatingIncome": 57000000,
        "operatingIncomeRatio": 0.0266604303,
        "totalOtherIncomeExpensesNet": 444000000,
        "incomeBeforeTax": 501000000,
        "incomeBeforeTaxRatio": 0.2343311506,
        "incomeTaxExpense": 470000000,
        "netIncome": 401000000,
        "netIncomeRatio": 0.1875584659,
        "eps": 0.54,
        "epsdiluted": 0.54,
        "weightedAverageShsOut": 739000000,
        "weightedAverageShsOutDil": 749000000,
        "link": "https://www.sec.gov/Archives/edgar/data/883980/000119312504029466/0001193125-04-029466-index.htm",
        "finalLink": "https://www.sec.gov/Archives/edgar/data/883980/000119312504029466/d10k.htm"
    },
    {
        "date": "2003-09-30",
        "symbol": "FDC",
        "reportedCurrency": "USD",
        "cik": "0000883980",
        "fillingDate": "2003-10-31",
        "acceptedDate": "2003-10-31 13:15:29",
        "calendarYear": "2003",
        "period": "Q3",
        "revenue": 2139000000,
        "costOfRevenue": 1139000000,
        "grossProfit": 1000000000,
        "grossProfitRatio": 0.4675081814,
        "researchAndDevelopmentExpenses": 0,
        "generalAndAdministrativeExpenses": 334000000,
        "sellingAndMarketingExpenses": 0,
        "sellingGeneralAndAdministrativeExpenses": 334000000,
        "otherExpenses": 0,
        "operatingExpenses": 334000000,
        "costAndExpenses": 1473000000,
        "interestIncome": 0,
        "interestExpense": 30000000,
        "depreciationAndAmortization": 144000000,
        "ebitda": 535000000,
        "ebitdaratio": 0.250116877,
        "operatingIncome": 459000000,
        "operatingIncomeRatio": 0.2145862553,
        "totalOtherIncomeExpensesNet": 0,
        "incomeBeforeTax": 459000000,
        "incomeBeforeTaxRatio": 0.2145862553,
        "incomeTaxExpense": 30000000,
        "netIncome": 361000000,
        "netIncomeRatio": 0.1687704535,
        "eps": 0.49,
        "epsdiluted": 0.48,
        "weightedAverageShsOut": 743000000,
        "weightedAverageShsOutDil": 756000000,
        "link": "https://www.sec.gov/Archives/edgar/data/883980/000119312503070736/0001193125-03-070736-index.htm",
        "finalLink": "https://www.sec.gov/Archives/edgar/data/883980/000119312503070736/d10q.htm"
    },
    {
        "date": "2003-06-30",
        "symbol": "FDC",
        "reportedCurrency": "USD",
        "cik": "0000883980",
        "fillingDate": "2003-08-14",
        "acceptedDate": "2003-08-14 13:57:58",
        "calendarYear": "2003",
        "period": "Q2",
        "revenue": 2539000000,
        "costOfRevenue": 1104000000,
        "grossProfit": 1435000000,
        "grossProfitRatio": 0.565183143,
        "researchAndDevelopmentExpenses": 0,
        "generalAndAdministrativeExpenses": 356000000,
        "sellingAndMarketingExpenses": 0,
        "sellingGeneralAndAdministrativeExpenses": 356000000,
        "otherExpenses": 0,
        "operatingExpenses": 356000000,
        "costAndExpenses": 1460000000,
        "interestIncome": 0,
        "interestExpense": 25000000,
        "depreciationAndAmortization": 145000000,
        "ebitda": 524000000,
        "ebitdaratio": 0.2063804647,
        "operatingIncome": 479000000,
        "operatingIncomeRatio": 0.1886569516,
        "totalOtherIncomeExpensesNet": 0,
        "incomeBeforeTax": 479000000,
        "incomeBeforeTaxRatio": 0.1886569516,
        "incomeTaxExpense": 25000000,
        "netIncome": 354000000,
        "netIncomeRatio": 0.1394249705,
        "eps": 0.47,
        "epsdiluted": 0.47,
        "weightedAverageShsOut": 749000000,
        "weightedAverageShsOutDil": 759000000,
        "link": "https://www.sec.gov/Archives/edgar/data/883980/000119312503037607/0001193125-03-037607-index.htm",
        "finalLink": "https://www.sec.gov/Archives/edgar/data/883980/000119312503037607/d10q.htm"
    },
    {
        "date": "2003-03-31",
        "symbol": "FDC",
        "reportedCurrency": "USD",
        "cik": "0000883980",
        "fillingDate": "2003-05-09",
        "acceptedDate": "2003-05-08 19:05:49",
        "calendarYear": "2003",
        "period": "Q1",
        "revenue": 1584000000,
        "costOfRevenue": 1078000000,
        "grossProfit": 506000000,
        "grossProfitRatio": 0.3194444444,
        "researchAndDevelopmentExpenses": 0,
        "generalAndAdministrativeExpenses": 338000000,
        "sellingAndMarketingExpenses": 0,
        "sellingGeneralAndAdministrativeExpenses": 338000000,
        "otherExpenses": 0,
        "operatingExpenses": 338000000,
        "costAndExpenses": 1416000000,
        "interestIncome": 0,
        "interestExpense": 26000000,
        "depreciationAndAmortization": 143000000,
        "ebitda": 461000000,
        "ebitdaratio": 0.2910353535,
        "operatingIncome": 399000000,
        "operatingIncomeRatio": 0.2518939394,
        "totalOtherIncomeExpensesNet": 0,
        "incomeBeforeTax": 399000000,
        "incomeBeforeTaxRatio": 0.2518939394,
        "incomeTaxExpense": 26000000,
        "netIncome": 292000000,
        "netIncomeRatio": 0.1843434343,
        "eps": 0.39,
        "epsdiluted": 0.39,
        "weightedAverageShsOut": 750000000,
        "weightedAverageShsOutDil": 750000000,
        "link": "https://www.sec.gov/Archives/edgar/data/883980/000093066103001981/0000930661-03-001981-index.htm",
        "finalLink": "https://www.sec.gov/Archives/edgar/data/883980/000093066103001981/d10q.htm"
    }
]