[
    {
        "date": "2025-09-26",
        "symbol": "FDP",
        "reportedCurrency": "USD",
        "cik": "0001047340",
        "fillingDate": "2025-10-29",
        "acceptedDate": "2025-10-29 16:24:17",
        "calendarYear": "2025",
        "period": "Q3",
        "revenue": 1021900000,
        "costOfRevenue": 941100000,
        "grossProfit": 80800000,
        "grossProfitRatio": 0.079068402,
        "researchAndDevelopmentExpenses": 0,
        "generalAndAdministrativeExpenses": 0,
        "sellingAndMarketingExpenses": 0,
        "sellingGeneralAndAdministrativeExpenses": 52100000,
        "otherExpenses": 0,
        "operatingExpenses": 52100000,
        "costAndExpenses": 993500000,
        "interestIncome": 300000,
        "interestExpense": 1500000,
        "depreciationAndAmortization": -36900000,
        "ebitda": -60300000,
        "ebitdaratio": -0.0590077307,
        "operatingIncome": -21800000,
        "operatingIncomeRatio": -0.0213328114,
        "totalOtherIncomeExpensesNet": -2100000,
        "incomeBeforeTax": -23900000,
        "incomeBeforeTaxRatio": -0.023387807,
        "incomeTaxExpense": 4200000,
        "netIncome": -28100000,
        "netIncomeRatio": -0.0274977982,
        "eps": -0.61,
        "epsdiluted": -0.6,
        "weightedAverageShsOut": 47942661,
        "weightedAverageShsOutDil": 48214204,
        "link": "https://www.sec.gov/Archives/edgar/data/1047340/000104734025000133/0001047340-25-000133-index.htm",
        "finalLink": "https://www.sec.gov/Archives/edgar/data/1047340/000104734025000133/fdp-20250926.htm"
    },
    {
        "date": "2025-06-27",
        "symbol": "FDP",
        "reportedCurrency": "USD",
        "cik": "0001047340",
        "fillingDate": "2025-07-30",
        "acceptedDate": "2025-07-30 16:26:43",
        "calendarYear": "2025",
        "period": "Q2",
        "revenue": 1185900000,
        "costOfRevenue": 1061800000,
        "grossProfit": 124100000,
        "grossProfitRatio": 0.1046462602,
        "researchAndDevelopmentExpenses": 0,
        "generalAndAdministrativeExpenses": 0,
        "sellingAndMarketingExpenses": 0,
        "sellingGeneralAndAdministrativeExpenses": 51300000,
        "otherExpenses": 0,
        "operatingExpenses": 51300000,
        "costAndExpenses": 1113100000,
        "interestIncome": 200000,
        "interestExpense": 3200000,
        "depreciationAndAmortization": 18400000,
        "ebitda": 93900000,
        "ebitdaratio": 0.0791803693,
        "operatingIncome": 72800000,
        "operatingIncomeRatio": 0.0613879754,
        "totalOtherIncomeExpensesNet": -1300000,
        "incomeBeforeTax": 71500000,
        "incomeBeforeTaxRatio": 0.0602917615,
        "incomeTaxExpense": 14100000,
        "netIncome": 56800000,
        "netIncomeRatio": 0.0478961127,
        "eps": 1.19,
        "epsdiluted": 1.18,
        "weightedAverageShsOut": 47953982,
        "weightedAverageShsOutDil": 48172414,
        "link": "https://www.sec.gov/Archives/edgar/data/1047340/000104734025000107/0001047340-25-000107-index.htm",
        "finalLink": "https://www.sec.gov/Archives/edgar/data/1047340/000104734025000107/fdp-20250627.htm"
    },
    {
        "date": "2025-03-28",
        "symbol": "FDP",
        "reportedCurrency": "USD",
        "cik": "0001047340",
        "fillingDate": "2025-04-30",
        "acceptedDate": "2025-04-30 16:11:58",
        "calendarYear": "2025",
        "period": "Q1",
        "revenue": 1100300000,
        "costOfRevenue": 1006400000,
        "grossProfit": 93900000,
        "grossProfitRatio": 0.0853403617,
        "researchAndDevelopmentExpenses": 0,
        "generalAndAdministrativeExpenses": 0,
        "sellingAndMarketingExpenses": 0,
        "sellingGeneralAndAdministrativeExpenses": 48100000,
        "otherExpenses": 0,
        "operatingExpenses": 48100000,
        "costAndExpenses": 1054500000,
        "interestIncome": 100000,
        "interestExpense": 3400000,
        "depreciationAndAmortization": 18500000,
        "ebitda": 61600000,
        "ebitdaratio": 0.0559847314,
        "operatingIncome": 45800000,
        "operatingIncomeRatio": 0.0416250114,
        "totalOtherIncomeExpensesNet": -7000000,
        "incomeBeforeTax": 38800000,
        "incomeBeforeTaxRatio": 0.0352631101,
        "incomeTaxExpense": 6900000,
        "netIncome": 31100000,
        "netIncomeRatio": 0.0282650186,
        "eps": 0.65,
        "epsdiluted": 0.64,
        "weightedAverageShsOut": 47956000,
        "weightedAverageShsOutDil": 48269000,
        "link": "https://www.sec.gov/Archives/edgar/data/1047340/000104734025000070/0001047340-25-000070-index.htm",
        "finalLink": "https://www.sec.gov/Archives/edgar/data/1047340/000104734025000070/fdp-20250328.htm"
    },
    {
        "date": "2024-12-31",
        "symbol": "FDP",
        "reportedCurrency": "USD",
        "cik": "0001047340",
        "fillingDate": "2025-02-24",
        "acceptedDate": "2025-02-24 16:44:46",
        "calendarYear": "2024",
        "period": "Q4",
        "revenue": 1009200000,
        "costOfRevenue": 944200000,
        "grossProfit": 65000000,
        "grossProfitRatio": 0.0644074514,
        "researchAndDevelopmentExpenses": 0,
        "generalAndAdministrativeExpenses": 0,
        "sellingAndMarketingExpenses": 0,
        "sellingGeneralAndAdministrativeExpenses": 48400000,
        "otherExpenses": 0,
        "operatingExpenses": 48400000,
        "costAndExpenses": 992600000,
        "interestIncome": 500000,
        "interestExpense": 3600000,
        "depreciationAndAmortization": 19300000,
        "ebitda": 48000000,
        "ebitdaratio": 0.0475624257,
        "operatingIncome": 16600000,
        "operatingIncomeRatio": 0.0164486722,
        "totalOtherIncomeExpensesNet": 7399999,
        "incomeBeforeTax": 24000000,
        "incomeBeforeTaxRatio": 0.0237812128,
        "incomeTaxExpense": 3600000,
        "netIncome": 20400000,
        "netIncomeRatio": 0.0202140309,
        "eps": 0.43,
        "epsdiluted": 0.42,
        "weightedAverageShsOut": 47939000,
        "weightedAverageShsOutDil": 48040000,
        "link": "https://www.sec.gov/Archives/edgar/data/1047340/000104734025000009/0001047340-25-000009-index.htm",
        "finalLink": "https://www.sec.gov/Archives/edgar/data/1047340/000104734025000009/fdp-20241227.htm"
    },
    {
        "date": "2024-09-27",
        "symbol": "FDP",
        "reportedCurrency": "USD",
        "cik": "0001047340",
        "fillingDate": "2024-10-31",
        "acceptedDate": "2024-10-31 16:06:48",
        "calendarYear": "2024",
        "period": "Q3",
        "revenue": 1020200000,
        "costOfRevenue": 925800000,
        "grossProfit": 94400000,
        "grossProfitRatio": 0.0925308763,
        "researchAndDevelopmentExpenses": 0,
        "generalAndAdministrativeExpenses": 0,
        "sellingAndMarketingExpenses": 0,
        "sellingGeneralAndAdministrativeExpenses": 47900000,
        "otherExpenses": 0,
        "operatingExpenses": 47900000,
        "costAndExpenses": 973700000,
        "interestIncome": 200000,
        "interestExpense": 4400000,
        "depreciationAndAmortization": 19500000,
        "ebitda": 74600000,
        "ebitdaratio": 0.0731229171,
        "operatingIncome": 46500000,
        "operatingIncomeRatio": 0.0455792982,
        "totalOtherIncomeExpensesNet": 3300000,
        "incomeBeforeTax": 49800000,
        "incomeBeforeTaxRatio": 0.048813958,
        "incomeTaxExpense": 7900000,
        "netIncome": 42100000,
        "netIncomeRatio": 0.0412664183,
        "eps": 0.88,
        "epsdiluted": 0.88,
        "weightedAverageShsOut": 47936000,
        "weightedAverageShsOutDil": 48023000,
        "link": "https://www.sec.gov/Archives/edgar/data/1047340/000104734024000261/0001047340-24-000261-index.htm",
        "finalLink": "https://www.sec.gov/Archives/edgar/data/1047340/000104734024000261/fdp-20240927.htm"
    },
    {
        "date": "2024-06-28",
        "symbol": "FDP",
        "reportedCurrency": "USD",
        "cik": "0001047340",
        "fillingDate": "2024-08-02",
        "acceptedDate": "2024-08-02 08:31:45",
        "calendarYear": "2024",
        "period": "Q2",
        "revenue": 1139200000,
        "costOfRevenue": 1027400000,
        "grossProfit": 111800000,
        "grossProfitRatio": 0.0981390449,
        "researchAndDevelopmentExpenses": 0,
        "generalAndAdministrativeExpenses": 0,
        "sellingAndMarketingExpenses": 0,
        "sellingGeneralAndAdministrativeExpenses": 49900000,
        "otherExpenses": 0,
        "operatingExpenses": 49900000,
        "costAndExpenses": 1077300000,
        "interestIncome": 300000,
        "interestExpense": 5200000,
        "depreciationAndAmortization": 19700000,
        "ebitda": 92500000,
        "ebitdaratio": 0.0811973315,
        "operatingIncome": 61900000,
        "operatingIncomeRatio": 0.0543363764,
        "totalOtherIncomeExpensesNet": 3699999,
        "incomeBeforeTax": 65599999,
        "incomeBeforeTaxRatio": 0.0575842688,
        "incomeTaxExpense": 12300000,
        "netIncome": 53600000,
        "netIncomeRatio": 0.0470505618,
        "eps": 1.12,
        "epsdiluted": 1.12,
        "weightedAverageShsOut": 47919451,
        "weightedAverageShsOutDil": 47975217,
        "link": "https://www.sec.gov/Archives/edgar/data/1047340/000104734024000202/0001047340-24-000202-index.htm",
        "finalLink": "https://www.sec.gov/Archives/edgar/data/1047340/000104734024000202/fdp-20240628.htm"
    },
    {
        "date": "2024-03-29",
        "symbol": "FDP",
        "reportedCurrency": "USD",
        "cik": "0001047340",
        "fillingDate": "2024-05-03",
        "acceptedDate": "2024-05-03 15:01:48",
        "calendarYear": "2024",
        "period": "Q1",
        "revenue": 1107600000,
        "costOfRevenue": 1027700000,
        "grossProfit": 79899999,
        "grossProfitRatio": 0.072137955,
        "researchAndDevelopmentExpenses": 0,
        "generalAndAdministrativeExpenses": 0,
        "sellingAndMarketingExpenses": 0,
        "sellingGeneralAndAdministrativeExpenses": 50700000,
        "otherExpenses": 0,
        "operatingExpenses": 50700000,
        "costAndExpenses": 1078400000,
        "interestIncome": 200000,
        "interestExpense": 5200000,
        "depreciationAndAmortization": 20000000,
        "ebitda": 59200000,
        "ebitdaratio": 0.0534488985,
        "operatingIncome": 29200000,
        "operatingIncomeRatio": 0.0263633081,
        "totalOtherIncomeExpensesNet": 2200000,
        "incomeBeforeTax": 31400000,
        "incomeBeforeTaxRatio": 0.0283495847,
        "incomeTaxExpense": 5300000,
        "netIncome": 26100000,
        "netIncomeRatio": 0.0235644637,
        "eps": 0.55,
        "epsdiluted": 0.54,
        "weightedAverageShsOut": 47709355,
        "weightedAverageShsOutDil": 47903920,
        "link": "https://www.sec.gov/Archives/edgar/data/1047340/000104734024000127/0001047340-24-000127-index.htm",
        "finalLink": "https://www.sec.gov/Archives/edgar/data/1047340/000104734024000127/fdp-20240329.htm"
    },
    {
        "date": "2023-12-31",
        "symbol": "FDP",
        "reportedCurrency": "USD",
        "cik": "0001047340",
        "fillingDate": "2024-02-26",
        "acceptedDate": "2024-02-26 16:39:32",
        "calendarYear": "2023",
        "period": "Q4",
        "revenue": 1006600000,
        "costOfRevenue": 947300000,
        "grossProfit": 59300000,
        "grossProfitRatio": 0.0589111862,
        "researchAndDevelopmentExpenses": 0,
        "generalAndAdministrativeExpenses": 0,
        "sellingAndMarketingExpenses": 0,
        "sellingGeneralAndAdministrativeExpenses": 44200000,
        "otherExpenses": 0,
        "operatingExpenses": 44200000,
        "costAndExpenses": 991500000,
        "interestIncome": 300000,
        "interestExpense": 3600000,
        "depreciationAndAmortization": 19900000,
        "ebitda": -87100000,
        "ebitdaratio": -0.0865289092,
        "operatingIncome": 15100000,
        "operatingIncomeRatio": 0.0150009934,
        "totalOtherIncomeExpensesNet": -128400000,
        "incomeBeforeTax": -113300000,
        "incomeBeforeTaxRatio": -0.112557123,
        "incomeTaxExpense": -6800000,
        "netIncome": -106500000,
        "netIncomeRatio": -0.1058017087,
        "eps": -2.22,
        "epsdiluted": -2.22,
        "weightedAverageShsOut": 47868948,
        "weightedAverageShsOutDil": 47868948,
        "link": "https://www.sec.gov/Archives/edgar/data/1047340/000104734024000017/0001047340-24-000017-index.htm",
        "finalLink": "https://www.sec.gov/Archives/edgar/data/1047340/000104734024000017/fdp-20231229.htm"
    },
    {
        "date": "2023-09-29",
        "symbol": "FDP",
        "reportedCurrency": "USD",
        "cik": "0001047340",
        "fillingDate": "2023-11-01",
        "acceptedDate": "2023-11-01 15:07:04",
        "calendarYear": "2023",
        "period": "Q3",
        "revenue": 1002100000,
        "costOfRevenue": 928600000,
        "grossProfit": 73500000,
        "grossProfitRatio": 0.0733459735,
        "researchAndDevelopmentExpenses": 0,
        "generalAndAdministrativeExpenses": 0,
        "sellingAndMarketingExpenses": 0,
        "sellingGeneralAndAdministrativeExpenses": 48100000,
        "otherExpenses": 0,
        "operatingExpenses": 48100000,
        "costAndExpenses": 976700000,
        "interestIncome": 600000,
        "interestExpense": 6000000,
        "depreciationAndAmortization": 21200000,
        "ebitda": 42400000,
        "ebitdaratio": 0.0423111466,
        "operatingIncome": 25400000,
        "operatingIncomeRatio": 0.0253467718,
        "totalOtherIncomeExpensesNet": -12500000,
        "incomeBeforeTax": 12900000,
        "incomeBeforeTaxRatio": 0.0128729668,
        "incomeTaxExpense": 4099999,
        "netIncome": 8400000,
        "netIncomeRatio": 0.008382397,
        "eps": 0.17,
        "epsdiluted": 0.17,
        "weightedAverageShsOut": 48121978,
        "weightedAverageShsOutDil": 48261757,
        "link": "https://www.sec.gov/Archives/edgar/data/1047340/000104734023000232/0001047340-23-000232-index.htm",
        "finalLink": "https://www.sec.gov/Archives/edgar/data/1047340/000104734023000232/fdp-20230929.htm"
    },
    {
        "date": "2023-06-30",
        "symbol": "FDP",
        "reportedCurrency": "USD",
        "cik": "0001047340",
        "fillingDate": "2023-08-02",
        "acceptedDate": "2023-08-02 16:06:38",
        "calendarYear": "2023",
        "period": "Q2",
        "revenue": 1180300000,
        "costOfRevenue": 1063700000,
        "grossProfit": 116600000,
        "grossProfitRatio": 0.0987884436,
        "researchAndDevelopmentExpenses": 0,
        "generalAndAdministrativeExpenses": 0,
        "sellingAndMarketingExpenses": 0,
        "sellingGeneralAndAdministrativeExpenses": 46800000,
        "otherExpenses": 0,
        "operatingExpenses": 46800000,
        "costAndExpenses": 1110500000,
        "interestIncome": 400000,
        "interestExpense": 6500000,
        "depreciationAndAmortization": 21600000,
        "ebitda": 89900000,
        "ebitdaratio": 0.0761670762,
        "operatingIncome": 69800000,
        "operatingIncomeRatio": 0.0591375074,
        "totalOtherIncomeExpensesNet": -10200000,
        "incomeBeforeTax": 59600000,
        "incomeBeforeTaxRatio": 0.0504956367,
        "incomeTaxExpense": 11300000,
        "netIncome": 47700000,
        "netIncomeRatio": 0.0404134542,
        "eps": 0.99,
        "epsdiluted": 0.99,
        "weightedAverageShsOut": 48032711,
        "weightedAverageShsOutDil": 48213033,
        "link": "https://www.sec.gov/Archives/edgar/data/1047340/000104734023000186/0001047340-23-000186-index.htm",
        "finalLink": "https://www.sec.gov/Archives/edgar/data/1047340/000104734023000186/fdp-20230630.htm"
    },
    {
        "date": "2023-03-31",
        "symbol": "FDP",
        "reportedCurrency": "USD",
        "cik": "0001047340",
        "fillingDate": "2023-05-03",
        "acceptedDate": "2023-05-03 16:10:00",
        "calendarYear": "2023",
        "period": "Q1",
        "revenue": 1128400000,
        "costOfRevenue": 1033700000,
        "grossProfit": 94700000,
        "grossProfitRatio": 0.0839241404,
        "researchAndDevelopmentExpenses": 0,
        "generalAndAdministrativeExpenses": 0,
        "sellingAndMarketingExpenses": 0,
        "sellingGeneralAndAdministrativeExpenses": 47600000,
        "otherExpenses": 0,
        "operatingExpenses": 47600000,
        "costAndExpenses": 1081300000,
        "interestIncome": 100000,
        "interestExpense": 8000000,
        "depreciationAndAmortization": 22100000,
        "ebitda": 89100000,
        "ebitdaratio": 0.0789613612,
        "operatingIncome": 47100000,
        "operatingIncomeRatio": 0.0417405175,
        "totalOtherIncomeExpensesNet": 10200000,
        "incomeBeforeTax": 57300000,
        "incomeBeforeTaxRatio": 0.0507798653,
        "incomeTaxExpense": 9500000,
        "netIncome": 39000000,
        "netIncomeRatio": 0.034562212,
        "eps": 0.81,
        "epsdiluted": 0.81,
        "weightedAverageShsOut": 47892934,
        "weightedAverageShsOutDil": 48153540,
        "link": "https://www.sec.gov/Archives/edgar/data/1047340/000104734023000116/0001047340-23-000116-index.htm",
        "finalLink": "https://www.sec.gov/Archives/edgar/data/1047340/000104734023000116/fdp-20230331.htm"
    },
    {
        "date": "2022-12-31",
        "symbol": "FDP",
        "reportedCurrency": "USD",
        "cik": "0001047340",
        "fillingDate": "2023-02-22",
        "acceptedDate": "2023-02-22 16:04:21",
        "calendarYear": "2022",
        "period": "Q4",
        "revenue": 1028400000,
        "costOfRevenue": 947900000,
        "grossProfit": 80500000,
        "grossProfitRatio": 0.078276935,
        "researchAndDevelopmentExpenses": 0,
        "generalAndAdministrativeExpenses": 0,
        "sellingAndMarketingExpenses": 0,
        "sellingGeneralAndAdministrativeExpenses": 47500000,
        "otherExpenses": 0,
        "operatingExpenses": 47500000,
        "costAndExpenses": 995400000,
        "interestIncome": 500000,
        "interestExpense": 7100000,
        "depreciationAndAmortization": 22300000,
        "ebitda": 55700000,
        "ebitdaratio": 0.0541618047,
        "operatingIncome": 33000000,
        "operatingIncomeRatio": 0.0320886814,
        "totalOtherIncomeExpensesNet": -7500000,
        "incomeBeforeTax": 25500000,
        "incomeBeforeTaxRatio": 0.0247957993,
        "incomeTaxExpense": 6100000,
        "netIncome": 18300000,
        "netIncomeRatio": 0.0177946324,
        "eps": 0.38,
        "epsdiluted": 0.38,
        "weightedAverageShsOut": 47837743,
        "weightedAverageShsOutDil": 48046374,
        "link": "https://www.sec.gov/Archives/edgar/data/1047340/000104734023000012/0001047340-23-000012-index.htm",
        "finalLink": "https://www.sec.gov/Archives/edgar/data/1047340/000104734023000012/fdp-20221230.htm"
    },
    {
        "date": "2022-09-30",
        "symbol": "FDP",
        "reportedCurrency": "USD",
        "cik": "0001047340",
        "fillingDate": "2022-11-02",
        "acceptedDate": "2022-11-02 15:10:07",
        "calendarYear": "2022",
        "period": "Q3",
        "revenue": 1043099999,
        "costOfRevenue": 965300000,
        "grossProfit": 77799999,
        "grossProfitRatio": 0.0745853696,
        "researchAndDevelopmentExpenses": 0,
        "generalAndAdministrativeExpenses": 0,
        "sellingAndMarketingExpenses": 0,
        "sellingGeneralAndAdministrativeExpenses": 46800000,
        "otherExpenses": 0,
        "operatingExpenses": 46800000,
        "costAndExpenses": 1012100000,
        "interestIncome": 200000,
        "interestExpense": 6200000,
        "depreciationAndAmortization": 22900000,
        "ebitda": 64300000,
        "ebitdaratio": 0.061643179,
        "operatingIncome": 31000000,
        "operatingIncomeRatio": 0.0297191065,
        "totalOtherIncomeExpensesNet": 4900000,
        "incomeBeforeTax": 35900000,
        "incomeBeforeTaxRatio": 0.0344166427,
        "incomeTaxExpense": 3300000,
        "netIncome": 33300000,
        "netIncomeRatio": 0.0319240725,
        "eps": 0.7,
        "epsdiluted": 0.69,
        "weightedAverageShsOut": 47835057,
        "weightedAverageShsOutDil": 47984075,
        "link": "https://www.sec.gov/Archives/edgar/data/1047340/000104734022000281/0001047340-22-000281-index.htm",
        "finalLink": "https://www.sec.gov/Archives/edgar/data/1047340/000104734022000281/fdp-20220930.htm"
    },
    {
        "date": "2022-07-01",
        "symbol": "FDP",
        "reportedCurrency": "USD",
        "cik": "0001047340",
        "fillingDate": "2022-08-03",
        "acceptedDate": "2022-08-03 15:37:12",
        "calendarYear": "2022",
        "period": "Q2",
        "revenue": 1204100000,
        "costOfRevenue": 1132100000,
        "grossProfit": 71999999,
        "grossProfitRatio": 0.0597956972,
        "researchAndDevelopmentExpenses": 0,
        "generalAndAdministrativeExpenses": 0,
        "sellingAndMarketingExpenses": 0,
        "sellingGeneralAndAdministrativeExpenses": 47300000,
        "otherExpenses": 0,
        "operatingExpenses": 47300000,
        "costAndExpenses": 1179400000,
        "interestIncome": 100000,
        "interestExpense": 5800000,
        "depreciationAndAmortization": 23700000,
        "ebitda": 53400000,
        "ebitdaratio": 0.044348476,
        "operatingIncome": 24700000,
        "operatingIncomeRatio": 0.0205132464,
        "totalOtherIncomeExpensesNet": 1300000,
        "incomeBeforeTax": 26000000,
        "incomeBeforeTaxRatio": 0.021592891,
        "incomeTaxExpense": 4900000,
        "netIncome": 21200000,
        "netIncomeRatio": 0.0176065111,
        "eps": 0.44,
        "epsdiluted": 0.44,
        "weightedAverageShsOut": 47825758,
        "weightedAverageShsOutDil": 47887123,
        "link": "https://www.sec.gov/Archives/edgar/data/1047340/000104734022000232/0001047340-22-000232-index.htm",
        "finalLink": "https://www.sec.gov/Archives/edgar/data/1047340/000104734022000232/fdp-20220701.htm"
    },
    {
        "date": "2022-04-01",
        "symbol": "FDP",
        "reportedCurrency": "USD",
        "cik": "0001047340",
        "fillingDate": "2022-05-04",
        "acceptedDate": "2022-05-04 16:33:37",
        "calendarYear": "2022",
        "period": "Q1",
        "revenue": 1135300000,
        "costOfRevenue": 1043900000,
        "grossProfit": 91400000,
        "grossProfitRatio": 0.0805073549,
        "researchAndDevelopmentExpenses": 0,
        "generalAndAdministrativeExpenses": 0,
        "sellingAndMarketingExpenses": 0,
        "sellingGeneralAndAdministrativeExpenses": 45200000,
        "otherExpenses": 0,
        "operatingExpenses": 45200000,
        "costAndExpenses": 1089100000,
        "interestIncome": 0,
        "interestExpense": 5300000,
        "depreciationAndAmortization": 23600000,
        "ebitda": 56700000,
        "ebitdaratio": 0.0499427464,
        "operatingIncome": 46200000,
        "operatingIncomeRatio": 0.0406940897,
        "totalOtherIncomeExpensesNet": -15700000,
        "incomeBeforeTax": 30500000,
        "incomeBeforeTaxRatio": 0.0268651458,
        "incomeTaxExpense": 5800000,
        "netIncome": 25800000,
        "netIncomeRatio": 0.0227252709,
        "eps": 0.54,
        "epsdiluted": 0.54,
        "weightedAverageShsOut": 47665122,
        "weightedAverageShsOutDil": 47856286,
        "link": "https://www.sec.gov/Archives/edgar/data/1047340/000104734022000139/0001047340-22-000139-index.htm",
        "finalLink": "https://www.sec.gov/Archives/edgar/data/1047340/000104734022000139/fdp-20220401.htm"
    },
    {
        "date": "2021-12-31",
        "symbol": "FDP",
        "reportedCurrency": "USD",
        "cik": "0001047340",
        "fillingDate": "2022-02-23",
        "acceptedDate": "2022-02-23 16:11:51",
        "calendarYear": "2021",
        "period": "Q4",
        "revenue": 1012700000,
        "costOfRevenue": 979400000,
        "grossProfit": 33299999,
        "grossProfitRatio": 0.0328823926,
        "researchAndDevelopmentExpenses": 0,
        "generalAndAdministrativeExpenses": 0,
        "sellingAndMarketingExpenses": 0,
        "sellingGeneralAndAdministrativeExpenses": 44500000,
        "otherExpenses": 0,
        "operatingExpenses": 44500000,
        "costAndExpenses": 1023900000,
        "interestIncome": 100000,
        "interestExpense": 4900000,
        "depreciationAndAmortization": 24300000,
        "ebitda": 8600000,
        "ebitdaratio": 0.0084921497,
        "operatingIncome": -11200000,
        "operatingIncomeRatio": -0.0110595438,
        "totalOtherIncomeExpensesNet": -6600000,
        "incomeBeforeTax": -17800000,
        "incomeBeforeTaxRatio": -0.017576775,
        "incomeTaxExpense": -7100000,
        "netIncome": -11200000,
        "netIncomeRatio": -0.0110595438,
        "eps": -0.24,
        "epsdiluted": -0.24,
        "weightedAverageShsOut": 47550330,
        "weightedAverageShsOutDil": 47550330,
        "link": "https://www.sec.gov/Archives/edgar/data/1047340/000104734022000022/0001047340-22-000022-index.htm",
        "finalLink": "https://www.sec.gov/Archives/edgar/data/1047340/000104734022000022/fdp-20211231.htm"
    },
    {
        "date": "2021-10-01",
        "symbol": "FDP",
        "reportedCurrency": "USD",
        "cik": "0001047340",
        "fillingDate": "2021-11-03",
        "acceptedDate": "2021-11-03 15:41:05",
        "calendarYear": "2021",
        "period": "Q3",
        "revenue": 1003300000,
        "costOfRevenue": 957900000,
        "grossProfit": 45400000,
        "grossProfitRatio": 0.0452506728,
        "researchAndDevelopmentExpenses": 0,
        "generalAndAdministrativeExpenses": 0,
        "sellingAndMarketingExpenses": 0,
        "sellingGeneralAndAdministrativeExpenses": 48000000,
        "otherExpenses": 0,
        "operatingExpenses": 48000000,
        "costAndExpenses": 1005900000,
        "interestIncome": 200000,
        "interestExpense": 4800000,
        "depreciationAndAmortization": 25600000,
        "ebitda": 22500000,
        "ebitdaratio": 0.0224259942,
        "operatingIncome": -2600000,
        "operatingIncomeRatio": -0.0025914482,
        "totalOtherIncomeExpensesNet": -2500000,
        "incomeBeforeTax": -5100000,
        "incomeBeforeTaxRatio": -0.0050832254,
        "incomeTaxExpense": -6600000,
        "netIncome": 1300000,
        "netIncomeRatio": 0.0012957241,
        "eps": 0.03,
        "epsdiluted": 0.03,
        "weightedAverageShsOut": 47535873,
        "weightedAverageShsOutDil": 47743758,
        "link": "https://www.sec.gov/Archives/edgar/data/1047340/000104734021000307/0001047340-21-000307-index.htm",
        "finalLink": "https://www.sec.gov/Archives/edgar/data/1047340/000104734021000307/fdp-20211001.htm"
    },
    {
        "date": "2021-07-02",
        "symbol": "FDP",
        "reportedCurrency": "USD",
        "cik": "0001047340",
        "fillingDate": "2021-08-04",
        "acceptedDate": "2021-08-04 15:27:51",
        "calendarYear": "2021",
        "period": "Q2",
        "revenue": 1141700000,
        "costOfRevenue": 1033000000,
        "grossProfit": 108700000,
        "grossProfitRatio": 0.095208899,
        "researchAndDevelopmentExpenses": 0,
        "generalAndAdministrativeExpenses": 0,
        "sellingAndMarketingExpenses": 0,
        "sellingGeneralAndAdministrativeExpenses": 51400000,
        "otherExpenses": 0,
        "operatingExpenses": 51400000,
        "costAndExpenses": 1084400000,
        "interestIncome": 0,
        "interestExpense": 5200000,
        "depreciationAndAmortization": 23100000,
        "ebitda": 77900000,
        "ebitdaratio": 0.0682315845,
        "operatingIncome": 57300000,
        "operatingIncomeRatio": 0.0501883157,
        "totalOtherIncomeExpensesNet": -4800000,
        "incomeBeforeTax": 52500000,
        "incomeBeforeTaxRatio": 0.0459840589,
        "incomeTaxExpense": 4800000,
        "netIncome": 47200000,
        "netIncomeRatio": 0.0413418586,
        "eps": 0.99,
        "epsdiluted": 0.99,
        "weightedAverageShsOut": 47518668,
        "weightedAverageShsOutDil": 47699536,
        "link": "https://www.sec.gov/Archives/edgar/data/1047340/000104734021000238/0001047340-21-000238-index.htm",
        "finalLink": "https://www.sec.gov/Archives/edgar/data/1047340/000104734021000238/fdp-20210702.htm"
    },
    {
        "date": "2021-04-02",
        "symbol": "FDP",
        "reportedCurrency": "USD",
        "cik": "0001047340",
        "fillingDate": "2021-05-05",
        "acceptedDate": "2021-05-05 15:53:29",
        "calendarYear": "2021",
        "period": "Q1",
        "revenue": 1088900000,
        "costOfRevenue": 984500000,
        "grossProfit": 104400000,
        "grossProfitRatio": 0.0958765727,
        "researchAndDevelopmentExpenses": 0,
        "generalAndAdministrativeExpenses": 0,
        "sellingAndMarketingExpenses": 0,
        "sellingGeneralAndAdministrativeExpenses": 48900000,
        "otherExpenses": 0,
        "operatingExpenses": 48900000,
        "costAndExpenses": 1033400000,
        "interestIncome": 200000,
        "interestExpense": 5400000,
        "depreciationAndAmortization": 23800000,
        "ebitda": 78800000,
        "ebitdaratio": 0.0723666085,
        "operatingIncome": 55500000,
        "operatingIncomeRatio": 0.0509688677,
        "totalOtherIncomeExpensesNet": -3100000,
        "incomeBeforeTax": 52400000,
        "incomeBeforeTaxRatio": 0.0481219579,
        "incomeTaxExpense": 11000000,
        "netIncome": 42700000,
        "netIncomeRatio": 0.0392138856,
        "eps": 0.9,
        "epsdiluted": 0.9,
        "weightedAverageShsOut": 47427962,
        "weightedAverageShsOutDil": 47539871,
        "link": "https://www.sec.gov/Archives/edgar/data/1047340/000104734021000136/0001047340-21-000136-index.htm",
        "finalLink": "https://www.sec.gov/Archives/edgar/data/1047340/000104734021000136/fdp-20210402.htm"
    },
    {
        "date": "2020-12-31",
        "symbol": "FDP",
        "reportedCurrency": "USD",
        "cik": "0001047340",
        "fillingDate": "2021-02-24",
        "acceptedDate": "2021-02-24 15:46:28",
        "calendarYear": "2020",
        "period": "Q4",
        "revenue": 1008400000,
        "costOfRevenue": 965400000,
        "grossProfit": 43000000,
        "grossProfitRatio": 0.0426418088,
        "researchAndDevelopmentExpenses": 0,
        "generalAndAdministrativeExpenses": 0,
        "sellingAndMarketingExpenses": 0,
        "sellingGeneralAndAdministrativeExpenses": 53800000,
        "otherExpenses": 0,
        "operatingExpenses": 53800000,
        "costAndExpenses": 1019200000,
        "interestIncome": 0,
        "interestExpense": 5200000,
        "depreciationAndAmortization": 24500000,
        "ebitda": 21700000,
        "ebitdaratio": 0.0215192384,
        "operatingIncome": -10800000,
        "operatingIncomeRatio": -0.0107100357,
        "totalOtherIncomeExpensesNet": 5400000,
        "incomeBeforeTax": -5400000,
        "incomeBeforeTaxRatio": -0.0053550179,
        "incomeTaxExpense": -4400000,
        "netIncome": 900000,
        "netIncomeRatio": 0.000892503,
        "eps": 0.02,
        "epsdiluted": 0.02,
        "weightedAverageShsOut": 47369452,
        "weightedAverageShsOutDil": 47462572,
        "link": "https://www.sec.gov/Archives/edgar/data/1047340/000104734021000022/0001047340-21-000022-index.htm",
        "finalLink": "https://www.sec.gov/Archives/edgar/data/1047340/000104734021000022/fdp-20210101.htm"
    },
    {
        "date": "2020-09-25",
        "symbol": "FDP",
        "reportedCurrency": "USD",
        "cik": "0001047340",
        "fillingDate": "2020-10-28",
        "acceptedDate": "2020-10-28 16:37:00",
        "calendarYear": "2020",
        "period": "Q3",
        "revenue": 993300000,
        "costOfRevenue": 922500000,
        "grossProfit": 70800000,
        "grossProfitRatio": 0.0712775596,
        "researchAndDevelopmentExpenses": 0,
        "generalAndAdministrativeExpenses": 0,
        "sellingAndMarketingExpenses": 0,
        "sellingGeneralAndAdministrativeExpenses": 44100000,
        "otherExpenses": 0,
        "operatingExpenses": 44100000,
        "costAndExpenses": 966600000,
        "interestIncome": 400000,
        "interestExpense": 5100000,
        "depreciationAndAmortization": 23700000,
        "ebitda": 47100000,
        "ebitdaratio": 0.0474176986,
        "operatingIncome": 26700000,
        "operatingIncomeRatio": 0.0268800966,
        "totalOtherIncomeExpensesNet": -5600000,
        "incomeBeforeTax": 21100000,
        "incomeBeforeTaxRatio": 0.0212423236,
        "incomeTaxExpense": 4900000,
        "netIncome": 17400000,
        "netIncomeRatio": 0.0175173664,
        "eps": 0.37,
        "epsdiluted": 0.37,
        "weightedAverageShsOut": 47355918,
        "weightedAverageShsOutDil": 47427723,
        "link": "https://www.sec.gov/Archives/edgar/data/1047340/000104734020000331/0001047340-20-000331-index.htm",
        "finalLink": "https://www.sec.gov/Archives/edgar/data/1047340/000104734020000331/fdp-20200925.htm"
    },
    {
        "date": "2020-06-26",
        "symbol": "FDP",
        "reportedCurrency": "USD",
        "cik": "0001047340",
        "fillingDate": "2020-07-29",
        "acceptedDate": "2020-07-29 16:30:41",
        "calendarYear": "2020",
        "period": "Q2",
        "revenue": 1090700000,
        "costOfRevenue": 1013000000,
        "grossProfit": 77700000,
        "grossProfitRatio": 0.0712386541,
        "researchAndDevelopmentExpenses": 0,
        "generalAndAdministrativeExpenses": 0,
        "sellingAndMarketingExpenses": 0,
        "sellingGeneralAndAdministrativeExpenses": 45600000,
        "otherExpenses": 0,
        "operatingExpenses": 45600000,
        "costAndExpenses": 1058599999,
        "interestIncome": 0,
        "interestExpense": 5600000,
        "depreciationAndAmortization": 23200000,
        "ebitda": 48700000,
        "ebitdaratio": 0.0446502246,
        "operatingIncome": 32100000,
        "operatingIncomeRatio": 0.0294306409,
        "totalOtherIncomeExpensesNet": -9800000,
        "incomeBeforeTax": 22300000,
        "incomeBeforeTaxRatio": 0.0204455854,
        "incomeTaxExpense": 4200000,
        "netIncome": 17900000,
        "netIncomeRatio": 0.0164114789,
        "eps": 0.38,
        "epsdiluted": 0.38,
        "weightedAverageShsOut": 47557820,
        "weightedAverageShsOutDil": 47614553,
        "link": "https://www.sec.gov/Archives/edgar/data/1047340/000104734020000222/0001047340-20-000222-index.htm",
        "finalLink": "https://www.sec.gov/Archives/edgar/data/1047340/000104734020000222/fdp-20200626.htm"
    },
    {
        "date": "2020-03-27",
        "symbol": "FDP",
        "reportedCurrency": "USD",
        "cik": "0001047340",
        "fillingDate": "2020-04-29",
        "acceptedDate": "2020-04-28 20:45:24",
        "calendarYear": "2020",
        "period": "Q1",
        "revenue": 1117000000,
        "costOfRevenue": 1050099999,
        "grossProfit": 66900000,
        "grossProfitRatio": 0.0598925694,
        "researchAndDevelopmentExpenses": 0,
        "generalAndAdministrativeExpenses": 0,
        "sellingAndMarketingExpenses": 0,
        "sellingGeneralAndAdministrativeExpenses": 52700000,
        "otherExpenses": 0,
        "operatingExpenses": 52700000,
        "costAndExpenses": 1102800000,
        "interestIncome": 100000,
        "interestExpense": 5400000,
        "depreciationAndAmortization": 23600000,
        "ebitda": 41100000,
        "ebitdaratio": 0.0367949866,
        "operatingIncome": 14200000,
        "operatingIncomeRatio": 0.0127126231,
        "totalOtherIncomeExpensesNet": -900000,
        "incomeBeforeTax": 13300000,
        "incomeBeforeTaxRatio": 0.0119068935,
        "incomeTaxExpense": 300000,
        "netIncome": 13000000,
        "netIncomeRatio": 0.0116383169,
        "eps": 0.27,
        "epsdiluted": 0.27,
        "weightedAverageShsOut": 48011398,
        "weightedAverageShsOutDil": 48152965,
        "link": "https://www.sec.gov/Archives/edgar/data/1047340/000104734020000157/0001047340-20-000157-index.htm",
        "finalLink": "https://www.sec.gov/Archives/edgar/data/1047340/000104734020000157/fdp-3x27x2020x10q.htm"
    },
    {
        "date": "2019-12-31",
        "symbol": "FDP",
        "reportedCurrency": "USD",
        "cik": "0001047340",
        "fillingDate": "2020-02-20",
        "acceptedDate": "2020-02-20 17:19:27",
        "calendarYear": "2019",
        "period": "Q4",
        "revenue": 1022000000,
        "costOfRevenue": 989300000,
        "grossProfit": 32700000,
        "grossProfitRatio": 0.0319960861,
        "researchAndDevelopmentExpenses": 0,
        "generalAndAdministrativeExpenses": 0,
        "sellingAndMarketingExpenses": 0,
        "sellingGeneralAndAdministrativeExpenses": 49400000,
        "otherExpenses": 0,
        "operatingExpenses": 49400000,
        "costAndExpenses": 1038700000,
        "interestIncome": 400000,
        "interestExpense": 5600000,
        "depreciationAndAmortization": 25200000,
        "ebitda": 6300000,
        "ebitdaratio": 0.0061643836,
        "operatingIncome": -16700000,
        "operatingIncomeRatio": -0.0163405088,
        "totalOtherIncomeExpensesNet": -7000000,
        "incomeBeforeTax": -23700000,
        "incomeBeforeTaxRatio": -0.0231898239,
        "incomeTaxExpense": 1400000,
        "netIncome": -25800000,
        "netIncomeRatio": -0.0252446184,
        "eps": -0.54,
        "epsdiluted": -0.54,
        "weightedAverageShsOut": 47978844,
        "weightedAverageShsOutDil": 48014506,
        "link": "https://www.sec.gov/Archives/edgar/data/1047340/000104734020000020/0001047340-20-000020-index.htm",
        "finalLink": "https://www.sec.gov/Archives/edgar/data/1047340/000104734020000020/fdp-122719x10k.htm"
    },
    {
        "date": "2019-09-27",
        "symbol": "FDP",
        "reportedCurrency": "USD",
        "cik": "0001047340",
        "fillingDate": "2019-10-30",
        "acceptedDate": "2019-10-29 20:10:00",
        "calendarYear": "2019",
        "period": "Q3",
        "revenue": 1067800000,
        "costOfRevenue": 996000000,
        "grossProfit": 71800000,
        "grossProfitRatio": 0.0672410564,
        "researchAndDevelopmentExpenses": 0,
        "generalAndAdministrativeExpenses": 0,
        "sellingAndMarketingExpenses": 0,
        "sellingGeneralAndAdministrativeExpenses": 49800000,
        "otherExpenses": 0,
        "operatingExpenses": 49800000,
        "costAndExpenses": 1045800000,
        "interestIncome": 500000,
        "interestExpense": 5400000,
        "depreciationAndAmortization": 24200000,
        "ebitda": 50700000,
        "ebitdaratio": 0.0474808016,
        "operatingIncome": 22000000,
        "operatingIncomeRatio": 0.0206031092,
        "totalOtherIncomeExpensesNet": -900000,
        "incomeBeforeTax": 21100000,
        "incomeBeforeTaxRatio": 0.0197602547,
        "incomeTaxExpense": 2900000,
        "netIncome": 18000000,
        "netIncomeRatio": 0.0168570893,
        "eps": 0.38,
        "epsdiluted": 0.38,
        "weightedAverageShsOut": 48069733,
        "weightedAverageShsOutDil": 48116989,
        "link": "https://www.sec.gov/Archives/edgar/data/1047340/000104734019000228/0001047340-19-000228-index.htm",
        "finalLink": "https://www.sec.gov/Archives/edgar/data/1047340/000104734019000228/fdp-9x27x2019x10q.htm"
    },
    {
        "date": "2019-06-28",
        "symbol": "FDP",
        "reportedCurrency": "USD",
        "cik": "0001047340",
        "fillingDate": "2019-07-30",
        "acceptedDate": "2019-07-30 16:49:41",
        "calendarYear": "2019",
        "period": "Q2",
        "revenue": 1237700000,
        "costOfRevenue": 1143600000,
        "grossProfit": 94100000,
        "grossProfitRatio": 0.0760281167,
        "researchAndDevelopmentExpenses": 0,
        "generalAndAdministrativeExpenses": 0,
        "sellingAndMarketingExpenses": 0,
        "sellingGeneralAndAdministrativeExpenses": 44000000,
        "otherExpenses": 0,
        "operatingExpenses": 44000000,
        "costAndExpenses": 1187600000,
        "interestIncome": 100000,
        "interestExpense": 6900000,
        "depreciationAndAmortization": 24100000,
        "ebitda": 78100000,
        "ebitdaratio": 0.063100913,
        "operatingIncome": 50100000,
        "operatingIncomeRatio": 0.0404783065,
        "totalOtherIncomeExpensesNet": -2600000,
        "incomeBeforeTax": 47500000,
        "incomeBeforeTaxRatio": 0.0383776359,
        "incomeTaxExpense": 8500000,
        "netIncome": 37200000,
        "netIncomeRatio": 0.0300557486,
        "eps": 0.79,
        "epsdiluted": 0.78,
        "weightedAverageShsOut": 48533444,
        "weightedAverageShsOutDil": 48582135,
        "link": "https://www.sec.gov/Archives/edgar/data/1047340/000104734019000147/0001047340-19-000147-index.htm",
        "finalLink": "https://www.sec.gov/Archives/edgar/data/1047340/000104734019000147/fdp-6x28x2019x10q.htm"
    },
    {
        "date": "2019-03-29",
        "symbol": "FDP",
        "reportedCurrency": "USD",
        "cik": "0001047340",
        "fillingDate": "2019-04-30",
        "acceptedDate": "2019-04-30 16:52:21",
        "calendarYear": "2019",
        "period": "Q1",
        "revenue": 1153300000,
        "costOfRevenue": 1060900000,
        "grossProfit": 92399999,
        "grossProfitRatio": 0.0801179216,
        "researchAndDevelopmentExpenses": 0,
        "generalAndAdministrativeExpenses": 0,
        "sellingAndMarketingExpenses": 0,
        "sellingGeneralAndAdministrativeExpenses": 52500000,
        "otherExpenses": 0,
        "operatingExpenses": 52500000,
        "costAndExpenses": 1113400000,
        "interestIncome": 100000,
        "interestExpense": 6900000,
        "depreciationAndAmortization": 24400000,
        "ebitda": 76700000,
        "ebitdaratio": 0.0665048123,
        "operatingIncome": 39900000,
        "operatingIncomeRatio": 0.0345963756,
        "totalOtherIncomeExpensesNet": 5900000,
        "incomeBeforeTax": 45800000,
        "incomeBeforeTaxRatio": 0.0397121304,
        "incomeTaxExpense": 8600000,
        "netIncome": 35000000,
        "netIncomeRatio": 0.0303476979,
        "eps": 0.74,
        "epsdiluted": 0.74,
        "weightedAverageShsOut": 48547698,
        "weightedAverageShsOutDil": 48752162,
        "link": "https://www.sec.gov/Archives/edgar/data/1047340/000104734019000132/0001047340-19-000132-index.htm",
        "finalLink": "https://www.sec.gov/Archives/edgar/data/1047340/000104734019000132/fdp-3x29x2019x10q.htm"
    },
    {
        "date": "2018-12-31",
        "symbol": "FDP",
        "reportedCurrency": "USD",
        "cik": "0001047340",
        "fillingDate": "2019-02-19",
        "acceptedDate": "2019-02-19 17:22:56",
        "calendarYear": "2018",
        "period": "Q4",
        "revenue": 1042599999,
        "costOfRevenue": 1003300000,
        "grossProfit": 39300000,
        "grossProfitRatio": 0.037694226,
        "researchAndDevelopmentExpenses": 0,
        "generalAndAdministrativeExpenses": 0,
        "sellingAndMarketingExpenses": 0,
        "sellingGeneralAndAdministrativeExpenses": 46800000,
        "otherExpenses": 0,
        "operatingExpenses": 46800000,
        "costAndExpenses": 1050099999,
        "interestIncome": 200000,
        "interestExpense": 6800000,
        "depreciationAndAmortization": 28000000,
        "ebitda": 4600000,
        "ebitdaratio": 0.0044120468,
        "operatingIncome": -7500000,
        "operatingIncomeRatio": -0.0071935546,
        "totalOtherIncomeExpensesNet": -22100000,
        "incomeBeforeTax": -29600000,
        "incomeBeforeTaxRatio": -0.0283905621,
        "incomeTaxExpense": 2700000,
        "netIncome": -34000000,
        "netIncomeRatio": -0.0326107808,
        "eps": -0.7,
        "epsdiluted": -0.7,
        "weightedAverageShsOut": 48239608,
        "weightedAverageShsOutDil": 48395182,
        "link": "https://www.sec.gov/Archives/edgar/data/1047340/000104734019000023/0001047340-19-000023-index.htm",
        "finalLink": "https://www.sec.gov/Archives/edgar/data/1047340/000104734019000023/fdp-122818x10k.htm"
    },
    {
        "date": "2018-09-28",
        "symbol": "FDP",
        "reportedCurrency": "USD",
        "cik": "0001047340",
        "fillingDate": "2018-10-30",
        "acceptedDate": "2018-10-30 16:45:23",
        "calendarYear": "2018",
        "period": "Q3",
        "revenue": 1067599999,
        "costOfRevenue": 1016700000,
        "grossProfit": 50899999,
        "grossProfitRatio": 0.0476770317,
        "researchAndDevelopmentExpenses": 0,
        "generalAndAdministrativeExpenses": 0,
        "sellingAndMarketingExpenses": 0,
        "sellingGeneralAndAdministrativeExpenses": 49400000,
        "otherExpenses": 0,
        "operatingExpenses": 49400000,
        "costAndExpenses": 1066099999,
        "interestIncome": 200000,
        "interestExpense": 7000000,
        "depreciationAndAmortization": 28200000,
        "ebitda": 13900000,
        "ebitdaratio": 0.0130198576,
        "operatingIncome": 1500000,
        "operatingIncomeRatio": 0.0014050206,
        "totalOtherIncomeExpensesNet": -22000000,
        "incomeBeforeTax": -20500000,
        "incomeBeforeTaxRatio": -0.0192019483,
        "incomeTaxExpense": 700000,
        "netIncome": -21500000,
        "netIncomeRatio": -0.0201386287,
        "eps": -0.44,
        "epsdiluted": -0.44,
        "weightedAverageShsOut": 48570696,
        "weightedAverageShsOutDil": 48570696,
        "link": "https://www.sec.gov/Archives/edgar/data/1047340/000104734018000301/0001047340-18-000301-index.htm",
        "finalLink": "https://www.sec.gov/Archives/edgar/data/1047340/000104734018000301/fdp-9x28x2018x10q.htm"
    },
    {
        "date": "2018-06-29",
        "symbol": "FDP",
        "reportedCurrency": "USD",
        "cik": "0001047340",
        "fillingDate": "2018-07-31",
        "acceptedDate": "2018-07-31 16:40:59",
        "calendarYear": "2018",
        "period": "Q2",
        "revenue": 1271500000,
        "costOfRevenue": 1194200000,
        "grossProfit": 77299999,
        "grossProfitRatio": 0.0607943366,
        "researchAndDevelopmentExpenses": 0,
        "generalAndAdministrativeExpenses": 0,
        "sellingAndMarketingExpenses": 0,
        "sellingGeneralAndAdministrativeExpenses": 50800000,
        "otherExpenses": 0,
        "operatingExpenses": 50800000,
        "costAndExpenses": 1245000000,
        "interestIncome": 400000,
        "interestExpense": 6100000,
        "depreciationAndAmortization": 23300000,
        "ebitda": 30200000,
        "ebitdaratio": 0.0237514746,
        "operatingIncome": 26500000,
        "operatingIncomeRatio": 0.0208415258,
        "totalOtherIncomeExpensesNet": -25700000,
        "incomeBeforeTax": 800000,
        "incomeBeforeTaxRatio": 0.0006291781,
        "incomeTaxExpense": 6400000,
        "netIncome": -7900000,
        "netIncomeRatio": -0.0062131341,
        "eps": -0.16,
        "epsdiluted": -0.16,
        "weightedAverageShsOut": 48753227,
        "weightedAverageShsOutDil": 48753227,
        "link": "https://www.sec.gov/Archives/edgar/data/1047340/000104734018000193/0001047340-18-000193-index.htm",
        "finalLink": "https://www.sec.gov/Archives/edgar/data/1047340/000104734018000193/fdp-6x29x2018x10q.htm"
    },
    {
        "date": "2018-03-30",
        "symbol": "FDP",
        "reportedCurrency": "USD",
        "cik": "0001047340",
        "fillingDate": "2018-05-01",
        "acceptedDate": "2018-05-01 16:01:56",
        "calendarYear": "2018",
        "period": "Q1",
        "revenue": 1105300000,
        "costOfRevenue": 999400000,
        "grossProfit": 105900000,
        "grossProfitRatio": 0.095811092,
        "researchAndDevelopmentExpenses": 0,
        "generalAndAdministrativeExpenses": 0,
        "sellingAndMarketingExpenses": 0,
        "sellingGeneralAndAdministrativeExpenses": 48600000,
        "otherExpenses": 0,
        "operatingExpenses": 48600000,
        "costAndExpenses": 1048000000,
        "interestIncome": 100000,
        "interestExpense": 3700000,
        "depreciationAndAmortization": 21000000,
        "ebitda": 74200000,
        "ebitdaratio": 0.0671310956,
        "operatingIncome": 57300000,
        "operatingIncomeRatio": 0.0518411291,
        "totalOtherIncomeExpensesNet": -7800000,
        "incomeBeforeTax": 49500000,
        "incomeBeforeTaxRatio": 0.0447842215,
        "incomeTaxExpense": 6300000,
        "netIncome": 39800000,
        "netIncomeRatio": 0.0360083235,
        "eps": 0.85,
        "epsdiluted": 0.85,
        "weightedAverageShsOut": 48781596,
        "weightedAverageShsOutDil": 49032952,
        "link": "https://www.sec.gov/Archives/edgar/data/1047340/000104734018000125/0001047340-18-000125-index.htm",
        "finalLink": "https://www.sec.gov/Archives/edgar/data/1047340/000104734018000125/fdp-3x30x2018x10q.htm"
    },
    {
        "date": "2017-12-31",
        "symbol": "FDP",
        "reportedCurrency": "USD",
        "cik": "0001047340",
        "fillingDate": "2018-02-20",
        "acceptedDate": "2018-02-20 16:47:07",
        "calendarYear": "2017",
        "period": "Q4",
        "revenue": 952600000,
        "costOfRevenue": 902600000,
        "grossProfit": 50000000,
        "grossProfitRatio": 0.0524879278,
        "researchAndDevelopmentExpenses": 3300000,
        "generalAndAdministrativeExpenses": 0,
        "sellingAndMarketingExpenses": 0,
        "sellingGeneralAndAdministrativeExpenses": 42200000,
        "otherExpenses": 0,
        "operatingExpenses": 42200000,
        "costAndExpenses": 944800000,
        "interestIncome": 100000,
        "interestExpense": 2000000,
        "depreciationAndAmortization": 19700000,
        "ebitda": 21100000,
        "ebitdaratio": 0.0221499055,
        "operatingIncome": 7800000,
        "operatingIncomeRatio": 0.0081881167,
        "totalOtherIncomeExpensesNet": -8500000,
        "incomeBeforeTax": -700000,
        "incomeBeforeTaxRatio": -0.000734831,
        "incomeTaxExpense": 6000000,
        "netIncome": -6300000,
        "netIncomeRatio": -0.0066134789,
        "eps": -0.13,
        "epsdiluted": -0.13,
        "weightedAverageShsOut": 49224216,
        "weightedAverageShsOutDil": 49224216,
        "link": "https://www.sec.gov/Archives/edgar/data/1047340/000104734018000030/0001047340-18-000030-index.htm",
        "finalLink": "https://www.sec.gov/Archives/edgar/data/1047340/000104734018000030/fdp-122917x10k.htm"
    },
    {
        "date": "2017-09-29",
        "symbol": "FDP",
        "reportedCurrency": "USD",
        "cik": "0001047340",
        "fillingDate": "2017-10-31",
        "acceptedDate": "2017-10-31 15:47:12",
        "calendarYear": "2017",
        "period": "Q3",
        "revenue": 954200000,
        "costOfRevenue": 894500000,
        "grossProfit": 59700000,
        "grossProfitRatio": 0.0625654999,
        "researchAndDevelopmentExpenses": 0,
        "generalAndAdministrativeExpenses": 0,
        "sellingAndMarketingExpenses": 0,
        "sellingGeneralAndAdministrativeExpenses": 41200000,
        "otherExpenses": 0,
        "operatingExpenses": 41200000,
        "costAndExpenses": 935700000,
        "interestIncome": 400000,
        "interestExpense": 1400000,
        "depreciationAndAmortization": 20200000,
        "ebitda": 36300000,
        "ebitdaratio": 0.0380423391,
        "operatingIncome": 18500000,
        "operatingIncomeRatio": 0.019387969,
        "totalOtherIncomeExpensesNet": -3800000,
        "incomeBeforeTax": 14700000,
        "incomeBeforeTaxRatio": 0.0154055754,
        "incomeTaxExpense": 4200000,
        "netIncome": 11500000,
        "netIncomeRatio": 0.0120519807,
        "eps": 0.23,
        "epsdiluted": 0.23,
        "weightedAverageShsOut": 49976752,
        "weightedAverageShsOutDil": 50254453,
        "link": "https://www.sec.gov/Archives/edgar/data/1047340/000104734017000265/0001047340-17-000265-index.htm",
        "finalLink": "https://www.sec.gov/Archives/edgar/data/1047340/000104734017000265/fdp-9x29x2017x10q.htm"
    },
    {
        "date": "2017-06-30",
        "symbol": "FDP",
        "reportedCurrency": "USD",
        "cik": "0001047340",
        "fillingDate": "2017-08-01",
        "acceptedDate": "2017-08-01 14:39:08",
        "calendarYear": "2017",
        "period": "Q2",
        "revenue": 1146600000,
        "costOfRevenue": 1024000000,
        "grossProfit": 122600000,
        "grossProfitRatio": 0.1069248212,
        "researchAndDevelopmentExpenses": 0,
        "generalAndAdministrativeExpenses": 0,
        "sellingAndMarketingExpenses": 0,
        "sellingGeneralAndAdministrativeExpenses": 41900000,
        "otherExpenses": 0,
        "operatingExpenses": 41900000,
        "costAndExpenses": 1065900000,
        "interestIncome": 200000,
        "interestExpense": 1600000,
        "depreciationAndAmortization": 20100000,
        "ebitda": 99300000,
        "ebitdaratio": 0.0866038723,
        "operatingIncome": 80700000,
        "operatingIncomeRatio": 0.070381999,
        "totalOtherIncomeExpensesNet": -3100000,
        "incomeBeforeTax": 77600000,
        "incomeBeforeTaxRatio": 0.0676783534,
        "incomeTaxExpense": 7800000,
        "netIncome": 69200000,
        "netIncomeRatio": 0.0603523461,
        "eps": 1.37,
        "epsdiluted": 1.36,
        "weightedAverageShsOut": 50572056,
        "weightedAverageShsOutDil": 50932365,
        "link": "https://www.sec.gov/Archives/edgar/data/1047340/000104734017000154/0001047340-17-000154-index.htm",
        "finalLink": "https://www.sec.gov/Archives/edgar/data/1047340/000104734017000154/fdp-6x30x2017x10q.htm"
    },
    {
        "date": "2017-03-31",
        "symbol": "FDP",
        "reportedCurrency": "USD",
        "cik": "0001047340",
        "fillingDate": "2017-05-02",
        "acceptedDate": "2017-05-02 15:49:12",
        "calendarYear": "2017",
        "period": "Q1",
        "revenue": 1031300000,
        "costOfRevenue": 933600000,
        "grossProfit": 97699999,
        "grossProfitRatio": 0.0947347998,
        "researchAndDevelopmentExpenses": 0,
        "generalAndAdministrativeExpenses": 0,
        "sellingAndMarketingExpenses": 0,
        "sellingGeneralAndAdministrativeExpenses": 47900000,
        "otherExpenses": 0,
        "operatingExpenses": 47900000,
        "costAndExpenses": 981500000,
        "interestIncome": 0,
        "interestExpense": 1300000,
        "depreciationAndAmortization": 19900000,
        "ebitda": 73800000,
        "ebitdaratio": 0.0715601668,
        "operatingIncome": 49800000,
        "operatingIncomeRatio": 0.0482885678,
        "totalOtherIncomeExpensesNet": 2700000,
        "incomeBeforeTax": 52500000,
        "incomeBeforeTaxRatio": 0.0509066227,
        "incomeTaxExpense": 6900000,
        "netIncome": 46400000,
        "netIncomeRatio": 0.044991758,
        "eps": 0.91,
        "epsdiluted": 0.9,
        "weightedAverageShsOut": 51218502,
        "weightedAverageShsOutDil": 51668110,
        "link": "https://www.sec.gov/Archives/edgar/data/1047340/000104734017000118/0001047340-17-000118-index.htm",
        "finalLink": "https://www.sec.gov/Archives/edgar/data/1047340/000104734017000118/fdp-3x31x2017x10q.htm"
    },
    {
        "date": "2016-12-31",
        "symbol": "FDP",
        "reportedCurrency": "USD",
        "cik": "0001047340",
        "fillingDate": "2017-02-21",
        "acceptedDate": "2017-02-21 16:33:28",
        "calendarYear": "2016",
        "period": "Q4",
        "revenue": 954600000,
        "costOfRevenue": 898100000,
        "grossProfit": 56500000,
        "grossProfitRatio": 0.0591870941,
        "researchAndDevelopmentExpenses": 3300000,
        "generalAndAdministrativeExpenses": 0,
        "sellingAndMarketingExpenses": 0,
        "sellingGeneralAndAdministrativeExpenses": 46800000,
        "otherExpenses": 0,
        "operatingExpenses": 46800000,
        "costAndExpenses": 944900000,
        "interestIncome": 100000,
        "interestExpense": 1400000,
        "depreciationAndAmortization": 20900000,
        "ebitda": 19400000,
        "ebitdaratio": 0.0203226482,
        "operatingIncome": 9700000,
        "operatingIncomeRatio": 0.0101613241,
        "totalOtherIncomeExpensesNet": -12800000,
        "incomeBeforeTax": -3100000,
        "incomeBeforeTaxRatio": -0.0032474335,
        "incomeTaxExpense": -13600000,
        "netIncome": 12000000,
        "netIncomeRatio": 0.0125707102,
        "eps": 0.23,
        "epsdiluted": 0.23,
        "weightedAverageShsOut": 51740318,
        "weightedAverageShsOutDil": 52118577,
        "link": "https://www.sec.gov/Archives/edgar/data/1047340/000104734017000020/0001047340-17-000020-index.htm",
        "finalLink": "https://www.sec.gov/Archives/edgar/data/1047340/000104734017000020/fdp-123016x10k.htm"
    },
    {
        "date": "2016-09-30",
        "symbol": "FDP",
        "reportedCurrency": "USD",
        "cik": "0001047340",
        "fillingDate": "2016-11-01",
        "acceptedDate": "2016-11-01 15:16:57",
        "calendarYear": "2016",
        "period": "Q3",
        "revenue": 951200000,
        "costOfRevenue": 831600000,
        "grossProfit": 119600000,
        "grossProfitRatio": 0.1257359125,
        "researchAndDevelopmentExpenses": 0,
        "generalAndAdministrativeExpenses": 0,
        "sellingAndMarketingExpenses": 0,
        "sellingGeneralAndAdministrativeExpenses": 49000000,
        "otherExpenses": 0,
        "operatingExpenses": 49000000,
        "costAndExpenses": 880600000,
        "interestIncome": 200000,
        "interestExpense": 500000,
        "depreciationAndAmortization": 19600000,
        "ebitda": 61900000,
        "ebitdaratio": 0.0650756939,
        "operatingIncome": 70600000,
        "operatingIncomeRatio": 0.0742220353,
        "totalOtherIncomeExpensesNet": -28800000,
        "incomeBeforeTax": 41800000,
        "incomeBeforeTaxRatio": 0.0439444912,
        "incomeTaxExpense": 5600000,
        "netIncome": 35200000,
        "netIncomeRatio": 0.0370058873,
        "eps": 0.68,
        "epsdiluted": 0.68,
        "weightedAverageShsOut": 51497691,
        "weightedAverageShsOutDil": 51993293,
        "link": "https://www.sec.gov/Archives/edgar/data/1047340/000104734016000646/0001047340-16-000646-index.htm",
        "finalLink": "https://www.sec.gov/Archives/edgar/data/1047340/000104734016000646/fdp-9x30x2016x10q.htm"
    },
    {
        "date": "2016-07-01",
        "symbol": "FDP",
        "reportedCurrency": "USD",
        "cik": "0001047340",
        "fillingDate": "2016-08-02",
        "acceptedDate": "2016-08-02 15:18:42",
        "calendarYear": "2016",
        "period": "Q2",
        "revenue": 1088600000,
        "costOfRevenue": 943200000,
        "grossProfit": 145400000,
        "grossProfitRatio": 0.1335660481,
        "researchAndDevelopmentExpenses": 0,
        "generalAndAdministrativeExpenses": 0,
        "sellingAndMarketingExpenses": 0,
        "sellingGeneralAndAdministrativeExpenses": 44500000,
        "otherExpenses": 0,
        "operatingExpenses": 44500000,
        "costAndExpenses": 987700000,
        "interestIncome": 300000,
        "interestExpense": 1300000,
        "depreciationAndAmortization": 19000000,
        "ebitda": 119900000,
        "ebitdaratio": 0.1101414661,
        "operatingIncome": 106700000,
        "operatingIncomeRatio": 0.0980158001,
        "totalOtherIncomeExpensesNet": -300000,
        "incomeBeforeTax": 106400000,
        "incomeBeforeTaxRatio": 0.0977402168,
        "incomeTaxExpense": 8700000,
        "netIncome": 96200000,
        "netIncomeRatio": 0.088370384,
        "eps": 1.88,
        "epsdiluted": 1.86,
        "weightedAverageShsOut": 51164438,
        "weightedAverageShsOutDil": 51700345,
        "link": "https://www.sec.gov/Archives/edgar/data/1047340/000104734016000504/0001047340-16-000504-index.htm",
        "finalLink": "https://www.sec.gov/Archives/edgar/data/1047340/000104734016000504/fdp-7x1x2016x10q.htm"
    },
    {
        "date": "2016-04-01",
        "symbol": "FDP",
        "reportedCurrency": "USD",
        "cik": "0001047340",
        "fillingDate": "2016-05-03",
        "acceptedDate": "2016-05-03 15:29:59",
        "calendarYear": "2016",
        "period": "Q1",
        "revenue": 1018100000,
        "costOfRevenue": 877400000,
        "grossProfit": 140700000,
        "grossProfitRatio": 0.1381986052,
        "researchAndDevelopmentExpenses": 0,
        "generalAndAdministrativeExpenses": 0,
        "sellingAndMarketingExpenses": 0,
        "sellingGeneralAndAdministrativeExpenses": 47100000,
        "otherExpenses": 0,
        "operatingExpenses": 47100000,
        "costAndExpenses": 924500000,
        "interestIncome": 100000,
        "interestExpense": 900000,
        "depreciationAndAmortization": 19000000,
        "ebitda": 112600000,
        "ebitdaratio": 0.1105981731,
        "operatingIncome": 90500000,
        "operatingIncomeRatio": 0.0888910716,
        "totalOtherIncomeExpensesNet": 1800000,
        "incomeBeforeTax": 92300000,
        "incomeBeforeTaxRatio": 0.0906590708,
        "incomeTaxExpense": 11100000,
        "netIncome": 81700000,
        "netIncomeRatio": 0.0802475199,
        "eps": 1.58,
        "epsdiluted": 1.57,
        "weightedAverageShsOut": 51628572,
        "weightedAverageShsOutDil": 52036566,
        "link": "https://www.sec.gov/Archives/edgar/data/1047340/000104734016000455/0001047340-16-000455-index.htm",
        "finalLink": "https://www.sec.gov/Archives/edgar/data/1047340/000104734016000455/fdp-4x1x2016x10q.htm"
    },
    {
        "date": "2015-12-31",
        "symbol": "FDP",
        "reportedCurrency": "USD",
        "cik": "0001047340",
        "fillingDate": "2016-02-23",
        "acceptedDate": "2016-02-23 16:31:15",
        "calendarYear": "2015",
        "period": "Q4",
        "revenue": 977900000,
        "costOfRevenue": 933300000,
        "grossProfit": 44600000,
        "grossProfitRatio": 0.0456079354,
        "researchAndDevelopmentExpenses": 3900000,
        "generalAndAdministrativeExpenses": 32800000,
        "sellingAndMarketingExpenses": 17600000,
        "sellingGeneralAndAdministrativeExpenses": 50400000,
        "otherExpenses": -2500000,
        "operatingExpenses": 50400000,
        "costAndExpenses": 983700000,
        "interestIncome": 100000,
        "interestExpense": 900000,
        "depreciationAndAmortization": 18700000,
        "ebitda": -57000000,
        "ebitdaratio": -0.0582881685,
        "operatingIncome": -73300000,
        "operatingIncomeRatio": -0.0749565395,
        "totalOtherIncomeExpensesNet": -3400000,
        "incomeBeforeTax": -76700000,
        "incomeBeforeTaxRatio": -0.0784333776,
        "incomeTaxExpense": -3100000,
        "netIncome": -73100000,
        "netIncomeRatio": -0.0747520196,
        "eps": -1.39,
        "epsdiluted": -1.39,
        "weightedAverageShsOut": 52556397,
        "weightedAverageShsOutDil": 52556397,
        "link": "https://www.sec.gov/Archives/edgar/data/1047340/000104734016000385/0001047340-16-000385-index.htm",
        "finalLink": "https://www.sec.gov/Archives/edgar/data/1047340/000104734016000385/fdp-1116x10k.htm"
    },
    {
        "date": "2015-09-25",
        "symbol": "FDP",
        "reportedCurrency": "USD",
        "cik": "0001047340",
        "fillingDate": "2015-10-27",
        "acceptedDate": "2015-10-27 15:24:57",
        "calendarYear": "2015",
        "period": "Q3",
        "revenue": 936100000,
        "costOfRevenue": 852800000,
        "grossProfit": 83300000,
        "grossProfitRatio": 0.0889862194,
        "researchAndDevelopmentExpenses": 0,
        "generalAndAdministrativeExpenses": 0,
        "sellingAndMarketingExpenses": 0,
        "sellingGeneralAndAdministrativeExpenses": 47700000,
        "otherExpenses": 0,
        "operatingExpenses": 47700000,
        "costAndExpenses": 900500000,
        "interestIncome": 300000,
        "interestExpense": 700000,
        "depreciationAndAmortization": 17800000,
        "ebitda": 53400000,
        "ebitdaratio": 0.0570451875,
        "operatingIncome": 34400000,
        "operatingIncomeRatio": 0.0367482107,
        "totalOtherIncomeExpensesNet": 900000,
        "incomeBeforeTax": 35300000,
        "incomeBeforeTaxRatio": 0.0377096464,
        "incomeTaxExpense": 5400000,
        "netIncome": 28500000,
        "netIncomeRatio": 0.0304454652,
        "eps": 0.54,
        "epsdiluted": 0.54,
        "weightedAverageShsOut": 52788564,
        "weightedAverageShsOutDil": 53208152,
        "link": "https://www.sec.gov/Archives/edgar/data/1047340/000104734015000315/0001047340-15-000315-index.htm",
        "finalLink": "https://www.sec.gov/Archives/edgar/data/1047340/000104734015000315/fdp-9x25x2015x10q.htm"
    },
    {
        "date": "2015-06-26",
        "symbol": "FDP",
        "reportedCurrency": "USD",
        "cik": "0001047340",
        "fillingDate": "2015-07-28",
        "acceptedDate": "2015-07-28 15:24:55",
        "calendarYear": "2015",
        "period": "Q2",
        "revenue": 1134100000,
        "costOfRevenue": 1020100000,
        "grossProfit": 114000000,
        "grossProfitRatio": 0.1005202363,
        "researchAndDevelopmentExpenses": 0,
        "generalAndAdministrativeExpenses": 0,
        "sellingAndMarketingExpenses": 0,
        "sellingGeneralAndAdministrativeExpenses": 41900000,
        "otherExpenses": -100000,
        "operatingExpenses": 41900000,
        "costAndExpenses": 1062000000,
        "interestIncome": 100000,
        "interestExpense": 1300000,
        "depreciationAndAmortization": 17800000,
        "ebitda": 89900000,
        "ebitdaratio": 0.0792699057,
        "operatingIncome": 73600000,
        "operatingIncomeRatio": 0.0648972754,
        "totalOtherIncomeExpensesNet": -1300000,
        "incomeBeforeTax": 72300000,
        "incomeBeforeTaxRatio": 0.063750992,
        "incomeTaxExpense": 6400000,
        "netIncome": 64500000,
        "netIncomeRatio": 0.0568732916,
        "eps": 1.22,
        "epsdiluted": 1.21,
        "weightedAverageShsOut": 52655228,
        "weightedAverageShsOutDil": 53147604,
        "link": "https://www.sec.gov/Archives/edgar/data/1047340/000104734015000200/0001047340-15-000200-index.htm",
        "finalLink": "https://www.sec.gov/Archives/edgar/data/1047340/000104734015000200/fdp-6x26x2015x10q.htm"
    },
    {
        "date": "2015-03-27",
        "symbol": "FDP",
        "reportedCurrency": "USD",
        "cik": "0001047340",
        "fillingDate": "2015-04-28",
        "acceptedDate": "2015-04-28 15:20:17",
        "calendarYear": "2015",
        "period": "Q1",
        "revenue": 1008400000,
        "costOfRevenue": 908000000,
        "grossProfit": 100400000,
        "grossProfitRatio": 0.0995636652,
        "researchAndDevelopmentExpenses": 0,
        "generalAndAdministrativeExpenses": 0,
        "sellingAndMarketingExpenses": 0,
        "sellingGeneralAndAdministrativeExpenses": 43900000,
        "otherExpenses": 0,
        "operatingExpenses": 43900000,
        "costAndExpenses": 951900000,
        "interestIncome": 100000,
        "interestExpense": 1300000,
        "depreciationAndAmortization": 18100000,
        "ebitda": 74600000,
        "ebitdaratio": 0.0739785799,
        "operatingIncome": 56300000,
        "operatingIncomeRatio": 0.0558310194,
        "totalOtherIncomeExpensesNet": -7100000,
        "incomeBeforeTax": 49200000,
        "incomeBeforeTaxRatio": 0.0487901626,
        "incomeTaxExpense": 5000000,
        "netIncome": 42500000,
        "netIncomeRatio": 0.0421459738,
        "eps": 0.8,
        "epsdiluted": 0.8,
        "weightedAverageShsOut": 53007473,
        "weightedAverageShsOutDil": 53409613,
        "link": "https://www.sec.gov/Archives/edgar/data/1047340/000104734015000158/0001047340-15-000158-index.htm",
        "finalLink": "https://www.sec.gov/Archives/edgar/data/1047340/000104734015000158/fdp-3x27x2015x10q.htm"
    },
    {
        "date": "2014-12-31",
        "symbol": "FDP",
        "reportedCurrency": "USD",
        "cik": "0001047340",
        "fillingDate": "2015-02-18",
        "acceptedDate": "2015-02-18 15:38:19",
        "calendarYear": "2014",
        "period": "Q4",
        "revenue": 929300000,
        "costOfRevenue": 866600000,
        "grossProfit": 62700000,
        "grossProfitRatio": 0.0674701388,
        "researchAndDevelopmentExpenses": 4100000,
        "generalAndAdministrativeExpenses": 24900000,
        "sellingAndMarketingExpenses": 18300000,
        "sellingGeneralAndAdministrativeExpenses": 43200000,
        "otherExpenses": -4900000,
        "operatingExpenses": 43200000,
        "costAndExpenses": 909800000,
        "interestIncome": 100000,
        "interestExpense": 300000,
        "depreciationAndAmortization": 18900000,
        "ebitda": 40200000,
        "ebitdaratio": 0.0432583665,
        "operatingIncome": 3700000,
        "operatingIncomeRatio": 0.0039814914,
        "totalOtherIncomeExpensesNet": -5200000,
        "incomeBeforeTax": -1500000,
        "incomeBeforeTaxRatio": -0.0016141182,
        "incomeTaxExpense": -1100000,
        "netIncome": -400000,
        "netIncomeRatio": -0.0004304315,
        "eps": -0.0071,
        "epsdiluted": -0.0071,
        "weightedAverageShsOut": 56064660,
        "weightedAverageShsOutDil": 56064660,
        "link": "https://www.sec.gov/Archives/edgar/data/1047340/000104734015000048/0001047340-15-000048-index.htm",
        "finalLink": "https://www.sec.gov/Archives/edgar/data/1047340/000104734015000048/fdp-122614x10k.htm"
    },
    {
        "date": "2014-09-26",
        "symbol": "FDP",
        "reportedCurrency": "USD",
        "cik": "0001047340",
        "fillingDate": "2014-10-28",
        "acceptedDate": "2014-10-28 15:02:59",
        "calendarYear": "2014",
        "period": "Q3",
        "revenue": 884600000,
        "costOfRevenue": 810700000,
        "grossProfit": 73900000,
        "grossProfitRatio": 0.0835405833,
        "researchAndDevelopmentExpenses": 0,
        "generalAndAdministrativeExpenses": 0,
        "sellingAndMarketingExpenses": 0,
        "sellingGeneralAndAdministrativeExpenses": 44600000,
        "otherExpenses": 0,
        "operatingExpenses": 44600000,
        "costAndExpenses": 855300000,
        "interestIncome": 200000,
        "interestExpense": 600000,
        "depreciationAndAmortization": 18300000,
        "ebitda": 47600000,
        "ebitdaratio": 0.0538096315,
        "operatingIncome": 29300000,
        "operatingIncomeRatio": 0.0331223152,
        "totalOtherIncomeExpensesNet": -4600000,
        "incomeBeforeTax": 24700000,
        "incomeBeforeTaxRatio": 0.0279222247,
        "incomeTaxExpense": 4000000,
        "netIncome": 19900000,
        "netIncomeRatio": 0.0224960434,
        "eps": 0.36,
        "epsdiluted": 0.35,
        "weightedAverageShsOut": 55901110,
        "weightedAverageShsOutDil": 56339077,
        "link": "https://www.sec.gov/Archives/edgar/data/1047340/000104734014000164/0001047340-14-000164-index.htm",
        "finalLink": "https://www.sec.gov/Archives/edgar/data/1047340/000104734014000164/fdp-9x26x2014x10q.htm"
    },
    {
        "date": "2014-06-27",
        "symbol": "FDP",
        "reportedCurrency": "USD",
        "cik": "0001047340",
        "fillingDate": "2014-07-29",
        "acceptedDate": "2014-07-29 15:13:58",
        "calendarYear": "2014",
        "period": "Q2",
        "revenue": 1131300000,
        "costOfRevenue": 1009800000,
        "grossProfit": 121500000,
        "grossProfitRatio": 0.107398568,
        "researchAndDevelopmentExpenses": 0,
        "generalAndAdministrativeExpenses": 0,
        "sellingAndMarketingExpenses": 0,
        "sellingGeneralAndAdministrativeExpenses": 44300000,
        "otherExpenses": 0,
        "operatingExpenses": 44300000,
        "costAndExpenses": 1054100000,
        "interestIncome": 300000,
        "interestExpense": 1200000,
        "depreciationAndAmortization": 18100000,
        "ebitda": 95300000,
        "ebitdaratio": 0.0842393706,
        "operatingIncome": 75300000,
        "operatingIncomeRatio": 0.066560594,
        "totalOtherIncomeExpensesNet": -4500000,
        "incomeBeforeTax": 70800000,
        "incomeBeforeTaxRatio": 0.0625828693,
        "incomeTaxExpense": 5400000,
        "netIncome": 64300000,
        "netIncomeRatio": 0.0568372669,
        "eps": 1.15,
        "epsdiluted": 1.15,
        "weightedAverageShsOut": 55719554,
        "weightedAverageShsOutDil": 56078575,
        "link": "https://www.sec.gov/Archives/edgar/data/1047340/000104734014000036/0001047340-14-000036-index.htm",
        "finalLink": "https://www.sec.gov/Archives/edgar/data/1047340/000104734014000036/fdp-6x27x2014x10q.htm"
    },
    {
        "date": "2014-03-28",
        "symbol": "FDP",
        "reportedCurrency": "USD",
        "cik": "0001047340",
        "fillingDate": "2014-04-29",
        "acceptedDate": "2014-04-29 15:10:00",
        "calendarYear": "2014",
        "period": "Q1",
        "revenue": 982300000,
        "costOfRevenue": 875600000,
        "grossProfit": 106700000,
        "grossProfitRatio": 0.1086226204,
        "researchAndDevelopmentExpenses": 0,
        "generalAndAdministrativeExpenses": 0,
        "sellingAndMarketingExpenses": 0,
        "sellingGeneralAndAdministrativeExpenses": 43700000,
        "otherExpenses": 0,
        "operatingExpenses": 43700000,
        "costAndExpenses": 919300000,
        "interestIncome": 0,
        "interestExpense": 1000000,
        "depreciationAndAmortization": 18000000,
        "ebitda": 81000000,
        "ebitdaratio": 0.0824595337,
        "operatingIncome": 65200000,
        "operatingIncomeRatio": 0.0663748346,
        "totalOtherIncomeExpensesNet": -300000,
        "incomeBeforeTax": 64900000,
        "incomeBeforeTaxRatio": 0.0660694289,
        "incomeTaxExpense": 6000000,
        "netIncome": 58600000,
        "netIncomeRatio": 0.0596559096,
        "eps": 1.04,
        "epsdiluted": 1.04,
        "weightedAverageShsOut": 56180800,
        "weightedAverageShsOutDil": 56506491,
        "link": "https://www.sec.gov/Archives/edgar/data/1047340/000104734014000025/0001047340-14-000025-index.htm",
        "finalLink": "https://www.sec.gov/Archives/edgar/data/1047340/000104734014000025/fdp-3282014x10q.htm"
    },
    {
        "date": "2013-12-31",
        "symbol": "FDP",
        "reportedCurrency": "USD",
        "cik": "0001047340",
        "fillingDate": "2014-02-21",
        "acceptedDate": "2014-02-21 17:29:52",
        "calendarYear": "2013",
        "period": "Q4",
        "revenue": 879900000,
        "costOfRevenue": 847000000,
        "grossProfit": 32900000,
        "grossProfitRatio": 0.0373906126,
        "researchAndDevelopmentExpenses": 4400000,
        "generalAndAdministrativeExpenses": 25800000,
        "sellingAndMarketingExpenses": 20100000,
        "sellingGeneralAndAdministrativeExpenses": 45900000,
        "otherExpenses": -2100000,
        "operatingExpenses": 45900000,
        "costAndExpenses": 892900000,
        "interestIncome": 100000,
        "interestExpense": 700000,
        "depreciationAndAmortization": 17900000,
        "ebitda": -124300000,
        "ebitdaratio": -0.141266053,
        "operatingIncome": -142800000,
        "operatingIncomeRatio": -0.1622911695,
        "totalOtherIncomeExpensesNet": -2800000,
        "incomeBeforeTax": -145600000,
        "incomeBeforeTaxRatio": -0.1654733492,
        "incomeTaxExpense": 400000,
        "netIncome": -146800000,
        "netIncomeRatio": -0.1668371406,
        "eps": -2.62,
        "epsdiluted": -2.62,
        "weightedAverageShsOut": 56136876,
        "weightedAverageShsOutDil": 56136876,
        "link": "https://www.sec.gov/Archives/edgar/data/1047340/000104734014000013/0001047340-14-000013-index.htm",
        "finalLink": "https://www.sec.gov/Archives/edgar/data/1047340/000104734014000013/fdp-122713x10k.htm"
    },
    {
        "date": "2013-09-27",
        "symbol": "FDP",
        "reportedCurrency": "USD",
        "cik": "0001047340",
        "fillingDate": "2013-10-29",
        "acceptedDate": "2013-10-29 15:29:08",
        "calendarYear": "2013",
        "period": "Q3",
        "revenue": 861100000,
        "costOfRevenue": 808100000,
        "grossProfit": 53000000,
        "grossProfitRatio": 0.0615491813,
        "researchAndDevelopmentExpenses": 0,
        "generalAndAdministrativeExpenses": 0,
        "sellingAndMarketingExpenses": 0,
        "sellingGeneralAndAdministrativeExpenses": 46300000,
        "otherExpenses": -200000,
        "operatingExpenses": 46300000,
        "costAndExpenses": 854400000,
        "interestIncome": 400000,
        "interestExpense": 600000,
        "depreciationAndAmortization": 17300000,
        "ebitda": 25000000,
        "ebitdaratio": 0.0290326327,
        "operatingIncome": 7400000,
        "operatingIncomeRatio": 0.0085936593,
        "totalOtherIncomeExpensesNet": -400000,
        "incomeBeforeTax": 7000000,
        "incomeBeforeTaxRatio": 0.0081291372,
        "incomeTaxExpense": 1600000,
        "netIncome": 6400000,
        "netIncomeRatio": 0.007432354,
        "eps": 0.11,
        "epsdiluted": 0.11,
        "weightedAverageShsOut": 55737224,
        "weightedAverageShsOutDil": 56079606,
        "link": "https://www.sec.gov/Archives/edgar/data/1047340/000104734013000019/0001047340-13-000019-index.htm",
        "finalLink": "https://www.sec.gov/Archives/edgar/data/1047340/000104734013000019/fdp-9272013x10q.htm"
    },
    {
        "date": "2013-06-28",
        "symbol": "FDP",
        "reportedCurrency": "USD",
        "cik": "0001047340",
        "fillingDate": "2013-07-30",
        "acceptedDate": "2013-07-30 15:20:22",
        "calendarYear": "2013",
        "period": "Q2",
        "revenue": 1023900000,
        "costOfRevenue": 918000000,
        "grossProfit": 105900000,
        "grossProfitRatio": 0.1034280691,
        "researchAndDevelopmentExpenses": 0,
        "generalAndAdministrativeExpenses": 0,
        "sellingAndMarketingExpenses": 0,
        "sellingGeneralAndAdministrativeExpenses": 43000000,
        "otherExpenses": 0,
        "operatingExpenses": 43000000,
        "costAndExpenses": 961000000,
        "interestIncome": 0,
        "interestExpense": 700000,
        "depreciationAndAmortization": 17200000,
        "ebitda": 85900000,
        "ebitdaratio": 0.0838949116,
        "operatingIncome": 51200000,
        "operatingIncomeRatio": 0.0500048833,
        "totalOtherIncomeExpensesNet": 16800000,
        "incomeBeforeTax": 68000000,
        "incomeBeforeTaxRatio": 0.0664127356,
        "incomeTaxExpense": 6000000,
        "netIncome": 62000000,
        "netIncomeRatio": 0.0605527884,
        "eps": 1.1,
        "epsdiluted": 1.1,
        "weightedAverageShsOut": 56236088,
        "weightedAverageShsOutDil": 56580815,
        "link": "https://www.sec.gov/Archives/edgar/data/1047340/000104734013000011/0001047340-13-000011-index.htm",
        "finalLink": "https://www.sec.gov/Archives/edgar/data/1047340/000104734013000011/fdp-6282013x10q.htm"
    },
    {
        "date": "2013-03-29",
        "symbol": "FDP",
        "reportedCurrency": "USD",
        "cik": "0001047340",
        "fillingDate": "2013-04-30",
        "acceptedDate": "2013-04-30 15:10:33",
        "calendarYear": "2013",
        "period": "Q1",
        "revenue": 918800000,
        "costOfRevenue": 820200000,
        "grossProfit": 98600000,
        "grossProfitRatio": 0.1073138877,
        "researchAndDevelopmentExpenses": 0,
        "generalAndAdministrativeExpenses": 0,
        "sellingAndMarketingExpenses": 0,
        "sellingGeneralAndAdministrativeExpenses": 45300000,
        "otherExpenses": 0,
        "operatingExpenses": 45300000,
        "costAndExpenses": 865500000,
        "interestIncome": 200000,
        "interestExpense": 800000,
        "depreciationAndAmortization": 17500000,
        "ebitda": 69600000,
        "ebitdaratio": 0.0757509795,
        "operatingIncome": 53500000,
        "operatingIncomeRatio": 0.0582281236,
        "totalOtherIncomeExpensesNet": -2200000,
        "incomeBeforeTax": 51300000,
        "incomeBeforeTaxRatio": 0.0558336961,
        "incomeTaxExpense": 9500000,
        "netIncome": 41100000,
        "netIncomeRatio": 0.0447322595,
        "eps": 0.71,
        "epsdiluted": 0.71,
        "weightedAverageShsOut": 57592510,
        "weightedAverageShsOutDil": 58000771,
        "link": "https://www.sec.gov/Archives/edgar/data/1047340/000144530513000984/0001445305-13-000984-index.htm",
        "finalLink": "https://www.sec.gov/Archives/edgar/data/1047340/000144530513000984/fdp-3292013x10q.htm"
    },
    {
        "date": "2012-12-31",
        "symbol": "FDP",
        "reportedCurrency": "USD",
        "cik": "0001047340",
        "fillingDate": "2013-02-19",
        "acceptedDate": "2013-02-19 17:26:01",
        "calendarYear": "2012",
        "period": "Q4",
        "revenue": 776900000,
        "costOfRevenue": 738400000,
        "grossProfit": 38500000,
        "grossProfitRatio": 0.0495559274,
        "researchAndDevelopmentExpenses": 4000000,
        "generalAndAdministrativeExpenses": 20300000,
        "sellingAndMarketingExpenses": 19700000,
        "sellingGeneralAndAdministrativeExpenses": 40000000,
        "otherExpenses": 4000000,
        "operatingExpenses": 40000000,
        "costAndExpenses": 778400000,
        "interestIncome": 200000,
        "interestExpense": 600000,
        "depreciationAndAmortization": 17900000,
        "ebitda": 20000000,
        "ebitdaratio": 0.0257433389,
        "operatingIncome": -2100000,
        "operatingIncomeRatio": -0.0027030506,
        "totalOtherIncomeExpensesNet": 3400000,
        "incomeBeforeTax": 1300000,
        "incomeBeforeTaxRatio": 0.001673317,
        "incomeTaxExpense": 2500000,
        "netIncome": -1200000,
        "netIncomeRatio": -0.0015446003,
        "eps": -0.0207,
        "epsdiluted": -0.0206,
        "weightedAverageShsOut": 57995487,
        "weightedAverageShsOutDil": 58355399,
        "link": "https://www.sec.gov/Archives/edgar/data/1047340/000144530513000252/0001445305-13-000252-index.htm",
        "finalLink": "https://www.sec.gov/Archives/edgar/data/1047340/000144530513000252/fdp-122812x10k.htm"
    },
    {
        "date": "2012-09-28",
        "symbol": "FDP",
        "reportedCurrency": "USD",
        "cik": "0001047340",
        "fillingDate": "2012-10-30",
        "acceptedDate": "2012-10-30 15:13:36",
        "calendarYear": "2012",
        "period": "Q3",
        "revenue": 788800000,
        "costOfRevenue": 714400000,
        "grossProfit": 74400000,
        "grossProfitRatio": 0.0943204868,
        "researchAndDevelopmentExpenses": 0,
        "generalAndAdministrativeExpenses": 0,
        "sellingAndMarketingExpenses": 0,
        "sellingGeneralAndAdministrativeExpenses": 46200000,
        "otherExpenses": 0,
        "operatingExpenses": 46200000,
        "costAndExpenses": 760600000,
        "interestIncome": 200000,
        "interestExpense": 0,
        "depreciationAndAmortization": 17000000,
        "ebitda": 42100000,
        "ebitdaratio": 0.053372211,
        "operatingIncome": 28200000,
        "operatingIncomeRatio": 0.0357505071,
        "totalOtherIncomeExpensesNet": -3100000,
        "incomeBeforeTax": 25100000,
        "incomeBeforeTaxRatio": 0.0318204868,
        "incomeTaxExpense": 200000,
        "netIncome": 23500000,
        "netIncomeRatio": 0.0297920892,
        "eps": 0.4,
        "epsdiluted": 0.4,
        "weightedAverageShsOut": 58042379,
        "weightedAverageShsOutDil": 58235794,
        "link": "https://www.sec.gov/Archives/edgar/data/1047340/000144530512003302/0001445305-12-003302-index.htm",
        "finalLink": "https://www.sec.gov/Archives/edgar/data/1047340/000144530512003302/fdp-9282012x10q.htm"
    },
    {
        "date": "2012-06-29",
        "symbol": "FDP",
        "reportedCurrency": "USD",
        "cik": "0001047340",
        "fillingDate": "2012-07-31",
        "acceptedDate": "2012-07-31 15:47:58",
        "calendarYear": "2012",
        "period": "Q2",
        "revenue": 957600000,
        "costOfRevenue": 841200000,
        "grossProfit": 116400000,
        "grossProfitRatio": 0.1215538847,
        "researchAndDevelopmentExpenses": 0,
        "generalAndAdministrativeExpenses": 0,
        "sellingAndMarketingExpenses": 0,
        "sellingGeneralAndAdministrativeExpenses": 45600000,
        "otherExpenses": 0,
        "operatingExpenses": 45600000,
        "costAndExpenses": 886800000,
        "interestIncome": 100000,
        "interestExpense": 900000,
        "depreciationAndAmortization": 17300000,
        "ebitda": 84100000,
        "ebitdaratio": 0.087823726,
        "operatingIncome": 69800000,
        "operatingIncomeRatio": 0.0728905597,
        "totalOtherIncomeExpensesNet": -3900000,
        "incomeBeforeTax": 65900000,
        "incomeBeforeTaxRatio": 0.068817878,
        "incomeTaxExpense": 7400000,
        "netIncome": 57200000,
        "netIncomeRatio": 0.059732665,
        "eps": 0.99,
        "epsdiluted": 0.99,
        "weightedAverageShsOut": 57905312,
        "weightedAverageShsOutDil": 57995333,
        "link": "https://www.sec.gov/Archives/edgar/data/1047340/000144530512002359/0001445305-12-002359-index.htm",
        "finalLink": "https://www.sec.gov/Archives/edgar/data/1047340/000144530512002359/fdp-6292012x10q.htm"
    },
    {
        "date": "2012-03-30",
        "symbol": "FDP",
        "reportedCurrency": "USD",
        "cik": "0001047340",
        "fillingDate": "2012-05-01",
        "acceptedDate": "2012-05-01 13:48:12",
        "calendarYear": "2012",
        "period": "Q1",
        "revenue": 897900000,
        "costOfRevenue": 785500000,
        "grossProfit": 112400000,
        "grossProfitRatio": 0.1251809778,
        "researchAndDevelopmentExpenses": 0,
        "generalAndAdministrativeExpenses": 0,
        "sellingAndMarketingExpenses": 0,
        "sellingGeneralAndAdministrativeExpenses": 45400000,
        "otherExpenses": 1400000,
        "operatingExpenses": 46800000,
        "costAndExpenses": 832300000,
        "interestIncome": 200000,
        "interestExpense": 1300000,
        "depreciationAndAmortization": 17800000,
        "ebitda": 84000000,
        "ebitdaratio": 0.0935516204,
        "operatingIncome": 65500000,
        "operatingIncomeRatio": 0.0729479898,
        "totalOtherIncomeExpensesNet": -600000,
        "incomeBeforeTax": 64900000,
        "incomeBeforeTaxRatio": 0.0722797639,
        "incomeTaxExpense": 2100000,
        "netIncome": 62500000,
        "netIncomeRatio": 0.0696068605,
        "eps": 1.08,
        "epsdiluted": 1.08,
        "weightedAverageShsOut": 57807103,
        "weightedAverageShsOutDil": 57900781,
        "link": "https://www.sec.gov/Archives/edgar/data/1047340/000144530512001289/0001445305-12-001289-index.htm",
        "finalLink": "https://www.sec.gov/Archives/edgar/data/1047340/000144530512001289/fdp-3302012x10q.htm"
    },
    {
        "date": "2011-12-31",
        "symbol": "FDP",
        "reportedCurrency": "USD",
        "cik": "0001047340",
        "fillingDate": "2012-02-28",
        "acceptedDate": "2012-02-28 16:27:02",
        "calendarYear": "2011",
        "period": "Q4",
        "revenue": 780800000,
        "costOfRevenue": 749900000,
        "grossProfit": 30900000,
        "grossProfitRatio": 0.0395747951,
        "researchAndDevelopmentExpenses": 0,
        "generalAndAdministrativeExpenses": 0,
        "sellingAndMarketingExpenses": 0,
        "sellingGeneralAndAdministrativeExpenses": 48800000,
        "otherExpenses": 0,
        "operatingExpenses": 48800000,
        "costAndExpenses": 798700000,
        "interestIncome": 300000,
        "interestExpense": 1000000,
        "depreciationAndAmortization": 18400000,
        "ebitda": -8100000,
        "ebitdaratio": -0.0103739754,
        "operatingIncome": -20900000,
        "operatingIncomeRatio": -0.026767418,
        "totalOtherIncomeExpensesNet": -6600000,
        "incomeBeforeTax": -27500000,
        "incomeBeforeTaxRatio": -0.0352202869,
        "incomeTaxExpense": -16600000,
        "netIncome": -10100000,
        "netIncomeRatio": -0.0129354508,
        "eps": -0.17,
        "epsdiluted": -0.17,
        "weightedAverageShsOut": 58893832,
        "weightedAverageShsOutDil": 59163282,
        "link": "https://www.sec.gov/Archives/edgar/data/1047340/000144530512000501/0001445305-12-000501-index.htm",
        "finalLink": "https://www.sec.gov/Archives/edgar/data/1047340/000144530512000501/fdp-123011x10k.htm"
    },
    {
        "date": "2011-09-30",
        "symbol": "FDP",
        "reportedCurrency": "USD",
        "cik": "0001047340",
        "fillingDate": "2011-11-01",
        "acceptedDate": "2011-11-01 14:57:55",
        "calendarYear": "2011",
        "period": "Q3",
        "revenue": 795200000,
        "costOfRevenue": 732300000,
        "grossProfit": 62900000,
        "grossProfitRatio": 0.0790995976,
        "researchAndDevelopmentExpenses": 0,
        "generalAndAdministrativeExpenses": 0,
        "sellingAndMarketingExpenses": 0,
        "sellingGeneralAndAdministrativeExpenses": 47100000,
        "otherExpenses": 0,
        "operatingExpenses": 47100000,
        "costAndExpenses": 779400000,
        "interestIncome": 400000,
        "interestExpense": 2100000,
        "depreciationAndAmortization": 18300000,
        "ebitda": 17000000,
        "ebitdaratio": 0.0213782696,
        "operatingIncome": 17000000,
        "operatingIncomeRatio": 0.0213782696,
        "totalOtherIncomeExpensesNet": -2100000,
        "incomeBeforeTax": 14900000,
        "incomeBeforeTaxRatio": 0.0187374245,
        "incomeTaxExpense": 2000000,
        "netIncome": 12200000,
        "netIncomeRatio": 0.0153420523,
        "eps": 0.21,
        "epsdiluted": 0.21,
        "weightedAverageShsOut": 59393954,
        "weightedAverageShsOutDil": 59510829,
        "link": "https://www.sec.gov/Archives/edgar/data/1047340/000115752311006217/0001157523-11-006217-index.htm",
        "finalLink": "https://www.sec.gov/Archives/edgar/data/1047340/000115752311006217/a50034249.htm"
    },
    {
        "date": "2011-07-01",
        "symbol": "FDP",
        "reportedCurrency": "USD",
        "cik": "0001047340",
        "fillingDate": "2011-08-03",
        "acceptedDate": "2011-08-03 11:20:10",
        "calendarYear": "2011",
        "period": "Q2",
        "revenue": 1039700000,
        "costOfRevenue": 936800000,
        "grossProfit": 102900000,
        "grossProfitRatio": 0.098970857,
        "researchAndDevelopmentExpenses": 0,
        "generalAndAdministrativeExpenses": 0,
        "sellingAndMarketingExpenses": 0,
        "sellingGeneralAndAdministrativeExpenses": 48400000,
        "otherExpenses": 0,
        "operatingExpenses": 47700000,
        "costAndExpenses": 984500000,
        "interestIncome": 200000,
        "interestExpense": 1500000,
        "depreciationAndAmortization": 17900000,
        "ebitda": 62600000,
        "ebitdaratio": 0.0602096759,
        "operatingIncome": 44900000,
        "operatingIncomeRatio": 0.0431855343,
        "totalOtherIncomeExpensesNet": -1700000,
        "incomeBeforeTax": 43200000,
        "incomeBeforeTaxRatio": 0.0415504472,
        "incomeTaxExpense": 6400000,
        "netIncome": 35200000,
        "netIncomeRatio": 0.03385592,
        "eps": 0.59,
        "epsdiluted": 0.59,
        "weightedAverageShsOut": 59562202,
        "weightedAverageShsOutDil": 59887929,
        "link": "https://www.sec.gov/Archives/edgar/data/1047340/000115752311004629/0001157523-11-004629-index.htm",
        "finalLink": "https://www.sec.gov/Archives/edgar/data/1047340/000115752311004629/a6804439.htm"
    },
    {
        "date": "2011-04-01",
        "symbol": "FDP",
        "reportedCurrency": "USD",
        "cik": "0001047340",
        "fillingDate": "2011-05-03",
        "acceptedDate": "2011-05-03 15:27:55",
        "calendarYear": "2011",
        "period": "Q1",
        "revenue": 974000000,
        "costOfRevenue": 851200000,
        "grossProfit": 122800000,
        "grossProfitRatio": 0.1260780287,
        "researchAndDevelopmentExpenses": 0,
        "generalAndAdministrativeExpenses": 0,
        "sellingAndMarketingExpenses": 0,
        "sellingGeneralAndAdministrativeExpenses": 46100000,
        "otherExpenses": 0,
        "operatingExpenses": 46000000,
        "costAndExpenses": 897200000,
        "interestIncome": 200000,
        "interestExpense": 2200000,
        "depreciationAndAmortization": 18900000,
        "ebitda": 91000000,
        "ebitdaratio": 0.0934291581,
        "operatingIncome": 74900000,
        "operatingIncomeRatio": 0.076899384,
        "totalOtherIncomeExpensesNet": -5000000,
        "incomeBeforeTax": 69900000,
        "incomeBeforeTaxRatio": 0.0717659138,
        "incomeTaxExpense": 13900000,
        "netIncome": 55200000,
        "netIncomeRatio": 0.0566735113,
        "eps": 0.94,
        "epsdiluted": 0.93,
        "weightedAverageShsOut": 58843527,
        "weightedAverageShsOutDil": 59270570,
        "link": "https://www.sec.gov/Archives/edgar/data/1047340/000115752311002642/0001157523-11-002642-index.htm",
        "finalLink": "https://www.sec.gov/Archives/edgar/data/1047340/000115752311002642/a6703764.htm"
    },
    {
        "date": "2010-12-31",
        "symbol": "FDP",
        "reportedCurrency": "USD",
        "cik": "0001047340",
        "fillingDate": "2011-03-01",
        "acceptedDate": "2011-03-01 15:09:36",
        "calendarYear": "2010",
        "period": "Q4",
        "revenue": 816700000,
        "costOfRevenue": 777100000,
        "grossProfit": 39600000,
        "grossProfitRatio": 0.0484878168,
        "researchAndDevelopmentExpenses": 0,
        "generalAndAdministrativeExpenses": 0,
        "sellingAndMarketingExpenses": 0,
        "sellingGeneralAndAdministrativeExpenses": 40900000,
        "otherExpenses": 0,
        "operatingExpenses": 39600000,
        "costAndExpenses": 816700000,
        "interestIncome": 200000,
        "interestExpense": 2200000,
        "depreciationAndAmortization": 19500000,
        "ebitda": 5600000,
        "ebitdaratio": 0.006856863,
        "operatingIncome": -13200000,
        "operatingIncomeRatio": -0.0161626056,
        "totalOtherIncomeExpensesNet": -2900000,
        "incomeBeforeTax": -16100000,
        "incomeBeforeTaxRatio": -0.0197134811,
        "incomeTaxExpense": -5400000,
        "netIncome": -9600000,
        "netIncomeRatio": -0.0117546223,
        "eps": -0.16,
        "epsdiluted": -0.16,
        "weightedAverageShsOut": 60535978,
        "weightedAverageShsOutDil": 60710939,
        "link": "https://www.sec.gov/Archives/edgar/data/1047340/000115752311001275/0001157523-11-001275-index.htm",
        "finalLink": "https://www.sec.gov/Archives/edgar/data/1047340/000115752311001275/a6627262.htm"
    },
    {
        "date": "2010-10-01",
        "symbol": "FDP",
        "reportedCurrency": "USD",
        "cik": "0001047340",
        "fillingDate": "2010-11-02",
        "acceptedDate": "2010-11-02 15:03:25",
        "calendarYear": "2010",
        "period": "Q3",
        "revenue": 793100000,
        "costOfRevenue": 741100000,
        "grossProfit": 52000000,
        "grossProfitRatio": 0.0655655025,
        "researchAndDevelopmentExpenses": 0,
        "generalAndAdministrativeExpenses": 0,
        "sellingAndMarketingExpenses": 0,
        "sellingGeneralAndAdministrativeExpenses": 40900000,
        "otherExpenses": 0,
        "operatingExpenses": 36400000,
        "costAndExpenses": 777500000,
        "interestIncome": 300000,
        "interestExpense": 2200000,
        "depreciationAndAmortization": 19500000,
        "ebitda": 38300000,
        "ebitdaratio": 0.0482915143,
        "operatingIncome": 15500000,
        "operatingIncomeRatio": 0.0195435632,
        "totalOtherIncomeExpensesNet": 1100000,
        "incomeBeforeTax": 16600000,
        "incomeBeforeTaxRatio": 0.0209305258,
        "incomeTaxExpense": 3200000,
        "netIncome": 14500000,
        "netIncomeRatio": 0.0182826882,
        "eps": 0.24,
        "epsdiluted": 0.24,
        "weightedAverageShsOut": 60735357,
        "weightedAverageShsOutDil": 60919626,
        "link": "https://www.sec.gov/Archives/edgar/data/1047340/000115752310006440/0001157523-10-006440-index.htm",
        "finalLink": "https://www.sec.gov/Archives/edgar/data/1047340/000115752310006440/a6490644.htm"
    },
    {
        "date": "2010-07-02",
        "symbol": "FDP",
        "reportedCurrency": "USD",
        "cik": "0001047340",
        "fillingDate": "2010-08-03",
        "acceptedDate": "2010-08-03 14:08:53",
        "calendarYear": "2010",
        "period": "Q2",
        "revenue": 1000000000,
        "costOfRevenue": 917000000,
        "grossProfit": 83000000,
        "grossProfitRatio": 0.083,
        "researchAndDevelopmentExpenses": 0,
        "generalAndAdministrativeExpenses": 0,
        "sellingAndMarketingExpenses": 0,
        "sellingGeneralAndAdministrativeExpenses": 43000000,
        "otherExpenses": 0,
        "operatingExpenses": 39900000,
        "costAndExpenses": 956900000,
        "interestIncome": 200000,
        "interestExpense": 3000000,
        "depreciationAndAmortization": 19800000,
        "ebitda": 39500000,
        "ebitdaratio": 0.0395,
        "operatingIncome": 20100000,
        "operatingIncomeRatio": 0.0201,
        "totalOtherIncomeExpensesNet": -3400000,
        "incomeBeforeTax": 16700000,
        "incomeBeforeTaxRatio": 0.0167,
        "incomeTaxExpense": -4500000,
        "netIncome": 21100000,
        "netIncomeRatio": 0.0211,
        "eps": 0.34,
        "epsdiluted": 0.34,
        "weightedAverageShsOut": 61880666,
        "weightedAverageShsOutDil": 62048263,
        "link": "https://www.sec.gov/Archives/edgar/data/1047340/000115752310004628/0001157523-10-004628-index.htm",
        "finalLink": "https://www.sec.gov/Archives/edgar/data/1047340/000115752310004628/a6380873.htm"
    },
    {
        "date": "2010-04-02",
        "symbol": "FDP",
        "reportedCurrency": "USD",
        "cik": "0001047340",
        "fillingDate": "2010-05-04",
        "acceptedDate": "2010-05-04 12:44:52",
        "calendarYear": "2010",
        "period": "Q1",
        "revenue": 943100000,
        "costOfRevenue": 845300000,
        "grossProfit": 97800000,
        "grossProfitRatio": 0.103700562,
        "researchAndDevelopmentExpenses": 0,
        "generalAndAdministrativeExpenses": 0,
        "sellingAndMarketingExpenses": 0,
        "sellingGeneralAndAdministrativeExpenses": 42000000,
        "otherExpenses": 0,
        "operatingExpenses": 42000000,
        "costAndExpenses": 887300000,
        "interestIncome": 200000,
        "interestExpense": 3400000,
        "depreciationAndAmortization": 19900000,
        "ebitda": 66200000,
        "ebitdaratio": 0.0701940409,
        "operatingIncome": 55100000,
        "operatingIncomeRatio": 0.0584243452,
        "totalOtherIncomeExpensesNet": -12200000,
        "incomeBeforeTax": 42900000,
        "incomeBeforeTaxRatio": 0.0454882833,
        "incomeTaxExpense": 6000000,
        "netIncome": 36200000,
        "netIncomeRatio": 0.0383840526,
        "eps": 0.57,
        "epsdiluted": 0.57,
        "weightedAverageShsOut": 63574186,
        "weightedAverageShsOutDil": 63719065,
        "link": "https://www.sec.gov/Archives/edgar/data/1047340/000115752310002715/0001157523-10-002715-index.htm",
        "finalLink": "https://www.sec.gov/Archives/edgar/data/1047340/000115752310002715/a6273168.htm"
    },
    {
        "date": "2009-12-31",
        "symbol": "FDP",
        "reportedCurrency": "USD",
        "cik": "0001047340",
        "fillingDate": "2010-03-02",
        "acceptedDate": "2010-03-02 17:13:15",
        "calendarYear": "2009",
        "period": "Q4",
        "revenue": 872100000,
        "costOfRevenue": 805100000,
        "grossProfit": 67000000,
        "grossProfitRatio": 0.0768260521,
        "researchAndDevelopmentExpenses": 0,
        "generalAndAdministrativeExpenses": 0,
        "sellingAndMarketingExpenses": 0,
        "sellingGeneralAndAdministrativeExpenses": 43200000,
        "otherExpenses": 0,
        "operatingExpenses": 43200000,
        "costAndExpenses": 848300000,
        "interestIncome": 200000,
        "interestExpense": 3000000,
        "depreciationAndAmortization": 20500000,
        "ebitda": 51500000,
        "ebitdaratio": 0.0590528609,
        "operatingIncome": 38500000,
        "operatingIncomeRatio": 0.0441463135,
        "totalOtherIncomeExpensesNet": -10500000,
        "incomeBeforeTax": 28000000,
        "incomeBeforeTaxRatio": 0.0321064098,
        "incomeTaxExpense": 1000000,
        "netIncome": 28200000,
        "netIncomeRatio": 0.0323357413,
        "eps": 0.44,
        "epsdiluted": 0.44,
        "weightedAverageShsOut": 63570999,
        "weightedAverageShsOutDil": 63668352,
        "link": "https://www.sec.gov/Archives/edgar/data/1047340/000115752310001356/0001157523-10-001356-index.htm",
        "finalLink": "https://www.sec.gov/Archives/edgar/data/1047340/000115752310001356/a6196315.htm"
    },
    {
        "date": "2009-09-25",
        "symbol": "FDP",
        "reportedCurrency": "USD",
        "cik": "0001047340",
        "fillingDate": "2009-10-27",
        "acceptedDate": "2009-10-27 15:05:50",
        "calendarYear": "2009",
        "period": "Q3",
        "revenue": 766200000,
        "costOfRevenue": 697200000,
        "grossProfit": 69000000,
        "grossProfitRatio": 0.090054816,
        "researchAndDevelopmentExpenses": 0,
        "generalAndAdministrativeExpenses": 0,
        "sellingAndMarketingExpenses": 0,
        "sellingGeneralAndAdministrativeExpenses": 43300000,
        "otherExpenses": 0,
        "operatingExpenses": 43300000,
        "costAndExpenses": 740500000,
        "interestIncome": 100000,
        "interestExpense": 2800000,
        "depreciationAndAmortization": 21100000,
        "ebitda": 32300000,
        "ebitdaratio": 0.042156095,
        "operatingIncome": 15700000,
        "operatingIncomeRatio": 0.0204907335,
        "totalOtherIncomeExpensesNet": 700000,
        "incomeBeforeTax": 16400000,
        "incomeBeforeTaxRatio": 0.0214043331,
        "incomeTaxExpense": -12800000,
        "netIncome": 28600000,
        "netIncomeRatio": 0.0373270687,
        "eps": 0.45,
        "epsdiluted": 0.45,
        "weightedAverageShsOut": 63568042,
        "weightedAverageShsOutDil": 63682513,
        "link": "https://www.sec.gov/Archives/edgar/data/1047340/000119312509214758/0001193125-09-214758-index.htm",
        "finalLink": "https://www.sec.gov/Archives/edgar/data/1047340/000119312509214758/d10q.htm"
    },
    {
        "date": "2009-06-26",
        "symbol": "FDP",
        "reportedCurrency": "USD",
        "cik": "0001047340",
        "fillingDate": "2009-07-28",
        "acceptedDate": "2009-07-28 15:28:13",
        "calendarYear": "2009",
        "period": "Q2",
        "revenue": 978400000,
        "costOfRevenue": 870300000,
        "grossProfit": 108100000,
        "grossProfitRatio": 0.1104865086,
        "researchAndDevelopmentExpenses": 0,
        "generalAndAdministrativeExpenses": 0,
        "sellingAndMarketingExpenses": 0,
        "sellingGeneralAndAdministrativeExpenses": 42400000,
        "otherExpenses": 0,
        "operatingExpenses": 42400000,
        "costAndExpenses": 912700000,
        "interestIncome": 300000,
        "interestExpense": 3500000,
        "depreciationAndAmortization": 21000000,
        "ebitda": 61800000,
        "ebitdaratio": 0.06316435,
        "operatingIncome": 47500000,
        "operatingIncomeRatio": 0.0485486509,
        "totalOtherIncomeExpensesNet": 0,
        "incomeBeforeTax": 49300000,
        "incomeBeforeTaxRatio": 0.0503883892,
        "incomeTaxExpense": -3600000,
        "netIncome": 52200000,
        "netIncomeRatio": 0.0533524121,
        "eps": 0.82,
        "epsdiluted": 0.82,
        "weightedAverageShsOut": 63553211,
        "weightedAverageShsOutDil": 63559309,
        "link": "https://www.sec.gov/Archives/edgar/data/1047340/000119312509156861/0001193125-09-156861-index.htm",
        "finalLink": "https://www.sec.gov/Archives/edgar/data/1047340/000119312509156861/d10q.htm"
    },
    {
        "date": "2009-03-27",
        "symbol": "FDP",
        "reportedCurrency": "USD",
        "cik": "0001047340",
        "fillingDate": "2009-04-28",
        "acceptedDate": "2009-04-28 14:40:26",
        "calendarYear": "2009",
        "period": "Q1",
        "revenue": 879700000,
        "costOfRevenue": 795900000,
        "grossProfit": 83800000,
        "grossProfitRatio": 0.0952597476,
        "researchAndDevelopmentExpenses": 0,
        "generalAndAdministrativeExpenses": 0,
        "sellingAndMarketingExpenses": 0,
        "sellingGeneralAndAdministrativeExpenses": 36900000,
        "otherExpenses": 0,
        "operatingExpenses": 36900000,
        "costAndExpenses": 832800000,
        "interestIncome": 100000,
        "interestExpense": 2600000,
        "depreciationAndAmortization": 21100000,
        "ebitda": 61400000,
        "ebitdaratio": 0.0697965215,
        "operatingIncome": 46500000,
        "operatingIncomeRatio": 0.0528589292,
        "totalOtherIncomeExpensesNet": -8400000,
        "incomeBeforeTax": 38100000,
        "incomeBeforeTaxRatio": 0.0433102194,
        "incomeTaxExpense": 2600000,
        "netIncome": 34300000,
        "netIncomeRatio": 0.038990565,
        "eps": 0.55,
        "epsdiluted": 0.55,
        "weightedAverageShsOut": 63553211,
        "weightedAverageShsOutDil": 63647740,
        "link": "https://www.sec.gov/Archives/edgar/data/1047340/000119312509089894/0001193125-09-089894-index.htm",
        "finalLink": "https://www.sec.gov/Archives/edgar/data/1047340/000119312509089894/d10q.htm"
    },
    {
        "date": "2008-12-31",
        "symbol": "FDP",
        "reportedCurrency": "USD",
        "cik": "0001047340",
        "fillingDate": "2009-02-25",
        "acceptedDate": "2009-02-25 14:58:59",
        "calendarYear": "2008",
        "period": "Q4",
        "revenue": 831000000,
        "costOfRevenue": 762500000,
        "grossProfit": 68500000,
        "grossProfitRatio": 0.0824308063,
        "researchAndDevelopmentExpenses": 0,
        "generalAndAdministrativeExpenses": 0,
        "sellingAndMarketingExpenses": 0,
        "sellingGeneralAndAdministrativeExpenses": 39000000,
        "otherExpenses": -16200000,
        "operatingExpenses": 23000000,
        "costAndExpenses": 785500000,
        "interestIncome": 0,
        "interestExpense": 13100000,
        "depreciationAndAmortization": 21700000,
        "ebitda": 62700000,
        "ebitdaratio": 0.0754512635,
        "operatingIncome": 27100000,
        "operatingIncomeRatio": 0.0326113117,
        "totalOtherIncomeExpensesNet": -4400000,
        "incomeBeforeTax": 22700000,
        "incomeBeforeTaxRatio": 0.0273164862,
        "incomeTaxExpense": -200000,
        "netIncome": 22900000,
        "netIncomeRatio": 0.02755716,
        "eps": 0.36,
        "epsdiluted": 0.36,
        "weightedAverageShsOut": 63344941,
        "weightedAverageShsOutDil": 63607786,
        "link": "https://www.sec.gov/Archives/edgar/data/1047340/000119312509037306/0001193125-09-037306-index.htm",
        "finalLink": "https://www.sec.gov/Archives/edgar/data/1047340/000119312509037306/d10ka.htm"
    },
    {
        "date": "2008-09-26",
        "symbol": "FDP",
        "reportedCurrency": "USD",
        "cik": "0001047340",
        "fillingDate": "2008-10-28",
        "acceptedDate": "2008-10-28 17:01:42",
        "calendarYear": "2008",
        "period": "Q3",
        "revenue": 832900000,
        "costOfRevenue": 753900000,
        "grossProfit": 79000000,
        "grossProfitRatio": 0.0948493216,
        "researchAndDevelopmentExpenses": 0,
        "generalAndAdministrativeExpenses": 0,
        "sellingAndMarketingExpenses": 0,
        "sellingGeneralAndAdministrativeExpenses": 41300000,
        "otherExpenses": 0,
        "operatingExpenses": 41100000,
        "costAndExpenses": 795000000,
        "interestIncome": 500000,
        "interestExpense": 4100000,
        "depreciationAndAmortization": 21800000,
        "ebitda": 37900000,
        "ebitdaratio": 0.0455036619,
        "operatingIncome": 37900000,
        "operatingIncomeRatio": 0.0455036619,
        "totalOtherIncomeExpensesNet": -6000000,
        "incomeBeforeTax": 31900000,
        "incomeBeforeTaxRatio": 0.038299916,
        "incomeTaxExpense": 2600000,
        "netIncome": 29300000,
        "netIncomeRatio": 0.0351782927,
        "eps": 0.46,
        "epsdiluted": 0.46,
        "weightedAverageShsOut": 63553299,
        "weightedAverageShsOutDil": 63695040,
        "link": "https://www.sec.gov/Archives/edgar/data/1047340/000119312508218022/0001193125-08-218022-index.htm",
        "finalLink": "https://www.sec.gov/Archives/edgar/data/1047340/000119312508218022/d10q.htm"
    },
    {
        "date": "2008-06-27",
        "symbol": "FDP",
        "reportedCurrency": "USD",
        "cik": "0001047340",
        "fillingDate": "2008-07-30",
        "acceptedDate": "2008-07-30 13:21:05",
        "calendarYear": "2008",
        "period": "Q2",
        "revenue": 972200000,
        "costOfRevenue": 872600000,
        "grossProfit": 99600000,
        "grossProfitRatio": 0.102448056,
        "researchAndDevelopmentExpenses": 0,
        "generalAndAdministrativeExpenses": 0,
        "sellingAndMarketingExpenses": 0,
        "sellingGeneralAndAdministrativeExpenses": 42800000,
        "otherExpenses": 11600000,
        "operatingExpenses": 54400000,
        "costAndExpenses": 927000000,
        "interestIncome": 500000,
        "interestExpense": 2500000,
        "depreciationAndAmortization": 21200000,
        "ebitda": 68700000,
        "ebitdaratio": 0.0706644723,
        "operatingIncome": 45200000,
        "operatingIncomeRatio": 0.0464924913,
        "totalOtherIncomeExpensesNet": 400000,
        "incomeBeforeTax": 45600000,
        "incomeBeforeTaxRatio": 0.0469039292,
        "incomeTaxExpense": 3700000,
        "netIncome": 41900000,
        "netIncomeRatio": 0.043098128,
        "eps": 0.66,
        "epsdiluted": 0.66,
        "weightedAverageShsOut": 63455713,
        "weightedAverageShsOutDil": 63804052,
        "link": "https://www.sec.gov/Archives/edgar/data/1047340/000119312508161128/0001193125-08-161128-index.htm",
        "finalLink": "https://www.sec.gov/Archives/edgar/data/1047340/000119312508161128/d10q.htm"
    },
    {
        "date": "2008-03-28",
        "symbol": "FDP",
        "reportedCurrency": "USD",
        "cik": "0001047340",
        "fillingDate": "2008-04-30",
        "acceptedDate": "2008-04-30 15:10:10",
        "calendarYear": "2008",
        "period": "Q1",
        "revenue": 894900000,
        "costOfRevenue": 798000000,
        "grossProfit": 96900000,
        "grossProfitRatio": 0.1082802548,
        "researchAndDevelopmentExpenses": 0,
        "generalAndAdministrativeExpenses": 0,
        "sellingAndMarketingExpenses": 0,
        "sellingGeneralAndAdministrativeExpenses": 39400000,
        "otherExpenses": 4600000,
        "operatingExpenses": 44000000,
        "costAndExpenses": 842000000,
        "interestIncome": 0,
        "interestExpense": 0,
        "depreciationAndAmortization": 20600000,
        "ebitda": 73500000,
        "ebitdaratio": 0.0821320818,
        "operatingIncome": 52900000,
        "operatingIncomeRatio": 0.05911275,
        "totalOtherIncomeExpensesNet": 9400000,
        "incomeBeforeTax": 62300000,
        "incomeBeforeTaxRatio": 0.069616717,
        "incomeTaxExpense": -1300000,
        "netIncome": 63600000,
        "netIncomeRatio": 0.0710693932,
        "eps": 1.01,
        "epsdiluted": 1,
        "weightedAverageShsOut": 62859064,
        "weightedAverageShsOutDil": 63358190,
        "link": "https://www.sec.gov/Archives/edgar/data/1047340/000119312508097087/0001193125-08-097087-index.htm",
        "finalLink": "https://www.sec.gov/Archives/edgar/data/1047340/000119312508097087/d10q.htm"
    },
    {
        "date": "2007-12-31",
        "symbol": "FDP",
        "reportedCurrency": "USD",
        "cik": "0001047340",
        "fillingDate": "2008-02-27",
        "acceptedDate": "2008-02-27 17:03:42",
        "calendarYear": "2007",
        "period": "Q4",
        "revenue": 848200000,
        "costOfRevenue": 769800000,
        "grossProfit": 78400000,
        "grossProfitRatio": 0.0924310304,
        "researchAndDevelopmentExpenses": 0,
        "generalAndAdministrativeExpenses": 0,
        "sellingAndMarketingExpenses": 0,
        "sellingGeneralAndAdministrativeExpenses": 45500000,
        "otherExpenses": 10300000,
        "operatingExpenses": 55800000,
        "costAndExpenses": 825600000,
        "interestIncome": 0,
        "interestExpense": 25900000,
        "depreciationAndAmortization": 21800000,
        "ebitda": 44400000,
        "ebitdaratio": 0.0523461448,
        "operatingIncome": 22600000,
        "operatingIncomeRatio": 0.0266446593,
        "totalOtherIncomeExpensesNet": 16200000,
        "incomeBeforeTax": 38800000,
        "incomeBeforeTaxRatio": 0.0457439283,
        "incomeTaxExpense": 4400000,
        "netIncome": 34400000,
        "netIncomeRatio": 0.0405564725,
        "eps": 0.59,
        "epsdiluted": 0.59,
        "weightedAverageShsOut": 58490281,
        "weightedAverageShsOutDil": 58772718,
        "link": "https://www.sec.gov/Archives/edgar/data/1047340/000119312508040199/0001193125-08-040199-index.htm",
        "finalLink": "https://www.sec.gov/Archives/edgar/data/1047340/000119312508040199/d20f.htm"
    },
    {
        "date": "2007-09-30",
        "symbol": "FDP",
        "reportedCurrency": "USD",
        "cik": "0001047340",
        "fillingDate": "2007-10-31",
        "acceptedDate": "2007-10-31 09:00:58",
        "calendarYear": "2007",
        "period": "Q3",
        "revenue": 757100000,
        "costOfRevenue": 689300000,
        "grossProfit": 67800000,
        "grossProfitRatio": 0.0895522388,
        "researchAndDevelopmentExpenses": 0,
        "generalAndAdministrativeExpenses": 0,
        "sellingAndMarketingExpenses": 0,
        "sellingGeneralAndAdministrativeExpenses": 41700000,
        "otherExpenses": 200000,
        "operatingExpenses": 41900000,
        "costAndExpenses": 731200000,
        "interestIncome": 0,
        "interestExpense": 0,
        "depreciationAndAmortization": 20400000,
        "ebitda": 25900000,
        "ebitdaratio": 0.0342094836,
        "operatingIncome": 25900000,
        "operatingIncomeRatio": 0.0342094836,
        "totalOtherIncomeExpensesNet": 1700000,
        "incomeBeforeTax": 27600000,
        "incomeBeforeTaxRatio": 0.0364548937,
        "incomeTaxExpense": -2300000,
        "netIncome": 29900000,
        "netIncomeRatio": 0.0394928015,
        "eps": 0.52,
        "epsdiluted": 0.51,
        "weightedAverageShsOut": 57995596,
        "weightedAverageShsOutDil": 58384312,
        "link": "https://www.sec.gov/Archives/edgar/data/1047340/000119312507230517/0001193125-07-230517-index.htm",
        "finalLink": "https://www.sec.gov/Archives/edgar/data/1047340/000119312507230517/0001193125-07-230517.txt"
    },
    {
        "date": "2007-06-30",
        "symbol": "FDP",
        "reportedCurrency": "USD",
        "cik": "0001047340",
        "fillingDate": "2007-07-31",
        "acceptedDate": "2007-07-31 12:21:58",
        "calendarYear": "2007",
        "period": "Q2",
        "revenue": 924200000,
        "costOfRevenue": 804600000,
        "grossProfit": 119600000,
        "grossProfitRatio": 0.1294092188,
        "researchAndDevelopmentExpenses": 0,
        "generalAndAdministrativeExpenses": 0,
        "sellingAndMarketingExpenses": 0,
        "sellingGeneralAndAdministrativeExpenses": 47400000,
        "otherExpenses": 4900000,
        "operatingExpenses": 52300000,
        "costAndExpenses": 856900000,
        "interestIncome": 0,
        "interestExpense": 0,
        "depreciationAndAmortization": 19400000,
        "ebitda": 67300000,
        "ebitdaratio": 0.072819736,
        "operatingIncome": 67300000,
        "operatingIncomeRatio": 0.072819736,
        "totalOtherIncomeExpensesNet": -7200000,
        "incomeBeforeTax": 60100000,
        "incomeBeforeTaxRatio": 0.0650292145,
        "incomeTaxExpense": -3800000,
        "netIncome": 63900000,
        "netIncomeRatio": 0.0691408786,
        "eps": 1.11,
        "epsdiluted": 1.1,
        "weightedAverageShsOut": 57769054,
        "weightedAverageShsOutDil": 57769054,
        "link": "https://www.sec.gov/Archives/edgar/data/1047340/000119312507166313/0001193125-07-166313-index.htm",
        "finalLink": "https://www.sec.gov/Archives/edgar/data/1047340/000119312507166313/0001193125-07-166313.txt"
    },
    {
        "date": "2007-03-31",
        "symbol": "FDP",
        "reportedCurrency": "USD",
        "cik": "0001047340",
        "fillingDate": "2007-05-04",
        "acceptedDate": "2007-05-04 14:17:41",
        "calendarYear": "2007",
        "period": "Q1",
        "revenue": 836000000,
        "costOfRevenue": 736900000,
        "grossProfit": 99100000,
        "grossProfitRatio": 0.1185406699,
        "researchAndDevelopmentExpenses": 0,
        "generalAndAdministrativeExpenses": 0,
        "sellingAndMarketingExpenses": 0,
        "sellingGeneralAndAdministrativeExpenses": 42200000,
        "otherExpenses": 0,
        "operatingExpenses": 39300000,
        "costAndExpenses": 776200000,
        "interestIncome": 0,
        "interestExpense": 0,
        "depreciationAndAmortization": 19300000,
        "ebitda": 59800000,
        "ebitdaratio": 0.0715311005,
        "operatingIncome": 59800000,
        "operatingIncomeRatio": 0.0715311005,
        "totalOtherIncomeExpensesNet": -5100000,
        "incomeBeforeTax": 54700000,
        "incomeBeforeTaxRatio": 0.065430622,
        "incomeTaxExpense": 3100000,
        "netIncome": 51600000,
        "netIncomeRatio": 0.061722488,
        "eps": 0.89,
        "epsdiluted": 0.89,
        "weightedAverageShsOut": 57699889,
        "weightedAverageShsOutDil": 57746578,
        "link": "https://www.sec.gov/Archives/edgar/data/1047340/000119312507102623/0001193125-07-102623-index.htm",
        "finalLink": "https://www.sec.gov/Archives/edgar/data/1047340/000119312507102623/0001193125-07-102623.txt"
    },
    {
        "date": "2006-12-31",
        "symbol": "FDP",
        "reportedCurrency": "USD",
        "cik": "0001047340",
        "fillingDate": "2007-03-15",
        "acceptedDate": "2007-03-15 06:22:36",
        "calendarYear": "2006",
        "period": "Q4",
        "revenue": 737600000,
        "costOfRevenue": 680200000,
        "grossProfit": 57400000,
        "grossProfitRatio": 0.0778199566,
        "researchAndDevelopmentExpenses": 0,
        "generalAndAdministrativeExpenses": 0,
        "sellingAndMarketingExpenses": 0,
        "sellingGeneralAndAdministrativeExpenses": 49000000,
        "otherExpenses": 54800000,
        "operatingExpenses": 103800000,
        "costAndExpenses": 784000000,
        "interestIncome": 0,
        "interestExpense": 25600000,
        "depreciationAndAmortization": 20100000,
        "ebitda": -26300000,
        "ebitdaratio": -0.0356561822,
        "operatingIncome": -46400000,
        "operatingIncomeRatio": -0.0629067245,
        "totalOtherIncomeExpensesNet": -15000000,
        "incomeBeforeTax": -61400000,
        "incomeBeforeTaxRatio": -0.0832429501,
        "incomeTaxExpense": -1500000,
        "netIncome": -59900000,
        "netIncomeRatio": -0.0812093275,
        "eps": -1.04,
        "epsdiluted": -1.04,
        "weightedAverageShsOut": 57697832,
        "weightedAverageShsOutDil": 57819416,
        "link": "https://www.sec.gov/Archives/edgar/data/1047340/000119312507054996/0001193125-07-054996-index.htm",
        "finalLink": "https://www.sec.gov/Archives/edgar/data/1047340/000119312507054996/d20f.htm"
    },
    {
        "date": "2006-09-30",
        "symbol": "FDP",
        "reportedCurrency": "USD",
        "cik": "0001047340",
        "fillingDate": "2006-11-02",
        "acceptedDate": "2006-11-02 14:13:53",
        "calendarYear": "2006",
        "period": "Q3",
        "revenue": 729600000,
        "costOfRevenue": 738400000,
        "grossProfit": -8800000,
        "grossProfitRatio": -0.0120614035,
        "researchAndDevelopmentExpenses": 0,
        "generalAndAdministrativeExpenses": 0,
        "sellingAndMarketingExpenses": 0,
        "sellingGeneralAndAdministrativeExpenses": 56700000,
        "otherExpenses": 18400000,
        "operatingExpenses": 75100000,
        "costAndExpenses": 813500000,
        "interestIncome": 0,
        "interestExpense": 6700000,
        "depreciationAndAmortization": 20400000,
        "ebitda": -63500000,
        "ebitdaratio": -0.0870339912,
        "operatingIncome": -83900000,
        "operatingIncomeRatio": -0.1149945175,
        "totalOtherIncomeExpensesNet": -2700000,
        "incomeBeforeTax": -86600000,
        "incomeBeforeTaxRatio": -0.1186951754,
        "incomeTaxExpense": -3000000,
        "netIncome": -83600000,
        "netIncomeRatio": -0.1145833333,
        "eps": -1.45,
        "epsdiluted": -1.45,
        "weightedAverageShsOut": 57697834,
        "weightedAverageShsOutDil": 57697834,
        "link": "https://www.sec.gov/Archives/edgar/data/1047340/000119312506221895/0001193125-06-221895-index.htm",
        "finalLink": "https://www.sec.gov/Archives/edgar/data/1047340/000119312506221895/0001193125-06-221895.txt"
    },
    {
        "date": "2006-06-30",
        "symbol": "FDP",
        "reportedCurrency": "USD",
        "cik": "0001047340",
        "fillingDate": "2006-06-30",
        "acceptedDate": "2006-06-30 00:00:00",
        "calendarYear": "2006",
        "period": "Q2",
        "revenue": 907100000,
        "costOfRevenue": 835800000,
        "grossProfit": 71300000,
        "grossProfitRatio": 0.0786021387,
        "researchAndDevelopmentExpenses": 0,
        "generalAndAdministrativeExpenses": 0,
        "sellingAndMarketingExpenses": 0,
        "sellingGeneralAndAdministrativeExpenses": 51300000,
        "otherExpenses": 33200000,
        "operatingExpenses": 84500000,
        "costAndExpenses": 920300000,
        "interestIncome": 0,
        "interestExpense": 0,
        "depreciationAndAmortization": 22100000,
        "ebitda": 9700000,
        "ebitdaratio": 0.0106934186,
        "operatingIncome": -13200000,
        "operatingIncomeRatio": -0.0145518686,
        "totalOtherIncomeExpensesNet": -1900000,
        "incomeBeforeTax": -15100000,
        "incomeBeforeTaxRatio": -0.0166464557,
        "incomeTaxExpense": 2700000,
        "netIncome": -17800000,
        "netIncomeRatio": -0.0196229743,
        "eps": -0.31,
        "epsdiluted": -0.31,
        "weightedAverageShsOut": 57862389,
        "weightedAverageShsOutDil": 57862389,
        "link": null,
        "finalLink": null
    },
    {
        "date": "2006-03-31",
        "symbol": "FDP",
        "reportedCurrency": "USD",
        "cik": "0001047340",
        "fillingDate": "2006-05-05",
        "acceptedDate": "2006-05-05 17:19:33",
        "calendarYear": "2006",
        "period": "Q1",
        "revenue": 840000000,
        "costOfRevenue": 772300000,
        "grossProfit": 67700000,
        "grossProfitRatio": 0.0805952381,
        "researchAndDevelopmentExpenses": 0,
        "generalAndAdministrativeExpenses": 0,
        "sellingAndMarketingExpenses": 0,
        "sellingGeneralAndAdministrativeExpenses": 44600000,
        "otherExpenses": 0,
        "operatingExpenses": 44600000,
        "costAndExpenses": 816900000,
        "interestIncome": 0,
        "interestExpense": 0,
        "depreciationAndAmortization": 21200000,
        "ebitda": 44600000,
        "ebitdaratio": 0.0530952381,
        "operatingIncome": 23100000,
        "operatingIncomeRatio": 0.0275,
        "totalOtherIncomeExpensesNet": -5900000,
        "incomeBeforeTax": 17500000,
        "incomeBeforeTaxRatio": 0.0208333333,
        "incomeTaxExpense": 1300000,
        "netIncome": 16500000,
        "netIncomeRatio": 0.0196428571,
        "eps": 0.28,
        "epsdiluted": 0.28,
        "weightedAverageShsOut": 58019609,
        "weightedAverageShsOutDil": 58069764,
        "link": "https://www.sec.gov/Archives/edgar/data/1047340/000095014406004508/0000950144-06-004508-index.htm",
        "finalLink": "https://www.sec.gov/Archives/edgar/data/1047340/000095014406004508/0000950144-06-004508.txt"
    },
    {
        "date": "2005-12-31",
        "symbol": "FDP",
        "reportedCurrency": "USD",
        "cik": "0001047340",
        "fillingDate": "2006-03-06",
        "acceptedDate": "2006-03-06 17:03:07",
        "calendarYear": "2005",
        "period": "Q4",
        "revenue": 757900000,
        "costOfRevenue": 717400000,
        "grossProfit": 40500000,
        "grossProfitRatio": 0.0534371289,
        "researchAndDevelopmentExpenses": 0,
        "generalAndAdministrativeExpenses": 0,
        "sellingAndMarketingExpenses": 0,
        "sellingGeneralAndAdministrativeExpenses": 47200000,
        "otherExpenses": 1000000,
        "operatingExpenses": 48200000,
        "costAndExpenses": 765600000,
        "interestIncome": 0,
        "interestExpense": 16100000,
        "depreciationAndAmortization": 22400000,
        "ebitda": 14700000,
        "ebitdaratio": 0.0193956986,
        "operatingIncome": -7700000,
        "operatingIncomeRatio": -0.0101596517,
        "totalOtherIncomeExpensesNet": -5600000,
        "incomeBeforeTax": -13300000,
        "incomeBeforeTaxRatio": -0.0175484892,
        "incomeTaxExpense": -9800000,
        "netIncome": -3500000,
        "netIncomeRatio": -0.0046180235,
        "eps": -0.0604,
        "epsdiluted": -0.0603,
        "weightedAverageShsOut": 57926466,
        "weightedAverageShsOutDil": 58077282,
        "link": "https://www.sec.gov/Archives/edgar/data/1047340/000095014406001839/0000950144-06-001839-index.htm",
        "finalLink": "https://www.sec.gov/Archives/edgar/data/1047340/000095014406001839/g99840e20vf.htm"
    },
    {
        "date": "2005-09-30",
        "symbol": "FDP",
        "reportedCurrency": "USD",
        "cik": "0001047340",
        "fillingDate": "2005-09-30",
        "acceptedDate": "2005-09-30 00:00:00",
        "calendarYear": "2005",
        "period": "Q3",
        "revenue": 740500000,
        "costOfRevenue": 690000000,
        "grossProfit": 50500000,
        "grossProfitRatio": 0.0681971641,
        "researchAndDevelopmentExpenses": 0,
        "generalAndAdministrativeExpenses": 0,
        "sellingAndMarketingExpenses": 0,
        "sellingGeneralAndAdministrativeExpenses": 46500000,
        "otherExpenses": 0,
        "operatingExpenses": 46500000,
        "costAndExpenses": 736500000,
        "interestIncome": 0,
        "interestExpense": 0,
        "depreciationAndAmortization": 22100000,
        "ebitda": 26100000,
        "ebitdaratio": 0.0352464551,
        "operatingIncome": 4000000,
        "operatingIncomeRatio": 0.0054017556,
        "totalOtherIncomeExpensesNet": -2600000,
        "incomeBeforeTax": 1400000,
        "incomeBeforeTaxRatio": 0.0018906144,
        "incomeTaxExpense": -4300000,
        "netIncome": 5700000,
        "netIncomeRatio": 0.0076975017,
        "eps": 0.1,
        "epsdiluted": 0.1,
        "weightedAverageShsOut": 58003667,
        "weightedAverageShsOutDil": 58106339,
        "link": null,
        "finalLink": null
    },
    {
        "date": "2005-06-30",
        "symbol": "FDP",
        "reportedCurrency": "USD",
        "cik": "0001047340",
        "fillingDate": "2005-06-30",
        "acceptedDate": "2005-06-30 00:00:00",
        "calendarYear": "2005",
        "period": "Q2",
        "revenue": 922800000,
        "costOfRevenue": 819300000,
        "grossProfit": 103500000,
        "grossProfitRatio": 0.1121586476,
        "researchAndDevelopmentExpenses": 0,
        "generalAndAdministrativeExpenses": 0,
        "sellingAndMarketingExpenses": 0,
        "sellingGeneralAndAdministrativeExpenses": 52400000,
        "otherExpenses": 0,
        "operatingExpenses": 52400000,
        "costAndExpenses": 871700000,
        "interestIncome": 0,
        "interestExpense": 0,
        "depreciationAndAmortization": 22000000,
        "ebitda": 73100000,
        "ebitdaratio": 0.0792154313,
        "operatingIncome": 51100000,
        "operatingIncomeRatio": 0.0553749458,
        "totalOtherIncomeExpensesNet": -2300000,
        "incomeBeforeTax": 48800000,
        "incomeBeforeTaxRatio": 0.0528825314,
        "incomeTaxExpense": 2300000,
        "netIncome": 46500000,
        "netIncomeRatio": 0.050390117,
        "eps": 0.8,
        "epsdiluted": 0.8,
        "weightedAverageShsOut": 57940337,
        "weightedAverageShsOutDil": 58090765,
        "link": null,
        "finalLink": null
    },
    {
        "date": "2005-03-31",
        "symbol": "FDP",
        "reportedCurrency": "USD",
        "cik": "0001047340",
        "fillingDate": "2005-04-29",
        "acceptedDate": "2005-04-29 16:47:34",
        "calendarYear": "2005",
        "period": "Q1",
        "revenue": 838500000,
        "costOfRevenue": 721500000,
        "grossProfit": 117000000,
        "grossProfitRatio": 0.1395348837,
        "researchAndDevelopmentExpenses": 0,
        "generalAndAdministrativeExpenses": 0,
        "sellingAndMarketingExpenses": 0,
        "sellingGeneralAndAdministrativeExpenses": 44800000,
        "otherExpenses": 2100000,
        "operatingExpenses": 46900000,
        "costAndExpenses": 768400000,
        "interestIncome": 0,
        "interestExpense": 0,
        "depreciationAndAmortization": 22500000,
        "ebitda": 70100000,
        "ebitdaratio": 0.0836016696,
        "operatingIncome": 70100000,
        "operatingIncomeRatio": 0.0836016696,
        "totalOtherIncomeExpensesNet": -8700000,
        "incomeBeforeTax": 61400000,
        "incomeBeforeTaxRatio": 0.0732259988,
        "incomeTaxExpense": 3500000,
        "netIncome": 57900000,
        "netIncomeRatio": 0.0690518784,
        "eps": 1,
        "epsdiluted": 1,
        "weightedAverageShsOut": 57751716,
        "weightedAverageShsOutDil": 58012640,
        "link": "https://www.sec.gov/Archives/edgar/data/1047340/000095014405004641/0000950144-05-004641-index.htm",
        "finalLink": "https://www.sec.gov/Archives/edgar/data/1047340/000095014405004641/0000950144-05-004641.txt"
    },
    {
        "date": "2004-12-31",
        "symbol": "FDP",
        "reportedCurrency": "USD",
        "cik": "0001047340",
        "fillingDate": "2005-03-08",
        "acceptedDate": "2005-03-08 17:26:44",
        "calendarYear": "2004",
        "period": "Q4",
        "revenue": 818200000,
        "costOfRevenue": 750600000,
        "grossProfit": 67600000,
        "grossProfitRatio": 0.0826203862,
        "researchAndDevelopmentExpenses": 0,
        "generalAndAdministrativeExpenses": 0,
        "sellingAndMarketingExpenses": 0,
        "sellingGeneralAndAdministrativeExpenses": 52800000,
        "otherExpenses": -5400000,
        "operatingExpenses": 47400000,
        "costAndExpenses": 798000000,
        "interestIncome": 0,
        "interestExpense": 0,
        "depreciationAndAmortization": 19800000,
        "ebitda": 40000000,
        "ebitdaratio": 0.0488878025,
        "operatingIncome": 20200000,
        "operatingIncomeRatio": 0.0246883403,
        "totalOtherIncomeExpensesNet": 1300000,
        "incomeBeforeTax": 21500000,
        "incomeBeforeTaxRatio": 0.0262771938,
        "incomeTaxExpense": 2400000,
        "netIncome": 19100000,
        "netIncomeRatio": 0.0233439257,
        "eps": 0.33,
        "epsdiluted": 0.33,
        "weightedAverageShsOut": 57487131,
        "weightedAverageShsOutDil": 57803158,
        "link": "https://www.sec.gov/Archives/edgar/data/1047340/000095014405002236/0000950144-05-002236-index.htm",
        "finalLink": "https://www.sec.gov/Archives/edgar/data/1047340/000095014405002236/g93666e20vf.htm"
    },
    {
        "date": "2004-09-30",
        "symbol": "FDP",
        "reportedCurrency": "USD",
        "cik": "0001047340",
        "fillingDate": "2004-10-29",
        "acceptedDate": "2004-10-29 17:16:12",
        "calendarYear": "2004",
        "period": "Q3",
        "revenue": 610400000,
        "costOfRevenue": 579600000,
        "grossProfit": 30800000,
        "grossProfitRatio": 0.0504587156,
        "researchAndDevelopmentExpenses": 0,
        "generalAndAdministrativeExpenses": 0,
        "sellingAndMarketingExpenses": 0,
        "sellingGeneralAndAdministrativeExpenses": 29300000,
        "otherExpenses": 5400000,
        "operatingExpenses": 34700000,
        "costAndExpenses": 614300000,
        "interestIncome": 0,
        "interestExpense": 0,
        "depreciationAndAmortization": 17800000,
        "ebitda": 13900000,
        "ebitdaratio": 0.0227719528,
        "operatingIncome": -3900000,
        "operatingIncomeRatio": -0.0063892529,
        "totalOtherIncomeExpensesNet": -2200000,
        "incomeBeforeTax": -6100000,
        "incomeBeforeTaxRatio": -0.0099934469,
        "incomeTaxExpense": -19800000,
        "netIncome": 13700000,
        "netIncomeRatio": 0.0224442988,
        "eps": 0.24,
        "epsdiluted": 0.24,
        "weightedAverageShsOut": 57555461,
        "weightedAverageShsOutDil": 57833302,
        "link": "https://www.sec.gov/Archives/edgar/data/1047340/000095014404010215/0000950144-04-010215-index.htm",
        "finalLink": "https://www.sec.gov/Archives/edgar/data/1047340/000095014404010215/0000950144-04-010215.txt"
    },
    {
        "date": "2004-06-30",
        "symbol": "FDP",
        "reportedCurrency": "USD",
        "cik": "0001047340",
        "fillingDate": "2004-06-30",
        "acceptedDate": "2004-06-30 00:00:00",
        "calendarYear": "2004",
        "period": "Q2",
        "revenue": 763600000,
        "costOfRevenue": 674500000,
        "grossProfit": 89100000,
        "grossProfitRatio": 0.1166841278,
        "researchAndDevelopmentExpenses": 0,
        "generalAndAdministrativeExpenses": 0,
        "sellingAndMarketingExpenses": 0,
        "sellingGeneralAndAdministrativeExpenses": 26400000,
        "otherExpenses": 0,
        "operatingExpenses": 26400000,
        "costAndExpenses": 700900000,
        "interestIncome": 0,
        "interestExpense": 0,
        "depreciationAndAmortization": 16800000,
        "ebitda": 79500000,
        "ebitdaratio": 0.1041121006,
        "operatingIncome": 62700000,
        "operatingIncomeRatio": 0.0821110529,
        "totalOtherIncomeExpensesNet": -1000000,
        "incomeBeforeTax": 61700000,
        "incomeBeforeTaxRatio": 0.0808014667,
        "incomeTaxExpense": 2300000,
        "netIncome": 59400000,
        "netIncomeRatio": 0.0777894185,
        "eps": 1.03,
        "epsdiluted": 1.03,
        "weightedAverageShsOut": 57426128,
        "weightedAverageShsOutDil": 57775389,
        "link": null,
        "finalLink": null
    },
    {
        "date": "2004-03-31",
        "symbol": "FDP",
        "reportedCurrency": "USD",
        "cik": "0001047340",
        "fillingDate": "2004-04-30",
        "acceptedDate": "2004-04-30 10:16:39",
        "calendarYear": "2004",
        "period": "Q1",
        "revenue": 713800000,
        "costOfRevenue": 636600000,
        "grossProfit": 77200000,
        "grossProfitRatio": 0.1081535444,
        "researchAndDevelopmentExpenses": 0,
        "generalAndAdministrativeExpenses": 0,
        "sellingAndMarketingExpenses": 0,
        "sellingGeneralAndAdministrativeExpenses": 27900000,
        "otherExpenses": 0,
        "operatingExpenses": 27900000,
        "costAndExpenses": 664500000,
        "interestIncome": 0,
        "interestExpense": 0,
        "depreciationAndAmortization": 16500000,
        "ebitda": 65800000,
        "ebitdaratio": 0.0921826842,
        "operatingIncome": 49300000,
        "operatingIncomeRatio": 0.0690669655,
        "totalOtherIncomeExpensesNet": 600000,
        "incomeBeforeTax": 49900000,
        "incomeBeforeTaxRatio": 0.0699075371,
        "incomeTaxExpense": 2900000,
        "netIncome": 47000000,
        "netIncomeRatio": 0.0658447744,
        "eps": 0.82,
        "epsdiluted": 0.81,
        "weightedAverageShsOut": 57303842,
        "weightedAverageShsOutDil": 57829988,
        "link": "https://www.sec.gov/Archives/edgar/data/1047340/000095014404004647/0000950144-04-004647-index.htm",
        "finalLink": "https://www.sec.gov/Archives/edgar/data/1047340/000095014404004647/0000950144-04-004647.txt"
    },
    {
        "date": "2003-12-31",
        "symbol": "FDP",
        "reportedCurrency": "USD",
        "cik": "0001047340",
        "fillingDate": "2004-03-08",
        "acceptedDate": "2004-03-08 15:49:07",
        "calendarYear": "2003",
        "period": "Q4",
        "revenue": 578700000,
        "costOfRevenue": 531800000,
        "grossProfit": 46900000,
        "grossProfitRatio": 0.0810437187,
        "researchAndDevelopmentExpenses": 0,
        "generalAndAdministrativeExpenses": 0,
        "sellingAndMarketingExpenses": 0,
        "sellingGeneralAndAdministrativeExpenses": 25200000,
        "otherExpenses": 0,
        "operatingExpenses": 25200000,
        "costAndExpenses": 557000000,
        "interestIncome": 0,
        "interestExpense": 0,
        "depreciationAndAmortization": 14300000,
        "ebitda": 36000000,
        "ebitdaratio": 0.0622083981,
        "operatingIncome": 21700000,
        "operatingIncomeRatio": 0.03749784,
        "totalOtherIncomeExpensesNet": 3900000,
        "incomeBeforeTax": 25600000,
        "incomeBeforeTaxRatio": 0.0442370831,
        "incomeTaxExpense": 2800000,
        "netIncome": 22800000,
        "netIncomeRatio": 0.0393986522,
        "eps": 0.4,
        "epsdiluted": 0.4,
        "weightedAverageShsOut": 56539691,
        "weightedAverageShsOutDil": 57346377,
        "link": "https://www.sec.gov/Archives/edgar/data/1047340/000095014404002097/0000950144-04-002097-index.htm",
        "finalLink": "https://www.sec.gov/Archives/edgar/data/1047340/000095014404002097/g87651e20vf.htm"
    },
    {
        "date": "2003-09-30",
        "symbol": "FDP",
        "reportedCurrency": "USD",
        "cik": "0001047340",
        "fillingDate": "2003-10-29",
        "acceptedDate": "2003-10-29 15:27:50",
        "calendarYear": "2003",
        "period": "Q3",
        "revenue": 563700000,
        "costOfRevenue": 498700000,
        "grossProfit": 65000000,
        "grossProfitRatio": 0.1153095618,
        "researchAndDevelopmentExpenses": 0,
        "generalAndAdministrativeExpenses": 0,
        "sellingAndMarketingExpenses": 0,
        "sellingGeneralAndAdministrativeExpenses": 28300000,
        "otherExpenses": 0,
        "operatingExpenses": 28300000,
        "costAndExpenses": 527000000,
        "interestIncome": 0,
        "interestExpense": 1300000,
        "depreciationAndAmortization": 16000000,
        "ebitda": 36700000,
        "ebitdaratio": 0.0651055526,
        "operatingIncome": 36700000,
        "operatingIncomeRatio": 0.0651055526,
        "totalOtherIncomeExpensesNet": 0,
        "incomeBeforeTax": 36700000,
        "incomeBeforeTaxRatio": 0.0651055526,
        "incomeTaxExpense": 2400000,
        "netIncome": 34300000,
        "netIncomeRatio": 0.0608479688,
        "eps": 0.61,
        "epsdiluted": 0.6,
        "weightedAverageShsOut": 56632819,
        "weightedAverageShsOutDil": 57562386,
        "link": "https://www.sec.gov/Archives/edgar/data/1047340/000095014403011957/0000950144-03-011957-index.htm",
        "finalLink": "https://www.sec.gov/Archives/edgar/data/1047340/000095014403011957/0000950144-03-011957.txt"
    },
    {
        "date": "2003-06-30",
        "symbol": "FDP",
        "reportedCurrency": "USD",
        "cik": "0001047340",
        "fillingDate": "2003-07-30",
        "acceptedDate": "2003-07-30 16:10:35",
        "calendarYear": "2003",
        "period": "Q2",
        "revenue": 700600000,
        "costOfRevenue": 591300000,
        "grossProfit": 109300000,
        "grossProfitRatio": 0.156009135,
        "researchAndDevelopmentExpenses": 0,
        "generalAndAdministrativeExpenses": 0,
        "sellingAndMarketingExpenses": 0,
        "sellingGeneralAndAdministrativeExpenses": 29100000,
        "otherExpenses": 0,
        "operatingExpenses": 29100000,
        "costAndExpenses": 620400000,
        "interestIncome": 0,
        "interestExpense": 1900000,
        "depreciationAndAmortization": 16900000,
        "ebitda": 80200000,
        "ebitdaratio": 0.1144733086,
        "operatingIncome": 80200000,
        "operatingIncomeRatio": 0.1144733086,
        "totalOtherIncomeExpensesNet": 6000000,
        "incomeBeforeTax": 86200000,
        "incomeBeforeTaxRatio": 0.1230373965,
        "incomeTaxExpense": 5000000,
        "netIncome": 81200000,
        "netIncomeRatio": 0.1159006566,
        "eps": 1.44,
        "epsdiluted": 1.42,
        "weightedAverageShsOut": 56273067,
        "weightedAverageShsOutDil": 57128542,
        "link": "https://www.sec.gov/Archives/edgar/data/1047340/000095014403009075/0000950144-03-009075-index.htm",
        "finalLink": "https://www.sec.gov/Archives/edgar/data/1047340/000095014403009075/0000950144-03-009075.txt"
    },
    {
        "date": "2003-03-31",
        "symbol": "FDP",
        "reportedCurrency": "USD",
        "cik": "0001047340",
        "fillingDate": "2003-03-31",
        "acceptedDate": "2003-03-31 00:00:00",
        "calendarYear": "2003",
        "period": "Q1",
        "revenue": 643800000,
        "costOfRevenue": 536800000,
        "grossProfit": 107000000,
        "grossProfitRatio": 0.1662006834,
        "researchAndDevelopmentExpenses": 0,
        "generalAndAdministrativeExpenses": 0,
        "sellingAndMarketingExpenses": 0,
        "sellingGeneralAndAdministrativeExpenses": 25200000,
        "otherExpenses": 0,
        "operatingExpenses": 25200000,
        "costAndExpenses": 562000000,
        "interestIncome": 0,
        "interestExpense": 0,
        "depreciationAndAmortization": 15800000,
        "ebitda": 97600000,
        "ebitdaratio": 0.1515998757,
        "operatingIncome": 81800000,
        "operatingIncomeRatio": 0.1270580926,
        "totalOtherIncomeExpensesNet": 12000000,
        "incomeBeforeTax": 93800000,
        "incomeBeforeTaxRatio": 0.1456974216,
        "incomeTaxExpense": 5700000,
        "netIncome": 88100000,
        "netIncomeRatio": 0.1368437403,
        "eps": 1.57,
        "epsdiluted": 1.55,
        "weightedAverageShsOut": 56215957,
        "weightedAverageShsOutDil": 56995384,
        "link": null,
        "finalLink": null
    },
    {
        "date": "2002-12-31",
        "symbol": "FDP",
        "reportedCurrency": "USD",
        "cik": "0001047340",
        "fillingDate": "2003-02-26",
        "acceptedDate": "2003-02-26 17:10:36",
        "calendarYear": "2002",
        "period": "Q4",
        "revenue": 487400000,
        "costOfRevenue": 422200000,
        "grossProfit": 65200000,
        "grossProfitRatio": 0.13377103,
        "researchAndDevelopmentExpenses": 0,
        "generalAndAdministrativeExpenses": 0,
        "sellingAndMarketingExpenses": 0,
        "sellingGeneralAndAdministrativeExpenses": 29000000,
        "otherExpenses": 2400000,
        "operatingExpenses": 31400000,
        "costAndExpenses": 453600000,
        "interestIncome": 0,
        "interestExpense": 15700000,
        "depreciationAndAmortization": 16100000,
        "ebitda": 49900000,
        "ebitdaratio": 0.1023799754,
        "operatingIncome": 33800000,
        "operatingIncomeRatio": 0.0693475585,
        "totalOtherIncomeExpensesNet": 7700000,
        "incomeBeforeTax": 41500000,
        "incomeBeforeTaxRatio": 0.0851456709,
        "incomeTaxExpense": 6300000,
        "netIncome": 35200000,
        "netIncomeRatio": 0.0722199426,
        "eps": 0.63,
        "epsdiluted": 0.62,
        "weightedAverageShsOut": 55445106,
        "weightedAverageShsOutDil": 56538659,
        "link": "https://www.sec.gov/Archives/edgar/data/1047340/000095014403002397/0000950144-03-002397-index.htm",
        "finalLink": "https://www.sec.gov/Archives/edgar/data/1047340/000095014403002397/g80900e20vf.htm"
    },
    {
        "date": "2002-09-30",
        "symbol": "FDP",
        "reportedCurrency": "USD",
        "cik": "0001047340",
        "fillingDate": "2002-11-01",
        "acceptedDate": "2002-11-01 14:16:32",
        "calendarYear": "2002",
        "period": "Q3",
        "revenue": 498500000,
        "costOfRevenue": 430600000,
        "grossProfit": 67900000,
        "grossProfitRatio": 0.1362086259,
        "researchAndDevelopmentExpenses": 0,
        "generalAndAdministrativeExpenses": 0,
        "sellingAndMarketingExpenses": 0,
        "sellingGeneralAndAdministrativeExpenses": 24800000,
        "otherExpenses": 7000000,
        "operatingExpenses": 31800000,
        "costAndExpenses": 462400000,
        "interestIncome": 0,
        "interestExpense": 3500000,
        "depreciationAndAmortization": 16200000,
        "ebitda": 36100000,
        "ebitdaratio": 0.0724172518,
        "operatingIncome": 36100000,
        "operatingIncomeRatio": 0.0724172518,
        "totalOtherIncomeExpensesNet": 400000,
        "incomeBeforeTax": 36500000,
        "incomeBeforeTaxRatio": 0.073219659,
        "incomeTaxExpense": 4000000,
        "netIncome": 32500000,
        "netIncomeRatio": 0.0651955868,
        "eps": 0.57,
        "epsdiluted": 0.57,
        "weightedAverageShsOut": 56060613,
        "weightedAverageShsOutDil": 57150918,
        "link": "https://www.sec.gov/Archives/edgar/data/1047340/000095014402011014/0000950144-02-011014-index.htm",
        "finalLink": "https://www.sec.gov/Archives/edgar/data/1047340/000095014402011014/0000950144-02-011014.txt"
    },
    {
        "date": "2002-06-30",
        "symbol": "FDP",
        "reportedCurrency": "USD",
        "cik": "0001047340",
        "fillingDate": "2002-08-02",
        "acceptedDate": "2002-08-02 16:01:10",
        "calendarYear": "2002",
        "period": "Q2",
        "revenue": 567200000,
        "costOfRevenue": 470200000,
        "grossProfit": 97000000,
        "grossProfitRatio": 0.1710155148,
        "researchAndDevelopmentExpenses": 0,
        "generalAndAdministrativeExpenses": 0,
        "sellingAndMarketingExpenses": 0,
        "sellingGeneralAndAdministrativeExpenses": 25000000,
        "otherExpenses": 5500000,
        "operatingExpenses": 30500000,
        "costAndExpenses": 500700000,
        "interestIncome": 0,
        "interestExpense": 4100000,
        "depreciationAndAmortization": 15100000,
        "ebitda": 66500000,
        "ebitdaratio": 0.1172425952,
        "operatingIncome": 66500000,
        "operatingIncomeRatio": 0.1172425952,
        "totalOtherIncomeExpensesNet": 2100000,
        "incomeBeforeTax": 68600000,
        "incomeBeforeTaxRatio": 0.1209449929,
        "incomeTaxExpense": 2100000,
        "netIncome": 66500000,
        "netIncomeRatio": 0.1172425952,
        "eps": 1.2,
        "epsdiluted": 1.18,
        "weightedAverageShsOut": 55331300,
        "weightedAverageShsOutDil": 56422436,
        "link": "https://www.sec.gov/Archives/edgar/data/1047340/000095014402007861/0000950144-02-007861-index.htm",
        "finalLink": "https://www.sec.gov/Archives/edgar/data/1047340/000095014402007861/0000950144-02-007861.txt"
    },
    {
        "date": "2002-03-31",
        "symbol": "FDP",
        "reportedCurrency": "USD",
        "cik": "0001047340",
        "fillingDate": "2002-05-03",
        "acceptedDate": "2002-05-03 15:43:23",
        "calendarYear": "2002",
        "period": "Q1",
        "revenue": 537400000,
        "costOfRevenue": 430800000,
        "grossProfit": 106600000,
        "grossProfitRatio": 0.198362486,
        "researchAndDevelopmentExpenses": 0,
        "generalAndAdministrativeExpenses": 0,
        "sellingAndMarketingExpenses": 0,
        "sellingGeneralAndAdministrativeExpenses": 23900000,
        "otherExpenses": 4700000,
        "operatingExpenses": 28600000,
        "costAndExpenses": 459400000,
        "interestIncome": 0,
        "interestExpense": 0,
        "depreciationAndAmortization": 14300000,
        "ebitda": 92300000,
        "ebitdaratio": 0.1717528843,
        "operatingIncome": 78000000,
        "operatingIncomeRatio": 0.1451432825,
        "totalOtherIncomeExpensesNet": -4700000,
        "incomeBeforeTax": 73300000,
        "incomeBeforeTaxRatio": 0.1363974693,
        "incomeTaxExpense": 6200000,
        "netIncome": 67100000,
        "netIncomeRatio": 0.1248604392,
        "eps": 1.24,
        "epsdiluted": 1.21,
        "weightedAverageShsOut": 54223085,
        "weightedAverageShsOutDil": 55392568,
        "link": "https://www.sec.gov/Archives/edgar/data/1047340/000095014402004745/0000950144-02-004745-index.htm",
        "finalLink": "https://www.sec.gov/Archives/edgar/data/1047340/000095014402004745/0000950144-02-004745.txt"
    },
    {
        "date": "2001-12-31",
        "symbol": "FDP",
        "reportedCurrency": "USD",
        "cik": "0001047340",
        "fillingDate": "2002-03-05",
        "acceptedDate": "2002-03-05 00:00:00",
        "calendarYear": "2001",
        "period": "Q4",
        "revenue": 422000000,
        "costOfRevenue": 370400000,
        "grossProfit": 51600000,
        "grossProfitRatio": 0.1222748815,
        "researchAndDevelopmentExpenses": 0,
        "generalAndAdministrativeExpenses": 0,
        "sellingAndMarketingExpenses": 0,
        "sellingGeneralAndAdministrativeExpenses": 25200000,
        "otherExpenses": 3800000,
        "operatingExpenses": 29000000,
        "costAndExpenses": 399400000,
        "interestIncome": 0,
        "interestExpense": 0,
        "depreciationAndAmortization": 14700000,
        "ebitda": 37300000,
        "ebitdaratio": 0.0883886256,
        "operatingIncome": 22600000,
        "operatingIncomeRatio": 0.0535545024,
        "totalOtherIncomeExpensesNet": -9900000,
        "incomeBeforeTax": 12700000,
        "incomeBeforeTaxRatio": 0.0300947867,
        "incomeTaxExpense": 7400000,
        "netIncome": 5300000,
        "netIncomeRatio": 0.0125592417,
        "eps": 0.0984,
        "epsdiluted": 0.0974,
        "weightedAverageShsOut": 53856392,
        "weightedAverageShsOutDil": 54414868,
        "link": "https://www.sec.gov/Archives/edgar/data/1047340/000095014402002012/0000950144-02-002012-index.htm",
        "finalLink": "https://www.sec.gov/Archives/edgar/data/1047340/000095014402002012/g74493e20-f.txt"
    },
    {
        "date": "2001-09-30",
        "symbol": "FDP",
        "reportedCurrency": "USD",
        "cik": "0001047340",
        "fillingDate": "2001-10-30",
        "acceptedDate": "2001-10-30 00:00:00",
        "calendarYear": "2001",
        "period": "Q3",
        "revenue": 430700000,
        "costOfRevenue": 366100000,
        "grossProfit": 64600000,
        "grossProfitRatio": 0.149988391,
        "researchAndDevelopmentExpenses": 0,
        "generalAndAdministrativeExpenses": 0,
        "sellingAndMarketingExpenses": 0,
        "sellingGeneralAndAdministrativeExpenses": 19000000,
        "otherExpenses": 23100000,
        "operatingExpenses": 42100000,
        "costAndExpenses": 408200000,
        "interestIncome": 0,
        "interestExpense": 0,
        "depreciationAndAmortization": 16600000,
        "ebitda": 39100000,
        "ebitdaratio": 0.0907824472,
        "operatingIncome": 22500000,
        "operatingIncomeRatio": 0.0522405387,
        "totalOtherIncomeExpensesNet": -6700000,
        "incomeBeforeTax": 15800000,
        "incomeBeforeTaxRatio": 0.0366844671,
        "incomeTaxExpense": 7500000,
        "netIncome": 8300000,
        "netIncomeRatio": 0.0192709543,
        "eps": 0.15,
        "epsdiluted": 0.15,
        "weightedAverageShsOut": 53872204,
        "weightedAverageShsOutDil": 54840901,
        "link": "https://www.sec.gov/Archives/edgar/data/1047340/000095014401508192/0000950144-01-508192-index.htm",
        "finalLink": "https://www.sec.gov/Archives/edgar/data/1047340/000095014401508192/0000950144-01-508192.txt"
    },
    {
        "date": "2001-06-30",
        "symbol": "FDP",
        "reportedCurrency": "USD",
        "cik": "0001047340",
        "fillingDate": "2001-08-07",
        "acceptedDate": "2001-08-07 00:00:00",
        "calendarYear": "2001",
        "period": "Q2",
        "revenue": 541000000,
        "costOfRevenue": 458300000,
        "grossProfit": 82700000,
        "grossProfitRatio": 0.1528650647,
        "researchAndDevelopmentExpenses": 0,
        "generalAndAdministrativeExpenses": 0,
        "sellingAndMarketingExpenses": 0,
        "sellingGeneralAndAdministrativeExpenses": 22300000,
        "otherExpenses": 800000,
        "operatingExpenses": 23100000,
        "costAndExpenses": 481400000,
        "interestIncome": 0,
        "interestExpense": 0,
        "depreciationAndAmortization": 15200000,
        "ebitda": 74800000,
        "ebitdaratio": 0.1382624769,
        "operatingIncome": 59600000,
        "operatingIncomeRatio": 0.1101663586,
        "totalOtherIncomeExpensesNet": -11900000,
        "incomeBeforeTax": 47700000,
        "incomeBeforeTaxRatio": 0.0881700555,
        "incomeTaxExpense": 6200000,
        "netIncome": 41500000,
        "netIncomeRatio": 0.0767097967,
        "eps": 0.77,
        "epsdiluted": 0.77,
        "weightedAverageShsOut": 53765781,
        "weightedAverageShsOutDil": 54049521,
        "link": "https://www.sec.gov/Archives/edgar/data/1047340/000095014401505184/0000950144-01-505184-index.htm",
        "finalLink": "https://www.sec.gov/Archives/edgar/data/1047340/000095014401505184/0000950144-01-505184.txt"
    },
    {
        "date": "2001-03-31",
        "symbol": "FDP",
        "reportedCurrency": "USD",
        "cik": "0001047340",
        "fillingDate": "2001-05-07",
        "acceptedDate": "2001-05-07 00:00:00",
        "calendarYear": "2001",
        "period": "Q1",
        "revenue": 534300000,
        "costOfRevenue": 450300000,
        "grossProfit": 84000000,
        "grossProfitRatio": 0.1572150477,
        "researchAndDevelopmentExpenses": 0,
        "generalAndAdministrativeExpenses": 0,
        "sellingAndMarketingExpenses": 0,
        "sellingGeneralAndAdministrativeExpenses": 22900000,
        "otherExpenses": 900000,
        "operatingExpenses": 23800000,
        "costAndExpenses": 474100000,
        "interestIncome": 0,
        "interestExpense": 0,
        "depreciationAndAmortization": 14700000,
        "ebitda": 74900000,
        "ebitdaratio": 0.1401834176,
        "operatingIncome": 60200000,
        "operatingIncomeRatio": 0.1126707842,
        "totalOtherIncomeExpensesNet": -13700000,
        "incomeBeforeTax": 46500000,
        "incomeBeforeTaxRatio": 0.0870297586,
        "incomeTaxExpense": 5400000,
        "netIncome": 41100000,
        "netIncomeRatio": 0.0769230769,
        "eps": 0.76,
        "epsdiluted": 0.76,
        "weightedAverageShsOut": 53763600,
        "weightedAverageShsOutDil": 53763600,
        "link": "https://www.sec.gov/Archives/edgar/data/1047340/000095014401501562/0000950144-01-501562-index.htm",
        "finalLink": "https://www.sec.gov/Archives/edgar/data/1047340/000095014401501562/0000950144-01-501562.txt"
    },
    {
        "date": "2000-12-31",
        "symbol": "FDP",
        "reportedCurrency": "USD",
        "cik": "0001047340",
        "fillingDate": "2001-03-07",
        "acceptedDate": "2001-03-07 00:00:00",
        "calendarYear": "2000",
        "period": "Q4",
        "revenue": 411200000,
        "costOfRevenue": 371900000,
        "grossProfit": 39300000,
        "grossProfitRatio": 0.09557393,
        "researchAndDevelopmentExpenses": 0,
        "generalAndAdministrativeExpenses": 0,
        "sellingAndMarketingExpenses": 0,
        "sellingGeneralAndAdministrativeExpenses": 23600000,
        "otherExpenses": 14700000,
        "operatingExpenses": 38300000,
        "costAndExpenses": 410200000,
        "interestIncome": 0,
        "interestExpense": 0,
        "depreciationAndAmortization": 14700000,
        "ebitda": 15700000,
        "ebitdaratio": 0.0381809339,
        "operatingIncome": 1000000,
        "operatingIncomeRatio": 0.0024319066,
        "totalOtherIncomeExpensesNet": -8700000,
        "incomeBeforeTax": -7700000,
        "incomeBeforeTaxRatio": -0.0187256809,
        "incomeTaxExpense": 800000,
        "netIncome": -8500000,
        "netIncomeRatio": -0.0206712062,
        "eps": -0.16,
        "epsdiluted": -0.16,
        "weightedAverageShsOut": 53763600,
        "weightedAverageShsOutDil": 53764383,
        "link": "https://www.sec.gov/Archives/edgar/data/1047340/000095014401003360/0000950144-01-003360-index.htm",
        "finalLink": "https://www.sec.gov/Archives/edgar/data/1047340/000095014401003360/g67436e20-f.txt"
    },
    {
        "date": "2000-09-30",
        "symbol": "FDP",
        "reportedCurrency": "USD",
        "cik": "0001047340",
        "fillingDate": "2000-11-06",
        "acceptedDate": "2000-11-06 00:00:00",
        "calendarYear": "2000",
        "period": "Q3",
        "revenue": 395800000,
        "costOfRevenue": 359400000,
        "grossProfit": 36400000,
        "grossProfitRatio": 0.0919656392,
        "researchAndDevelopmentExpenses": 0,
        "generalAndAdministrativeExpenses": 0,
        "sellingAndMarketingExpenses": 0,
        "sellingGeneralAndAdministrativeExpenses": 18300000,
        "otherExpenses": 15400000,
        "operatingExpenses": 33700000,
        "costAndExpenses": 393100000,
        "interestIncome": 0,
        "interestExpense": 0,
        "depreciationAndAmortization": 15400000,
        "ebitda": 18100000,
        "ebitdaratio": 0.0457301668,
        "operatingIncome": 2700000,
        "operatingIncomeRatio": 0.0068216271,
        "totalOtherIncomeExpensesNet": -16700000,
        "incomeBeforeTax": -14000000,
        "incomeBeforeTaxRatio": -0.0353713997,
        "incomeTaxExpense": 100000,
        "netIncome": -14100000,
        "netIncomeRatio": -0.0356240526,
        "eps": -0.26,
        "epsdiluted": -0.26,
        "weightedAverageShsOut": 53763600,
        "weightedAverageShsOutDil": 53763600,
        "link": "https://www.sec.gov/Archives/edgar/data/1047340/000095014400012959/0000950144-00-012959-index.htm",
        "finalLink": "https://www.sec.gov/Archives/edgar/data/1047340/000095014400012959/0000950144-00-012959.txt"
    },
    {
        "date": "2000-06-30",
        "symbol": "FDP",
        "reportedCurrency": "USD",
        "cik": "0001047340",
        "fillingDate": "2000-06-30",
        "acceptedDate": "2000-06-30 00:00:00",
        "calendarYear": "2000",
        "period": "Q2",
        "revenue": 516200000,
        "costOfRevenue": 454700000,
        "grossProfit": 61500000,
        "grossProfitRatio": 0.1191398683,
        "researchAndDevelopmentExpenses": 0,
        "generalAndAdministrativeExpenses": 0,
        "sellingAndMarketingExpenses": 0,
        "sellingGeneralAndAdministrativeExpenses": 18200000,
        "otherExpenses": 14000000,
        "operatingExpenses": 32200000,
        "costAndExpenses": 486900000,
        "interestIncome": 0,
        "interestExpense": 0,
        "depreciationAndAmortization": 14000000,
        "ebitda": 43300000,
        "ebitdaratio": 0.0838822162,
        "operatingIncome": 29300000,
        "operatingIncomeRatio": 0.0567609454,
        "totalOtherIncomeExpensesNet": -11200000,
        "incomeBeforeTax": 18100000,
        "incomeBeforeTaxRatio": 0.0350639287,
        "incomeTaxExpense": 900000,
        "netIncome": 17200000,
        "netIncomeRatio": 0.0333204184,
        "eps": 0.32,
        "epsdiluted": 0.32,
        "weightedAverageShsOut": 53763600,
        "weightedAverageShsOutDil": 53763600,
        "link": null,
        "finalLink": null
    },
    {
        "date": "2000-03-31",
        "symbol": "FDP",
        "reportedCurrency": "USD",
        "cik": "0001047340",
        "fillingDate": "2000-05-12",
        "acceptedDate": "2000-05-12 00:00:00",
        "calendarYear": "2000",
        "period": "Q1",
        "revenue": 536100000,
        "costOfRevenue": 452000000,
        "grossProfit": 84100000,
        "grossProfitRatio": 0.1568737176,
        "researchAndDevelopmentExpenses": 0,
        "generalAndAdministrativeExpenses": 0,
        "sellingAndMarketingExpenses": 0,
        "sellingGeneralAndAdministrativeExpenses": 20800000,
        "otherExpenses": 13700000,
        "operatingExpenses": 34500000,
        "costAndExpenses": 486500000,
        "interestIncome": 0,
        "interestExpense": 0,
        "depreciationAndAmortization": 13700000,
        "ebitda": 63300000,
        "ebitdaratio": 0.118074986,
        "operatingIncome": 49600000,
        "operatingIncomeRatio": 0.0925200522,
        "totalOtherIncomeExpensesNet": -10000000,
        "incomeBeforeTax": 39600000,
        "incomeBeforeTaxRatio": 0.0738668159,
        "incomeTaxExpense": 1100000,
        "netIncome": 38500000,
        "netIncomeRatio": 0.0718149599,
        "eps": 0.72,
        "epsdiluted": 0.72,
        "weightedAverageShsOut": 53763600,
        "weightedAverageShsOutDil": 53766731,
        "link": "https://www.sec.gov/Archives/edgar/data/1047340/000095014400006508/0000950144-00-006508-index.html",
        "finalLink": "https://www.sec.gov/Archives/edgar/data/1047340/000095014400006508/0000950144-00-006508.txt"
    },
    {
        "date": "1999-12-31",
        "symbol": "FDP",
        "reportedCurrency": "USD",
        "cik": "0001047340",
        "fillingDate": "2000-03-27",
        "acceptedDate": "2000-03-27 00:00:00",
        "calendarYear": "1999",
        "period": "Q4",
        "revenue": 404500000,
        "costOfRevenue": 390100000,
        "grossProfit": 14400000,
        "grossProfitRatio": 0.0355995056,
        "researchAndDevelopmentExpenses": 0,
        "generalAndAdministrativeExpenses": 0,
        "sellingAndMarketingExpenses": 0,
        "sellingGeneralAndAdministrativeExpenses": 18500000,
        "otherExpenses": 10600000,
        "operatingExpenses": 29100000,
        "costAndExpenses": 419200000,
        "interestIncome": 0,
        "interestExpense": 0,
        "depreciationAndAmortization": 10600000,
        "ebitda": -4100000,
        "ebitdaratio": -0.0101359703,
        "operatingIncome": -14700000,
        "operatingIncomeRatio": -0.0363411619,
        "totalOtherIncomeExpensesNet": -1100000,
        "incomeBeforeTax": -15800000,
        "incomeBeforeTaxRatio": -0.0390605686,
        "incomeTaxExpense": 2800000,
        "netIncome": -18600000,
        "netIncomeRatio": -0.0459826947,
        "eps": -0.35,
        "epsdiluted": -0.35,
        "weightedAverageShsOut": 53763600,
        "weightedAverageShsOutDil": 53805237,
        "link": "https://www.sec.gov/Archives/edgar/data/1047340/000095014400003650/0000950144-00-003650-index.html",
        "finalLink": "https://www.sec.gov/Archives/edgar/data/1047340/000095014400003650/"
    },
    {
        "date": "1999-09-30",
        "symbol": "FDP",
        "reportedCurrency": "USD",
        "cik": "0001047340",
        "fillingDate": "1999-09-30",
        "acceptedDate": "1999-09-30 00:00:00",
        "calendarYear": "1999",
        "period": "Q3",
        "revenue": 369100000,
        "costOfRevenue": 331200000,
        "grossProfit": 37900000,
        "grossProfitRatio": 0.1026821999,
        "researchAndDevelopmentExpenses": 0,
        "generalAndAdministrativeExpenses": 0,
        "sellingAndMarketingExpenses": 0,
        "sellingGeneralAndAdministrativeExpenses": 11500000,
        "otherExpenses": 12100000,
        "operatingExpenses": 23600000,
        "costAndExpenses": 354800000,
        "interestIncome": 0,
        "interestExpense": 0,
        "depreciationAndAmortization": 12100000,
        "ebitda": 26400000,
        "ebitdaratio": 0.0715253319,
        "operatingIncome": 14300000,
        "operatingIncomeRatio": 0.0387428881,
        "totalOtherIncomeExpensesNet": -4500000,
        "incomeBeforeTax": 9800000,
        "incomeBeforeTaxRatio": 0.0265510702,
        "incomeTaxExpense": 3200000,
        "netIncome": 6600000,
        "netIncomeRatio": 0.017881333,
        "eps": 0.12,
        "epsdiluted": 0.12,
        "weightedAverageShsOut": 55000000,
        "weightedAverageShsOutDil": 55000000,
        "link": null,
        "finalLink": null
    },
    {
        "date": "1999-06-30",
        "symbol": "FDP",
        "reportedCurrency": "USD",
        "cik": "0001047340",
        "fillingDate": "1999-06-30",
        "acceptedDate": "1999-06-30 00:00:00",
        "calendarYear": "1999",
        "period": "Q2",
        "revenue": 476200000,
        "costOfRevenue": 410800000,
        "grossProfit": 65400000,
        "grossProfitRatio": 0.1373372533,
        "researchAndDevelopmentExpenses": 0,
        "generalAndAdministrativeExpenses": 0,
        "sellingAndMarketingExpenses": 0,
        "sellingGeneralAndAdministrativeExpenses": 16100000,
        "otherExpenses": 11500000,
        "operatingExpenses": 27600000,
        "costAndExpenses": 438400000,
        "interestIncome": 0,
        "interestExpense": 0,
        "depreciationAndAmortization": 11500000,
        "ebitda": 49300000,
        "ebitdaratio": 0.1035279294,
        "operatingIncome": 37800000,
        "operatingIncomeRatio": 0.0793784124,
        "totalOtherIncomeExpensesNet": -500000,
        "incomeBeforeTax": 37300000,
        "incomeBeforeTaxRatio": 0.0783284334,
        "incomeTaxExpense": 3800000,
        "netIncome": 33500000,
        "netIncomeRatio": 0.070348593,
        "eps": 0.62,
        "epsdiluted": 0.62,
        "weightedAverageShsOut": 54032258,
        "weightedAverageShsOutDil": 54032258,
        "link": null,
        "finalLink": null
    },
    {
        "date": "1999-03-31",
        "symbol": "FDP",
        "reportedCurrency": "USD",
        "cik": "0001047340",
        "fillingDate": "1999-03-31",
        "acceptedDate": "1999-03-31 00:00:00",
        "calendarYear": "1999",
        "period": "Q1",
        "revenue": 493400000,
        "costOfRevenue": 417900000,
        "grossProfit": 75500000,
        "grossProfitRatio": 0.1530198622,
        "researchAndDevelopmentExpenses": 0,
        "generalAndAdministrativeExpenses": 0,
        "sellingAndMarketingExpenses": 0,
        "sellingGeneralAndAdministrativeExpenses": 17400000,
        "otherExpenses": 11000000,
        "operatingExpenses": 28400000,
        "costAndExpenses": 446300000,
        "interestIncome": 0,
        "interestExpense": 0,
        "depreciationAndAmortization": 11000000,
        "ebitda": 58100000,
        "ebitdaratio": 0.1177543575,
        "operatingIncome": 47100000,
        "operatingIncomeRatio": 0.095460073,
        "totalOtherIncomeExpensesNet": -6800000,
        "incomeBeforeTax": 40300000,
        "incomeBeforeTaxRatio": 0.0816781516,
        "incomeTaxExpense": 4900000,
        "netIncome": 35400000,
        "netIncomeRatio": 0.0717470612,
        "eps": 0.66,
        "epsdiluted": 0.66,
        "weightedAverageShsOut": 53636364,
        "weightedAverageShsOutDil": 53636364,
        "link": null,
        "finalLink": null
    },
    {
        "date": "1998-12-31",
        "symbol": "FDP",
        "reportedCurrency": "USD",
        "cik": "0001047340",
        "fillingDate": "1998-12-31",
        "acceptedDate": "1998-12-31 00:00:00",
        "calendarYear": "1998",
        "period": "Q4",
        "revenue": 481300000,
        "costOfRevenue": 0,
        "grossProfit": 481300000,
        "grossProfitRatio": 1,
        "researchAndDevelopmentExpenses": 0,
        "generalAndAdministrativeExpenses": 0,
        "sellingAndMarketingExpenses": 0,
        "sellingGeneralAndAdministrativeExpenses": 0,
        "otherExpenses": -1465400000,
        "operatingExpenses": -1465400000,
        "costAndExpenses": -1465400000,
        "interestIncome": 0,
        "interestExpense": 0,
        "depreciationAndAmortization": 0,
        "ebitda": -984100000,
        "ebitdaratio": -2.0446706836,
        "operatingIncome": -984100000,
        "operatingIncomeRatio": -2.0446706836,
        "totalOtherIncomeExpensesNet": 953000000,
        "incomeBeforeTax": -31100000,
        "incomeBeforeTaxRatio": -0.0646166632,
        "incomeTaxExpense": 0,
        "netIncome": -31100000,
        "netIncomeRatio": -0.0646166632,
        "eps": -0.58,
        "epsdiluted": -0.58,
        "weightedAverageShsOut": 53764000,
        "weightedAverageShsOutDil": 53909091,
        "link": null,
        "finalLink": null
    },
    {
        "date": "1998-09-30",
        "symbol": "FDP",
        "reportedCurrency": "USD",
        "cik": "0001047340",
        "fillingDate": "1998-09-30",
        "acceptedDate": "1998-09-30 00:00:00",
        "calendarYear": "1998",
        "period": "Q3",
        "revenue": 382500000,
        "costOfRevenue": 0,
        "grossProfit": 382500000,
        "grossProfitRatio": 1,
        "researchAndDevelopmentExpenses": 0,
        "generalAndAdministrativeExpenses": 0,
        "sellingAndMarketingExpenses": 0,
        "sellingGeneralAndAdministrativeExpenses": 0,
        "otherExpenses": 0,
        "operatingExpenses": 0,
        "costAndExpenses": 0,
        "interestIncome": 0,
        "interestExpense": 0,
        "depreciationAndAmortization": 0,
        "ebitda": 382500000,
        "ebitdaratio": 1,
        "operatingIncome": 382500000,
        "operatingIncomeRatio": 1,
        "totalOtherIncomeExpensesNet": -362700000,
        "incomeBeforeTax": 19800000,
        "incomeBeforeTaxRatio": 0.0517647059,
        "incomeTaxExpense": 0,
        "netIncome": 19800000,
        "netIncomeRatio": 0.0517647059,
        "eps": 0.37,
        "epsdiluted": 0.37,
        "weightedAverageShsOut": 12766000,
        "weightedAverageShsOutDil": 12766000,
        "link": null,
        "finalLink": null
    },
    {
        "date": "1998-06-30",
        "symbol": "FDP",
        "reportedCurrency": "USD",
        "cik": "0001047340",
        "fillingDate": "1998-06-30",
        "acceptedDate": "1998-06-30 00:00:00",
        "calendarYear": "1998",
        "period": "Q2",
        "revenue": 401300000,
        "costOfRevenue": 0,
        "grossProfit": 401300000,
        "grossProfitRatio": 1,
        "researchAndDevelopmentExpenses": 0,
        "generalAndAdministrativeExpenses": 0,
        "sellingAndMarketingExpenses": 0,
        "sellingGeneralAndAdministrativeExpenses": 0,
        "otherExpenses": 0,
        "operatingExpenses": 0,
        "costAndExpenses": 0,
        "interestIncome": 0,
        "interestExpense": 0,
        "depreciationAndAmortization": 0,
        "ebitda": 401300000,
        "ebitdaratio": 1,
        "operatingIncome": 401300000,
        "operatingIncomeRatio": 1,
        "totalOtherIncomeExpensesNet": -354100000,
        "incomeBeforeTax": 47200000,
        "incomeBeforeTaxRatio": 0.1176177423,
        "incomeTaxExpense": -47200000,
        "netIncome": 47200000,
        "netIncomeRatio": 0.1176177423,
        "eps": 0.99,
        "epsdiluted": 0.99,
        "weightedAverageShsOut": 12766000,
        "weightedAverageShsOutDil": 12766000,
        "link": null,
        "finalLink": null
    },
    {
        "date": "1998-03-31",
        "symbol": "FDP",
        "reportedCurrency": "USD",
        "cik": "0001047340",
        "fillingDate": "1998-03-31",
        "acceptedDate": "1998-03-31 00:00:00",
        "calendarYear": "1998",
        "period": "Q1",
        "revenue": 335000000,
        "costOfRevenue": 0,
        "grossProfit": 335000000,
        "grossProfitRatio": 1,
        "researchAndDevelopmentExpenses": 0,
        "generalAndAdministrativeExpenses": 0,
        "sellingAndMarketingExpenses": 0,
        "sellingGeneralAndAdministrativeExpenses": 0,
        "otherExpenses": 0,
        "operatingExpenses": 0,
        "costAndExpenses": 0,
        "interestIncome": 0,
        "interestExpense": 0,
        "depreciationAndAmortization": 0,
        "ebitda": 335000000,
        "ebitdaratio": 1,
        "operatingIncome": 335000000,
        "operatingIncomeRatio": 1,
        "totalOtherIncomeExpensesNet": -315900000,
        "incomeBeforeTax": 19100000,
        "incomeBeforeTaxRatio": 0.0570149254,
        "incomeTaxExpense": 0,
        "netIncome": 19100000,
        "netIncomeRatio": 0.0570149254,
        "eps": 0.4,
        "epsdiluted": 0.4,
        "weightedAverageShsOut": 12766000,
        "weightedAverageShsOutDil": 12766000,
        "link": null,
        "finalLink": null
    },
    {
        "date": "1997-12-31",
        "symbol": "FDP",
        "reportedCurrency": "USD",
        "cik": "0001047340",
        "fillingDate": "1997-12-31",
        "acceptedDate": "1997-12-31 00:00:00",
        "calendarYear": "1997",
        "period": "Q4",
        "revenue": 263900000,
        "costOfRevenue": 0,
        "grossProfit": 263900000,
        "grossProfitRatio": 1,
        "researchAndDevelopmentExpenses": 0,
        "generalAndAdministrativeExpenses": 0,
        "sellingAndMarketingExpenses": 0,
        "sellingGeneralAndAdministrativeExpenses": 0,
        "otherExpenses": -1113600000,
        "operatingExpenses": -1113600000,
        "costAndExpenses": -1113600000,
        "interestIncome": 0,
        "interestExpense": 0,
        "depreciationAndAmortization": 0,
        "ebitda": -849700000,
        "ebitdaratio": -3.2197802198,
        "operatingIncome": -849700000,
        "operatingIncomeRatio": -3.2197802198,
        "totalOtherIncomeExpensesNet": 849700000,
        "incomeBeforeTax": -15600000,
        "incomeBeforeTaxRatio": -0.0591133005,
        "incomeTaxExpense": 15600000,
        "netIncome": -15600000,
        "netIncomeRatio": -0.0591133005,
        "eps": -1.22,
        "epsdiluted": -1.22,
        "weightedAverageShsOut": 12766000,
        "weightedAverageShsOutDil": 12766000,
        "link": null,
        "finalLink": null
    },
    {
        "date": "1997-09-30",
        "symbol": "FDP",
        "reportedCurrency": "USD",
        "cik": "0001047340",
        "fillingDate": "1997-09-30",
        "acceptedDate": "1997-09-30 00:00:00",
        "calendarYear": "1997",
        "period": "Q3",
        "revenue": 314900000,
        "costOfRevenue": 0,
        "grossProfit": 314900000,
        "grossProfitRatio": 1,
        "researchAndDevelopmentExpenses": 0,
        "generalAndAdministrativeExpenses": 0,
        "sellingAndMarketingExpenses": 0,
        "sellingGeneralAndAdministrativeExpenses": 0,
        "otherExpenses": 0,
        "operatingExpenses": 0,
        "costAndExpenses": 0,
        "interestIncome": 0,
        "interestExpense": 0,
        "depreciationAndAmortization": 0,
        "ebitda": 314900000,
        "ebitdaratio": 1,
        "operatingIncome": 314900000,
        "operatingIncomeRatio": 1,
        "totalOtherIncomeExpensesNet": -295100000,
        "incomeBeforeTax": 19800000,
        "incomeBeforeTaxRatio": 0.0628771038,
        "incomeTaxExpense": 0,
        "netIncome": 19800000,
        "netIncomeRatio": 0.0628771038,
        "eps": 0.49,
        "epsdiluted": 0.49,
        "weightedAverageShsOut": 12766000,
        "weightedAverageShsOutDil": 12766000,
        "link": null,
        "finalLink": null
    },
    {
        "date": "1997-06-30",
        "symbol": "FDP",
        "reportedCurrency": "USD",
        "cik": "0001047340",
        "fillingDate": "1997-06-30",
        "acceptedDate": "1997-06-30 00:00:00",
        "calendarYear": "1997",
        "period": "Q2",
        "revenue": 314800000,
        "costOfRevenue": 0,
        "grossProfit": 314800000,
        "grossProfitRatio": 1,
        "researchAndDevelopmentExpenses": 0,
        "generalAndAdministrativeExpenses": 0,
        "sellingAndMarketingExpenses": 0,
        "sellingGeneralAndAdministrativeExpenses": 0,
        "otherExpenses": 0,
        "operatingExpenses": 0,
        "costAndExpenses": 0,
        "interestIncome": 0,
        "interestExpense": 0,
        "depreciationAndAmortization": 0,
        "ebitda": 314800000,
        "ebitdaratio": 1,
        "operatingIncome": 314800000,
        "operatingIncomeRatio": 1,
        "totalOtherIncomeExpensesNet": -295000000,
        "incomeBeforeTax": 19800000,
        "incomeBeforeTaxRatio": 0.0628970775,
        "incomeTaxExpense": 0,
        "netIncome": 19800000,
        "netIncomeRatio": 0.0628970775,
        "eps": 0.48,
        "epsdiluted": 0.48,
        "weightedAverageShsOut": 12766000,
        "weightedAverageShsOutDil": 12766000,
        "link": null,
        "finalLink": null
    },
    {
        "date": "1997-03-31",
        "symbol": "FDP",
        "reportedCurrency": "USD",
        "cik": "0001047340",
        "fillingDate": "1997-03-31",
        "acceptedDate": "1997-03-31 00:00:00",
        "calendarYear": "1997",
        "period": "Q1",
        "revenue": 314800000,
        "costOfRevenue": 0,
        "grossProfit": 314800000,
        "grossProfitRatio": 1,
        "researchAndDevelopmentExpenses": 0,
        "generalAndAdministrativeExpenses": 0,
        "sellingAndMarketingExpenses": 0,
        "sellingGeneralAndAdministrativeExpenses": 0,
        "otherExpenses": 0,
        "operatingExpenses": 0,
        "costAndExpenses": 0,
        "interestIncome": 0,
        "interestExpense": 0,
        "depreciationAndAmortization": 0,
        "ebitda": 314800000,
        "ebitdaratio": 1,
        "operatingIncome": 314800000,
        "operatingIncomeRatio": 1,
        "totalOtherIncomeExpensesNet": -295000000,
        "incomeBeforeTax": 19800000,
        "incomeBeforeTaxRatio": 0.0628970775,
        "incomeTaxExpense": 0,
        "netIncome": 19800000,
        "netIncomeRatio": 0.0628970775,
        "eps": 0.48,
        "epsdiluted": 0.48,
        "weightedAverageShsOut": 12766000,
        "weightedAverageShsOutDil": 12766000,
        "link": null,
        "finalLink": null
    }
]