[
    {
        "date": "2025-09-30",
        "symbol": "FHI",
        "reportedCurrency": "USD",
        "cik": "0001056288",
        "fillingDate": "2025-10-31",
        "acceptedDate": "2025-10-31 16:19:36",
        "calendarYear": "2025",
        "period": "Q3",
        "revenue": 469446000,
        "costOfRevenue": 113569000,
        "grossProfit": 355877000,
        "grossProfitRatio": 0.7580786715,
        "researchAndDevelopmentExpenses": 0,
        "generalAndAdministrativeExpenses": 194404000,
        "sellingAndMarketingExpenses": -93822000,
        "sellingGeneralAndAdministrativeExpenses": 100582000,
        "otherExpenses": 239412000,
        "operatingExpenses": 339994000,
        "costAndExpenses": 339994000,
        "interestIncome": 14105000,
        "interestExpense": 0,
        "depreciationAndAmortization": -11053000,
        "ebitda": 128837000,
        "ebitdaratio": 0.2744447711,
        "operatingIncome": 129452000,
        "operatingIncomeRatio": 0.2757548259,
        "totalOtherIncomeExpensesNet": 10875000,
        "incomeBeforeTax": 140327000,
        "incomeBeforeTaxRatio": 0.2989204296,
        "incomeTaxExpense": 34232000,
        "netIncome": 104126000,
        "netIncomeRatio": 0.2218061289,
        "eps": 1.41,
        "epsdiluted": 1.34,
        "weightedAverageShsOut": 75541000,
        "weightedAverageShsOutDil": 75544000,
        "link": "https://www.sec.gov/Archives/edgar/data/1056288/000105628825000030/0001056288-25-000030-index.htm",
        "finalLink": "https://www.sec.gov/Archives/edgar/data/1056288/000105628825000030/fhi-20250930.htm"
    },
    {
        "date": "2025-06-30",
        "symbol": "FHI",
        "reportedCurrency": "USD",
        "cik": "0001056288",
        "fillingDate": "2025-08-01",
        "acceptedDate": "2025-08-01 16:18:29",
        "calendarYear": "2025",
        "period": "Q2",
        "revenue": 424844000,
        "costOfRevenue": 144872000,
        "grossProfit": 279972000,
        "grossProfitRatio": 0.6589995387,
        "researchAndDevelopmentExpenses": 0,
        "generalAndAdministrativeExpenses": 52019000,
        "sellingAndMarketingExpenses": 105545000,
        "sellingGeneralAndAdministrativeExpenses": 157564000,
        "otherExpenses": 5324000,
        "operatingExpenses": 162888000,
        "costAndExpenses": 307760000,
        "interestIncome": 5734000,
        "interestExpense": 3170000,
        "depreciationAndAmortization": 5637000,
        "ebitda": 133934000,
        "ebitdaratio": 0.3152545405,
        "operatingIncome": 117084000,
        "operatingIncomeRatio": 0.2755929235,
        "totalOtherIncomeExpensesNet": 13742000,
        "incomeBeforeTax": 130826000,
        "incomeBeforeTaxRatio": 0.307938914,
        "incomeTaxExpense": 34135000,
        "netIncome": 91000000,
        "netIncomeRatio": 0.2141962697,
        "eps": 1.16,
        "epsdiluted": 1.16,
        "weightedAverageShsOut": 76296000,
        "weightedAverageShsOutDil": 76300000,
        "link": "https://www.sec.gov/Archives/edgar/data/1056288/000105628825000021/0001056288-25-000021-index.htm",
        "finalLink": "https://www.sec.gov/Archives/edgar/data/1056288/000105628825000021/fhi-20250630.htm"
    },
    {
        "date": "2025-03-31",
        "symbol": "FHI",
        "reportedCurrency": "USD",
        "cik": "0001056288",
        "fillingDate": "2025-04-25",
        "acceptedDate": "2025-04-25 16:16:54",
        "calendarYear": "2025",
        "period": "Q1",
        "revenue": 423540000,
        "costOfRevenue": 143270000,
        "grossProfit": 280270000,
        "grossProfitRatio": 0.6617320678,
        "researchAndDevelopmentExpenses": 0,
        "generalAndAdministrativeExpenses": 52726000,
        "sellingAndMarketingExpenses": 103661000,
        "sellingGeneralAndAdministrativeExpenses": 156387000,
        "otherExpenses": -7889000,
        "operatingExpenses": 148498000,
        "costAndExpenses": 291768000,
        "interestIncome": 0,
        "interestExpense": 3179000,
        "depreciationAndAmortization": 5416000,
        "ebitda": 138150000,
        "ebitdaratio": 0.3261793455,
        "operatingIncome": 131772000,
        "operatingIncomeRatio": 0.3111205553,
        "totalOtherIncomeExpensesNet": 4269000,
        "incomeBeforeTax": 136041000,
        "incomeBeforeTaxRatio": 0.3211998867,
        "incomeTaxExpense": 32165000,
        "netIncome": 101134000,
        "netIncomeRatio": 0.2387826415,
        "eps": 1.25,
        "epsdiluted": 1.25,
        "weightedAverageShsOut": 77541000,
        "weightedAverageShsOutDil": 77542000,
        "link": "https://www.sec.gov/Archives/edgar/data/1056288/000105628825000016/0001056288-25-000016-index.htm",
        "finalLink": "https://www.sec.gov/Archives/edgar/data/1056288/000105628825000016/fhi-20250331.htm"
    },
    {
        "date": "2024-12-31",
        "symbol": "FHI",
        "reportedCurrency": "USD",
        "cik": "0001056288",
        "fillingDate": "2025-02-28",
        "acceptedDate": "2025-02-28 16:45:00",
        "calendarYear": "2024",
        "period": "Q4",
        "revenue": 424683000,
        "costOfRevenue": 137165000,
        "grossProfit": 287518000,
        "grossProfitRatio": 0.6770179169,
        "researchAndDevelopmentExpenses": 0,
        "generalAndAdministrativeExpenses": 54479000,
        "sellingAndMarketingExpenses": 105854000,
        "sellingGeneralAndAdministrativeExpenses": 160333000,
        "otherExpenses": 16758000,
        "operatingExpenses": 177091000,
        "costAndExpenses": 314256000,
        "interestIncome": 0,
        "interestExpense": 3187000,
        "depreciationAndAmortization": 5556000,
        "ebitda": 121075000,
        "ebitdaratio": 0.2850950003,
        "operatingIncome": 110427000,
        "operatingIncomeRatio": 0.2600221813,
        "totalOtherIncomeExpensesNet": 1905000,
        "incomeBeforeTax": 112332000,
        "incomeBeforeTaxRatio": 0.26450788,
        "incomeTaxExpense": 28478000,
        "netIncome": 84716000,
        "netIncomeRatio": 0.1994805537,
        "eps": 1.04,
        "epsdiluted": 1.04,
        "weightedAverageShsOut": 78300000,
        "weightedAverageShsOutDil": 78300000,
        "link": "https://www.sec.gov/Archives/edgar/data/1056288/000105628825000004/0001056288-25-000004-index.htm",
        "finalLink": "https://www.sec.gov/Archives/edgar/data/1056288/000105628825000004/fhi-20241231.htm"
    },
    {
        "date": "2024-09-30",
        "symbol": "FHI",
        "reportedCurrency": "USD",
        "cik": "0001056288",
        "fillingDate": "2024-10-25",
        "acceptedDate": "2024-10-25 16:15:46",
        "calendarYear": "2024",
        "period": "Q3",
        "revenue": 408456000,
        "costOfRevenue": 136027000,
        "grossProfit": 272429000,
        "grossProfitRatio": 0.6669726972,
        "researchAndDevelopmentExpenses": 0,
        "generalAndAdministrativeExpenses": 53389000,
        "sellingAndMarketingExpenses": 101237000,
        "sellingGeneralAndAdministrativeExpenses": 154626000,
        "otherExpenses": 6061000,
        "operatingExpenses": 160687000,
        "costAndExpenses": 296714000,
        "interestIncome": 0,
        "interestExpense": 3170000,
        "depreciationAndAmortization": 5714000,
        "ebitda": 125391000,
        "ebitdaratio": 0.3069877784,
        "operatingIncome": 111742000,
        "operatingIncomeRatio": 0.2735716944,
        "totalOtherIncomeExpensesNet": 10861000,
        "incomeBeforeTax": 122603000,
        "incomeBeforeTaxRatio": 0.3001620738,
        "incomeTaxExpense": 32262000,
        "netIncome": 87538000,
        "netIncomeRatio": 0.2143143937,
        "eps": 1.06,
        "epsdiluted": 1.06,
        "weightedAverageShsOut": 78690000,
        "weightedAverageShsOutDil": 78706000,
        "link": "https://www.sec.gov/Archives/edgar/data/1056288/000105628824000025/0001056288-24-000025-index.htm",
        "finalLink": "https://www.sec.gov/Archives/edgar/data/1056288/000105628824000025/fhi-20240930.htm"
    },
    {
        "date": "2024-06-30",
        "symbol": "FHI",
        "reportedCurrency": "USD",
        "cik": "0001056288",
        "fillingDate": "2024-07-26",
        "acceptedDate": "2024-07-26 16:17:23",
        "calendarYear": "2024",
        "period": "Q2",
        "revenue": 402063000,
        "costOfRevenue": 130748000,
        "grossProfit": 271835000,
        "grossProfitRatio": 0.6761005116,
        "researchAndDevelopmentExpenses": 0,
        "generalAndAdministrativeExpenses": 52804000,
        "sellingAndMarketingExpenses": 100124000,
        "sellingGeneralAndAdministrativeExpenses": 152928000,
        "otherExpenses": 78190000,
        "operatingExpenses": 231118000,
        "costAndExpenses": 361866000,
        "interestIncome": 0,
        "interestExpense": 3159000,
        "depreciationAndAmortization": 5534000,
        "ebitda": 111726000,
        "ebitdaratio": 0.2778818245,
        "operatingIncome": 40717000,
        "operatingIncomeRatio": 0.1012701989,
        "totalOtherIncomeExpensesNet": 1939000,
        "incomeBeforeTax": 42656000,
        "incomeBeforeTaxRatio": 0.1060928262,
        "incomeTaxExpense": 23431000,
        "netIncome": 21027000,
        "netIncomeRatio": 0.0522977742,
        "eps": 0.2,
        "epsdiluted": 0.2,
        "weightedAverageShsOut": 80026000,
        "weightedAverageShsOutDil": 80026000,
        "link": "https://www.sec.gov/Archives/edgar/data/1056288/000105628824000018/0001056288-24-000018-index.htm",
        "finalLink": "https://www.sec.gov/Archives/edgar/data/1056288/000105628824000018/fhi-20240630.htm"
    },
    {
        "date": "2024-03-31",
        "symbol": "FHI",
        "reportedCurrency": "USD",
        "cik": "0001056288",
        "fillingDate": "2024-04-26",
        "acceptedDate": "2024-04-26 16:27:01",
        "calendarYear": "2024",
        "period": "Q1",
        "revenue": 397705000,
        "costOfRevenue": 136546000,
        "grossProfit": 259825000,
        "grossProfitRatio": 0.6533108711,
        "researchAndDevelopmentExpenses": 0,
        "generalAndAdministrativeExpenses": 50144000,
        "sellingAndMarketingExpenses": 99200000,
        "sellingGeneralAndAdministrativeExpenses": 149344000,
        "otherExpenses": 11900000,
        "operatingExpenses": 161244000,
        "costAndExpenses": 297377000,
        "interestIncome": 6736000,
        "interestExpense": 0,
        "depreciationAndAmortization": 5625000,
        "ebitda": 105953000,
        "ebitdaratio": 0.2664110333,
        "operatingIncome": 98581000,
        "operatingIncomeRatio": 0.247874681,
        "totalOtherIncomeExpensesNet": 5437000,
        "incomeBeforeTax": 104018000,
        "incomeBeforeTaxRatio": 0.261545618,
        "incomeTaxExpense": 29008000,
        "netIncome": 75033000,
        "netIncomeRatio": 0.1886649652,
        "eps": 0.89,
        "epsdiluted": 0.89,
        "weightedAverageShsOut": 80709000,
        "weightedAverageShsOutDil": 80710000,
        "link": "https://www.sec.gov/Archives/edgar/data/1056288/000105628824000014/0001056288-24-000014-index.htm",
        "finalLink": "https://www.sec.gov/Archives/edgar/data/1056288/000105628824000014/fhi-20240331.htm"
    },
    {
        "date": "2023-12-31",
        "symbol": "FHI",
        "reportedCurrency": "USD",
        "cik": "0001056288",
        "fillingDate": "2024-02-23",
        "acceptedDate": "2024-02-23 16:15:52",
        "calendarYear": "2023",
        "period": "Q4",
        "revenue": 391497000,
        "costOfRevenue": 127504000,
        "grossProfit": 263993000,
        "grossProfitRatio": 0.6743167891,
        "researchAndDevelopmentExpenses": 0,
        "generalAndAdministrativeExpenses": 47736000,
        "sellingAndMarketingExpenses": 100624000,
        "sellingGeneralAndAdministrativeExpenses": 148360000,
        "otherExpenses": 13063000,
        "operatingExpenses": 161423000,
        "costAndExpenses": 288927000,
        "interestIncome": 0,
        "interestExpense": 3142000,
        "depreciationAndAmortization": 6018000,
        "ebitda": 119675000,
        "ebitdaratio": 0.3056856119,
        "operatingIncome": 102570000,
        "operatingIncomeRatio": 0.2619943448,
        "totalOtherIncomeExpensesNet": 14737000,
        "incomeBeforeTax": 117307000,
        "incomeBeforeTaxRatio": 0.2996370343,
        "incomeTaxExpense": 31260000,
        "netIncome": 82178000,
        "netIncomeRatio": 0.2099071002,
        "eps": 0.96,
        "epsdiluted": 0.96,
        "weightedAverageShsOut": 81961000,
        "weightedAverageShsOutDil": 81973000,
        "link": "https://www.sec.gov/Archives/edgar/data/1056288/000105628824000006/0001056288-24-000006-index.htm",
        "finalLink": "https://www.sec.gov/Archives/edgar/data/1056288/000105628824000006/fhi-20231231.htm"
    },
    {
        "date": "2023-09-30",
        "symbol": "FHI",
        "reportedCurrency": "USD",
        "cik": "0001056288",
        "fillingDate": "2023-10-27",
        "acceptedDate": "2023-10-27 16:06:27",
        "calendarYear": "2023",
        "period": "Q3",
        "revenue": 402656000,
        "costOfRevenue": 10632000,
        "grossProfit": 392024000,
        "grossProfitRatio": 0.973595327,
        "researchAndDevelopmentExpenses": 0,
        "generalAndAdministrativeExpenses": 105584000,
        "sellingAndMarketingExpenses": 93695000,
        "sellingGeneralAndAdministrativeExpenses": 109441000,
        "otherExpenses": 181159000,
        "operatingExpenses": 290600000,
        "costAndExpenses": 301232000,
        "interestIncome": 0,
        "interestExpense": 3133000,
        "depreciationAndAmortization": 6093000,
        "ebitda": 104079000,
        "ebitdaratio": 0.2584811849,
        "operatingIncome": 101424000,
        "operatingIncomeRatio": 0.2518874672,
        "totalOtherIncomeExpensesNet": -419000,
        "incomeBeforeTax": 101005000,
        "incomeBeforeTaxRatio": 0.2508468767,
        "incomeTaxExpense": 26739000,
        "netIncome": 75026000,
        "netIncomeRatio": 0.1863277835,
        "eps": 0.86,
        "epsdiluted": 0.86,
        "weightedAverageShsOut": 83710000,
        "weightedAverageShsOutDil": 83710000,
        "link": "https://www.sec.gov/Archives/edgar/data/1056288/000105628823000029/0001056288-23-000029-index.htm",
        "finalLink": "https://www.sec.gov/Archives/edgar/data/1056288/000105628823000029/fhi-20230930.htm"
    },
    {
        "date": "2023-06-30",
        "symbol": "FHI",
        "reportedCurrency": "USD",
        "cik": "0001056288",
        "fillingDate": "2023-08-02",
        "acceptedDate": "2023-08-02 16:16:50",
        "calendarYear": "2023",
        "period": "Q2",
        "revenue": 433232000,
        "costOfRevenue": 159883000,
        "grossProfit": 273349000,
        "grossProfitRatio": 0.6309529305,
        "researchAndDevelopmentExpenses": 0,
        "generalAndAdministrativeExpenses": 52577000,
        "sellingAndMarketingExpenses": 102195000,
        "sellingGeneralAndAdministrativeExpenses": 154772000,
        "otherExpenses": -15000,
        "operatingExpenses": 174960000,
        "costAndExpenses": 334843000,
        "interestIncome": 5249000,
        "interestExpense": 3118000,
        "depreciationAndAmortization": 6702000,
        "ebitda": 105091000,
        "ebitdaratio": 0.2425744174,
        "operatingIncome": 98389000,
        "operatingIncomeRatio": 0.227104646,
        "totalOtherIncomeExpensesNet": 2156000,
        "incomeBeforeTax": 100545000,
        "incomeBeforeTaxRatio": 0.2320811944,
        "incomeTaxExpense": 27543000,
        "netIncome": 72175000,
        "netIncomeRatio": 0.1665966503,
        "eps": 0.81,
        "epsdiluted": 0.81,
        "weightedAverageShsOut": 84930000,
        "weightedAverageShsOutDil": 84939000,
        "link": "https://www.sec.gov/Archives/edgar/data/1056288/000105628823000022/0001056288-23-000022-index.htm",
        "finalLink": "https://www.sec.gov/Archives/edgar/data/1056288/000105628823000022/fhi-20230630.htm"
    },
    {
        "date": "2023-03-31",
        "symbol": "FHI",
        "reportedCurrency": "USD",
        "cik": "0001056288",
        "fillingDate": "2023-05-02",
        "acceptedDate": "2023-05-02 16:43:53",
        "calendarYear": "2023",
        "period": "Q1",
        "revenue": 382189000,
        "costOfRevenue": 136878000,
        "grossProfit": 245311000,
        "grossProfitRatio": 0.6418578243,
        "researchAndDevelopmentExpenses": 0,
        "generalAndAdministrativeExpenses": 52297000,
        "sellingAndMarketingExpenses": 97675000,
        "sellingGeneralAndAdministrativeExpenses": 149972000,
        "otherExpenses": 10173000,
        "operatingExpenses": 160145000,
        "costAndExpenses": 297023000,
        "interestIncome": 4820000,
        "interestExpense": 3125000,
        "depreciationAndAmortization": 8022000,
        "ebitda": 93188000,
        "ebitdaratio": 0.2438270071,
        "operatingIncome": 85166000,
        "operatingIncomeRatio": 0.222837392,
        "totalOtherIncomeExpensesNet": 7309000,
        "incomeBeforeTax": 92475000,
        "incomeBeforeTaxRatio": 0.2419614379,
        "incomeTaxExpense": 21009000,
        "netIncome": 69601000,
        "netIncomeRatio": 0.1821114684,
        "eps": 0.78,
        "epsdiluted": 0.78,
        "weightedAverageShsOut": 84875000,
        "weightedAverageShsOutDil": 84875000,
        "link": "https://www.sec.gov/Archives/edgar/data/1056288/000105628823000016/0001056288-23-000016-index.htm",
        "finalLink": "https://www.sec.gov/Archives/edgar/data/1056288/000105628823000016/fhi-20230331.htm"
    },
    {
        "date": "2022-12-31",
        "symbol": "FHI",
        "reportedCurrency": "USD",
        "cik": "0001056288",
        "fillingDate": "2023-02-24",
        "acceptedDate": "2023-02-24 17:28:22",
        "calendarYear": "2022",
        "period": "Q4",
        "revenue": 373899000,
        "costOfRevenue": 123994000,
        "grossProfit": 249905000,
        "grossProfitRatio": 0.6683756843,
        "researchAndDevelopmentExpenses": 0,
        "generalAndAdministrativeExpenses": 47554000,
        "sellingAndMarketingExpenses": 97685000,
        "sellingGeneralAndAdministrativeExpenses": 145239000,
        "otherExpenses": 40917000,
        "operatingExpenses": 186156000,
        "costAndExpenses": 310150000,
        "interestIncome": 3703000,
        "interestExpense": 3200000,
        "depreciationAndAmortization": 6888000,
        "ebitda": 117557000,
        "ebitdaratio": 0.3144084365,
        "operatingIncome": 63749000,
        "operatingIncomeRatio": 0.1704979152,
        "totalOtherIncomeExpensesNet": 11404000,
        "incomeBeforeTax": 75153000,
        "incomeBeforeTaxRatio": 0.2009981305,
        "incomeTaxExpense": 13518000,
        "netIncome": 56497000,
        "netIncomeRatio": 0.151102303,
        "eps": 0.63,
        "epsdiluted": 0.63,
        "weightedAverageShsOut": 84731000,
        "weightedAverageShsOutDil": 84743000,
        "link": "https://www.sec.gov/Archives/edgar/data/1056288/000105628823000006/0001056288-23-000006-index.htm",
        "finalLink": "https://www.sec.gov/Archives/edgar/data/1056288/000105628823000006/fhi-20221231.htm"
    },
    {
        "date": "2022-09-30",
        "symbol": "FHI",
        "reportedCurrency": "USD",
        "cik": "0001056288",
        "fillingDate": "2022-11-01",
        "acceptedDate": "2022-11-01 16:19:18",
        "calendarYear": "2022",
        "period": "Q3",
        "revenue": 381143000,
        "costOfRevenue": 126668000,
        "grossProfit": 254475000,
        "grossProfitRatio": 0.6676627932,
        "researchAndDevelopmentExpenses": 0,
        "generalAndAdministrativeExpenses": 47540000,
        "sellingAndMarketingExpenses": 97528000,
        "sellingGeneralAndAdministrativeExpenses": 145068000,
        "otherExpenses": 12627000,
        "operatingExpenses": 157695000,
        "costAndExpenses": 284363000,
        "interestIncome": 2599000,
        "interestExpense": 5661000,
        "depreciationAndAmortization": 6774000,
        "ebitda": 103554000,
        "ebitdaratio": 0.2716933015,
        "operatingIncome": 96780000,
        "operatingIncomeRatio": 0.2539204446,
        "totalOtherIncomeExpensesNet": -7566000,
        "incomeBeforeTax": 89214000,
        "incomeBeforeTaxRatio": 0.2340696274,
        "incomeTaxExpense": 21640000,
        "netIncome": 65914000,
        "netIncomeRatio": 0.1729377163,
        "eps": 0.78,
        "epsdiluted": 0.78,
        "weightedAverageShsOut": 84341000,
        "weightedAverageShsOutDil": 84341000,
        "link": "https://www.sec.gov/Archives/edgar/data/1056288/000105628822000037/0001056288-22-000037-index.htm",
        "finalLink": "https://www.sec.gov/Archives/edgar/data/1056288/000105628822000037/fhi-20220930.htm"
    },
    {
        "date": "2022-06-30",
        "symbol": "FHI",
        "reportedCurrency": "USD",
        "cik": "0001056288",
        "fillingDate": "2022-08-02",
        "acceptedDate": "2022-08-02 16:20:22",
        "calendarYear": "2022",
        "period": "Q2",
        "revenue": 366008000,
        "costOfRevenue": 128086000,
        "grossProfit": 237922000,
        "grossProfitRatio": 0.6500459006,
        "researchAndDevelopmentExpenses": 0,
        "generalAndAdministrativeExpenses": 42934000,
        "sellingAndMarketingExpenses": 88979000,
        "sellingGeneralAndAdministrativeExpenses": 131913000,
        "otherExpenses": -13000,
        "operatingExpenses": 145604000,
        "costAndExpenses": 273690000,
        "interestIncome": 0,
        "interestExpense": 3350000,
        "depreciationAndAmortization": 6961000,
        "ebitda": 99279000,
        "ebitdaratio": 0.2712481694,
        "operatingIncome": 92318000,
        "operatingIncomeRatio": 0.2522294595,
        "totalOtherIncomeExpensesNet": -22671000,
        "incomeBeforeTax": 69647000,
        "incomeBeforeTaxRatio": 0.1902881904,
        "incomeTaxExpense": 18889000,
        "netIncome": 54560000,
        "netIncomeRatio": 0.1490677799,
        "eps": 0.64,
        "epsdiluted": 0.64,
        "weightedAverageShsOut": 85563000,
        "weightedAverageShsOutDil": 85563000,
        "link": "https://www.sec.gov/Archives/edgar/data/1056288/000105628822000031/0001056288-22-000031-index.htm",
        "finalLink": "https://www.sec.gov/Archives/edgar/data/1056288/000105628822000031/fhi-20220630.htm"
    },
    {
        "date": "2022-03-31",
        "symbol": "FHI",
        "reportedCurrency": "USD",
        "cik": "0001056288",
        "fillingDate": "2022-05-03",
        "acceptedDate": "2022-05-03 16:23:23",
        "calendarYear": "2022",
        "period": "Q1",
        "revenue": 324764000,
        "costOfRevenue": 133965000,
        "grossProfit": 190799000,
        "grossProfitRatio": 0.5875004619,
        "researchAndDevelopmentExpenses": 0,
        "generalAndAdministrativeExpenses": 46079000,
        "sellingAndMarketingExpenses": 51294000,
        "sellingGeneralAndAdministrativeExpenses": 97373000,
        "otherExpenses": 9477000,
        "operatingExpenses": 106850000,
        "costAndExpenses": 240815000,
        "interestIncome": 0,
        "interestExpense": 10475000,
        "depreciationAndAmortization": 7462000,
        "ebitda": 91411000,
        "ebitdaratio": 0.2814690052,
        "operatingIncome": 83949000,
        "operatingIncomeRatio": 0.2584923206,
        "totalOtherIncomeExpensesNet": -11741000,
        "incomeBeforeTax": 72208000,
        "incomeBeforeTaxRatio": 0.2223399145,
        "incomeTaxExpense": 17611000,
        "netIncome": 53420000,
        "netIncomeRatio": 0.1644886749,
        "eps": 0.61,
        "epsdiluted": 0.61,
        "weightedAverageShsOut": 88050000,
        "weightedAverageShsOutDil": 88050000,
        "link": "https://www.sec.gov/Archives/edgar/data/1056288/000105628822000022/0001056288-22-000022-index.htm",
        "finalLink": "https://www.sec.gov/Archives/edgar/data/1056288/000105628822000022/fhi-20220331.htm"
    },
    {
        "date": "2021-12-31",
        "symbol": "FHI",
        "reportedCurrency": "USD",
        "cik": "0001056288",
        "fillingDate": "2022-02-25",
        "acceptedDate": "2022-02-25 16:16:53",
        "calendarYear": "2021",
        "period": "Q4",
        "revenue": 321645000,
        "costOfRevenue": 124107000,
        "grossProfit": 197538000,
        "grossProfitRatio": 0.6141491396,
        "researchAndDevelopmentExpenses": 0,
        "generalAndAdministrativeExpenses": 49336000,
        "sellingAndMarketingExpenses": 49387000,
        "sellingGeneralAndAdministrativeExpenses": 98723000,
        "otherExpenses": -214000,
        "operatingExpenses": 108955000,
        "costAndExpenses": 233062000,
        "interestIncome": 0,
        "interestExpense": 0,
        "depreciationAndAmortization": 7371000,
        "ebitda": 95954000,
        "ebitdaratio": 0.2983226849,
        "operatingIncome": 88583000,
        "operatingIncomeRatio": 0.2754061154,
        "totalOtherIncomeExpensesNet": 3043000,
        "incomeBeforeTax": 91626000,
        "incomeBeforeTaxRatio": 0.2848668563,
        "incomeTaxExpense": 20629000,
        "netIncome": 65649000,
        "netIncomeRatio": 0.2041039034,
        "eps": 0.71,
        "epsdiluted": 0.71,
        "weightedAverageShsOut": 91924000,
        "weightedAverageShsOutDil": 91924000,
        "link": "https://www.sec.gov/Archives/edgar/data/1056288/000105628822000010/0001056288-22-000010-index.htm",
        "finalLink": "https://www.sec.gov/Archives/edgar/data/1056288/000105628822000010/fhi-20211231.htm"
    },
    {
        "date": "2021-09-30",
        "symbol": "FHI",
        "reportedCurrency": "USD",
        "cik": "0001056288",
        "fillingDate": "2021-10-29",
        "acceptedDate": "2021-10-29 16:17:54",
        "calendarYear": "2021",
        "period": "Q3",
        "revenue": 326589000,
        "costOfRevenue": 131996000,
        "grossProfit": 194593000,
        "grossProfitRatio": 0.5958345198,
        "researchAndDevelopmentExpenses": 0,
        "generalAndAdministrativeExpenses": 45510000,
        "sellingAndMarketingExpenses": 43146000,
        "sellingGeneralAndAdministrativeExpenses": 88656000,
        "otherExpenses": -1795000,
        "operatingExpenses": 96191000,
        "costAndExpenses": 228187000,
        "interestIncome": 0,
        "interestExpense": 0,
        "depreciationAndAmortization": 8074000,
        "ebitda": 98402000,
        "ebitdaratio": 0.3013022484,
        "operatingIncome": 98402000,
        "operatingIncomeRatio": 0.3013022484,
        "totalOtherIncomeExpensesNet": -1753000,
        "incomeBeforeTax": 96649000,
        "incomeBeforeTaxRatio": 0.2959346457,
        "incomeTaxExpense": 23163000,
        "netIncome": 68373000,
        "netIncomeRatio": 0.2093548772,
        "eps": 0.73,
        "epsdiluted": 0.73,
        "weightedAverageShsOut": 93320000,
        "weightedAverageShsOutDil": 93320000,
        "link": "https://www.sec.gov/Archives/edgar/data/1056288/000105628821000026/0001056288-21-000026-index.htm",
        "finalLink": "https://www.sec.gov/Archives/edgar/data/1056288/000105628821000026/fhi-20210930.htm"
    },
    {
        "date": "2021-06-30",
        "symbol": "FHI",
        "reportedCurrency": "USD",
        "cik": "0001056288",
        "fillingDate": "2021-08-03",
        "acceptedDate": "2021-08-03 16:18:34",
        "calendarYear": "2021",
        "period": "Q2",
        "revenue": 311040000,
        "costOfRevenue": 132769000,
        "grossProfit": 178271000,
        "grossProfitRatio": 0.5731449331,
        "researchAndDevelopmentExpenses": 0,
        "generalAndAdministrativeExpenses": 46056000,
        "sellingAndMarketingExpenses": 42738000,
        "sellingGeneralAndAdministrativeExpenses": 88794000,
        "otherExpenses": -530000,
        "operatingExpenses": 96462000,
        "costAndExpenses": 229231000,
        "interestIncome": 0,
        "interestExpense": 0,
        "depreciationAndAmortization": 7329000,
        "ebitda": 81809000,
        "ebitdaratio": 0.2630176183,
        "operatingIncome": 81809000,
        "operatingIncomeRatio": 0.2630176183,
        "totalOtherIncomeExpensesNet": 6863000,
        "incomeBeforeTax": 88672000,
        "incomeBeforeTaxRatio": 0.2850823045,
        "incomeTaxExpense": 35193000,
        "netIncome": 53528000,
        "netIncomeRatio": 0.1720936214,
        "eps": 0.57,
        "epsdiluted": 0.56,
        "weightedAverageShsOut": 93964000,
        "weightedAverageShsOutDil": 93964000,
        "link": "https://www.sec.gov/Archives/edgar/data/1056288/000162828021015334/0001628280-21-015334-index.htm",
        "finalLink": "https://www.sec.gov/Archives/edgar/data/1056288/000162828021015334/fhi-20210630.htm"
    },
    {
        "date": "2021-03-31",
        "symbol": "FHI",
        "reportedCurrency": "USD",
        "cik": "0001056288",
        "fillingDate": "2021-05-04",
        "acceptedDate": "2021-05-04 16:17:05",
        "calendarYear": "2021",
        "period": "Q1",
        "revenue": 341173000,
        "costOfRevenue": 143620000,
        "grossProfit": 197553000,
        "grossProfitRatio": 0.5790405454,
        "researchAndDevelopmentExpenses": 0,
        "generalAndAdministrativeExpenses": 44766000,
        "sellingAndMarketingExpenses": 47213000,
        "sellingGeneralAndAdministrativeExpenses": 91979000,
        "otherExpenses": -146000,
        "operatingExpenses": 100075000,
        "costAndExpenses": 243695000,
        "interestIncome": 0,
        "interestExpense": 0,
        "depreciationAndAmortization": 7473000,
        "ebitda": 104951000,
        "ebitdaratio": 0.3076181292,
        "operatingIncome": 97478000,
        "operatingIncomeRatio": 0.2857142857,
        "totalOtherIncomeExpensesNet": 1865000,
        "incomeBeforeTax": 99343000,
        "incomeBeforeTaxRatio": 0.2911807206,
        "incomeTaxExpense": 24997000,
        "netIncome": 71476000,
        "netIncomeRatio": 0.2095007518,
        "eps": 0.75,
        "epsdiluted": 0.75,
        "weightedAverageShsOut": 95218000,
        "weightedAverageShsOutDil": 95218000,
        "link": "https://www.sec.gov/Archives/edgar/data/1056288/000105628821000013/0001056288-21-000013-index.htm",
        "finalLink": "https://www.sec.gov/Archives/edgar/data/1056288/000105628821000013/fhi-20210331.htm"
    },
    {
        "date": "2020-12-31",
        "symbol": "FHI",
        "reportedCurrency": "USD",
        "cik": "0001056288",
        "fillingDate": "2021-02-26",
        "acceptedDate": "2021-02-26 16:35:29",
        "calendarYear": "2020",
        "period": "Q4",
        "revenue": 363918000,
        "costOfRevenue": 138296000,
        "grossProfit": 225622000,
        "grossProfitRatio": 0.6199803252,
        "researchAndDevelopmentExpenses": 0,
        "generalAndAdministrativeExpenses": 39455000,
        "sellingAndMarketingExpenses": 64272000,
        "sellingGeneralAndAdministrativeExpenses": 103727000,
        "otherExpenses": -495000,
        "operatingExpenses": 110847000,
        "costAndExpenses": 249143000,
        "interestIncome": 0,
        "interestExpense": 468000,
        "depreciationAndAmortization": 7222000,
        "ebitda": 121997000,
        "ebitdaratio": 0.3352321127,
        "operatingIncome": 114775000,
        "operatingIncomeRatio": 0.3153869828,
        "totalOtherIncomeExpensesNet": 14680000,
        "incomeBeforeTax": 129455000,
        "incomeBeforeTaxRatio": 0.3557257404,
        "incomeTaxExpense": 28183000,
        "netIncome": 91311000,
        "netIncomeRatio": 0.2509109195,
        "eps": 0.94,
        "epsdiluted": 0.93,
        "weightedAverageShsOut": 95504000,
        "weightedAverageShsOutDil": 95504000,
        "link": "https://www.sec.gov/Archives/edgar/data/1056288/000105628821000008/0001056288-21-000008-index.htm",
        "finalLink": "https://www.sec.gov/Archives/edgar/data/1056288/000105628821000008/fhi-20201231.htm"
    },
    {
        "date": "2020-09-30",
        "symbol": "FHI",
        "reportedCurrency": "USD",
        "cik": "0001056288",
        "fillingDate": "2020-10-30",
        "acceptedDate": "2020-10-30 16:09:54",
        "calendarYear": "2020",
        "period": "Q3",
        "revenue": 364455000,
        "costOfRevenue": 126186000,
        "grossProfit": 238269000,
        "grossProfitRatio": 0.6537679549,
        "researchAndDevelopmentExpenses": 0,
        "generalAndAdministrativeExpenses": 41319000,
        "sellingAndMarketingExpenses": 76647000,
        "sellingGeneralAndAdministrativeExpenses": 117966000,
        "otherExpenses": -391000,
        "operatingExpenses": 124888000,
        "costAndExpenses": 251074000,
        "interestIncome": 0,
        "interestExpense": 494000,
        "depreciationAndAmortization": 8343000,
        "ebitda": 121724000,
        "ebitdaratio": 0.333989107,
        "operatingIncome": 113381000,
        "operatingIncomeRatio": 0.311097392,
        "totalOtherIncomeExpensesNet": 6231000,
        "incomeBeforeTax": 119612000,
        "incomeBeforeTaxRatio": 0.3281941529,
        "incomeTaxExpense": 32928000,
        "netIncome": 82444000,
        "netIncomeRatio": 0.2262117408,
        "eps": 0.86,
        "epsdiluted": 0.85,
        "weightedAverageShsOut": 96039000,
        "weightedAverageShsOutDil": 96039000,
        "link": "https://www.sec.gov/Archives/edgar/data/1056288/000105628820000037/0001056288-20-000037-index.htm",
        "finalLink": "https://www.sec.gov/Archives/edgar/data/1056288/000105628820000037/fhi-20200930.htm"
    },
    {
        "date": "2020-06-30",
        "symbol": "FHI",
        "reportedCurrency": "USD",
        "cik": "0001056288",
        "fillingDate": "2020-08-04",
        "acceptedDate": "2020-08-04 16:17:16",
        "calendarYear": "2020",
        "period": "Q2",
        "revenue": 360712000,
        "costOfRevenue": 89038000,
        "grossProfit": 271674000,
        "grossProfitRatio": 0.7531604161,
        "researchAndDevelopmentExpenses": 0,
        "generalAndAdministrativeExpenses": 39494000,
        "sellingAndMarketingExpenses": 126648000,
        "sellingGeneralAndAdministrativeExpenses": 166142000,
        "otherExpenses": -809000,
        "operatingExpenses": 174423000,
        "costAndExpenses": 263461000,
        "interestIncome": 0,
        "interestExpense": 785000,
        "depreciationAndAmortization": 7181000,
        "ebitda": 104432000,
        "ebitdaratio": 0.28951629,
        "operatingIncome": 97251000,
        "operatingIncomeRatio": 0.2696084411,
        "totalOtherIncomeExpensesNet": 14032000,
        "incomeBeforeTax": 111283000,
        "incomeBeforeTaxRatio": 0.3085092816,
        "incomeTaxExpense": 26482000,
        "netIncome": 78025000,
        "netIncomeRatio": 0.2163083014,
        "eps": 0.81,
        "epsdiluted": 0.8,
        "weightedAverageShsOut": 96800000,
        "weightedAverageShsOutDil": 96800000,
        "link": "https://www.sec.gov/Archives/edgar/data/1056288/000105628820000031/0001056288-20-000031-index.htm",
        "finalLink": "https://www.sec.gov/Archives/edgar/data/1056288/000105628820000031/fhi-20200630x10q.htm"
    },
    {
        "date": "2020-03-31",
        "symbol": "FHI",
        "reportedCurrency": "USD",
        "cik": "0001056288",
        "fillingDate": "2020-05-06",
        "acceptedDate": "2020-05-06 16:17:43",
        "calendarYear": "2020",
        "period": "Q1",
        "revenue": 359183000,
        "costOfRevenue": 115335000,
        "grossProfit": 243848000,
        "grossProfitRatio": 0.6788962729,
        "researchAndDevelopmentExpenses": 0,
        "generalAndAdministrativeExpenses": 43094000,
        "sellingAndMarketingExpenses": 101155000,
        "sellingGeneralAndAdministrativeExpenses": 144249000,
        "otherExpenses": 7414000,
        "operatingExpenses": 151104000,
        "costAndExpenses": 266439000,
        "interestIncome": 0,
        "interestExpense": 931000,
        "depreciationAndAmortization": 6907000,
        "ebitda": 99651000,
        "ebitdaratio": 0.2774379634,
        "operatingIncome": 92744000,
        "operatingIncomeRatio": 0.2582082114,
        "totalOtherIncomeExpensesNet": -7037000,
        "incomeBeforeTax": 85707000,
        "incomeBeforeTaxRatio": 0.238616527,
        "incomeTaxExpense": 22442000,
        "netIncome": 61768000,
        "netIncomeRatio": 0.1719680497,
        "eps": 0.63,
        "epsdiluted": 0.63,
        "weightedAverageShsOut": 97345000,
        "weightedAverageShsOutDil": 97345000,
        "link": "https://www.sec.gov/Archives/edgar/data/1056288/000105628820000025/0001056288-20-000025-index.htm",
        "finalLink": "https://www.sec.gov/Archives/edgar/data/1056288/000105628820000025/fii-20200331x10q.htm"
    },
    {
        "date": "2019-12-31",
        "symbol": "FHI",
        "reportedCurrency": "USD",
        "cik": "0001056288",
        "fillingDate": "2020-02-21",
        "acceptedDate": "2020-02-21 16:07:15",
        "calendarYear": "2019",
        "period": "Q4",
        "revenue": 358025000,
        "costOfRevenue": 111436000,
        "grossProfit": 246589000,
        "grossProfitRatio": 0.6887479925,
        "researchAndDevelopmentExpenses": 0,
        "generalAndAdministrativeExpenses": 42823000,
        "sellingAndMarketingExpenses": 97735000,
        "sellingGeneralAndAdministrativeExpenses": 140558000,
        "otherExpenses": 4143000,
        "operatingExpenses": 143798000,
        "costAndExpenses": 255234000,
        "interestIncome": 0,
        "interestExpense": 1066000,
        "depreciationAndAmortization": 6757000,
        "ebitda": 109548000,
        "ebitdaratio": 0.3059786328,
        "operatingIncome": 102791000,
        "operatingIncomeRatio": 0.287105649,
        "totalOtherIncomeExpensesNet": 8880000,
        "incomeBeforeTax": 111671000,
        "incomeBeforeTaxRatio": 0.3119083863,
        "incomeTaxExpense": 26582000,
        "netIncome": 79195000,
        "netIncomeRatio": 0.2211996369,
        "eps": 0.81,
        "epsdiluted": 0.81,
        "weightedAverageShsOut": 97403000,
        "weightedAverageShsOutDil": 97403000,
        "link": "https://www.sec.gov/Archives/edgar/data/1056288/000105628820000015/0001056288-20-000015-index.htm",
        "finalLink": "https://www.sec.gov/Archives/edgar/data/1056288/000105628820000015/fii-10kfy2019.htm"
    },
    {
        "date": "2019-09-30",
        "symbol": "FHI",
        "reportedCurrency": "USD",
        "cik": "0001056288",
        "fillingDate": "2019-11-01",
        "acceptedDate": "2019-11-01 16:04:16",
        "calendarYear": "2019",
        "period": "Q3",
        "revenue": 340340000,
        "costOfRevenue": 112247000,
        "grossProfit": 228093000,
        "grossProfitRatio": 0.6701915731,
        "researchAndDevelopmentExpenses": 0,
        "generalAndAdministrativeExpenses": 39044000,
        "sellingAndMarketingExpenses": 92184000,
        "sellingGeneralAndAdministrativeExpenses": 131228000,
        "otherExpenses": 7025000,
        "operatingExpenses": 138786000,
        "costAndExpenses": 251033000,
        "interestIncome": 0,
        "interestExpense": 1239000,
        "depreciationAndAmortization": 6714000,
        "ebitda": 96021000,
        "ebitdaratio": 0.2821325733,
        "operatingIncome": 89307000,
        "operatingIncomeRatio": 0.2624052418,
        "totalOtherIncomeExpensesNet": 7469000,
        "incomeBeforeTax": 96776000,
        "incomeBeforeTaxRatio": 0.2843509432,
        "incomeTaxExpense": 23191000,
        "netIncome": 70188000,
        "netIncomeRatio": 0.2062290651,
        "eps": 0.72,
        "epsdiluted": 0.72,
        "weightedAverageShsOut": 97306000,
        "weightedAverageShsOutDil": 97306000,
        "link": "https://www.sec.gov/Archives/edgar/data/1056288/000105628819000022/0001056288-19-000022-index.htm",
        "finalLink": "https://www.sec.gov/Archives/edgar/data/1056288/000105628819000022/fii-20190930x10q.htm"
    },
    {
        "date": "2019-06-30",
        "symbol": "FHI",
        "reportedCurrency": "USD",
        "cik": "0001056288",
        "fillingDate": "2019-07-31",
        "acceptedDate": "2019-07-31 16:27:57",
        "calendarYear": "2019",
        "period": "Q2",
        "revenue": 321479000,
        "costOfRevenue": 107248000,
        "grossProfit": 214231000,
        "grossProfitRatio": 0.666391895,
        "researchAndDevelopmentExpenses": 0,
        "generalAndAdministrativeExpenses": 37917000,
        "sellingAndMarketingExpenses": 86697000,
        "sellingGeneralAndAdministrativeExpenses": 124614000,
        "otherExpenses": -2164000,
        "operatingExpenses": 129291000,
        "costAndExpenses": 236539000,
        "interestIncome": 0,
        "interestExpense": 1332000,
        "depreciationAndAmortization": 5230000,
        "ebitda": 90170000,
        "ebitdaratio": 0.2804848839,
        "operatingIncome": 84940000,
        "operatingIncomeRatio": 0.2642163252,
        "totalOtherIncomeExpensesNet": -638000,
        "incomeBeforeTax": 84302000,
        "incomeBeforeTaxRatio": 0.2622317476,
        "incomeTaxExpense": 20462000,
        "netIncome": 60320000,
        "netIncomeRatio": 0.1876327847,
        "eps": 0.62,
        "epsdiluted": 0.62,
        "weightedAverageShsOut": 97330000,
        "weightedAverageShsOutDil": 97330000,
        "link": "https://www.sec.gov/Archives/edgar/data/1056288/000105628819000017/0001056288-19-000017-index.htm",
        "finalLink": "https://www.sec.gov/Archives/edgar/data/1056288/000105628819000017/fii-20190630x10q.htm"
    },
    {
        "date": "2019-03-31",
        "symbol": "FHI",
        "reportedCurrency": "USD",
        "cik": "0001056288",
        "fillingDate": "2019-05-01",
        "acceptedDate": "2019-05-01 16:24:05",
        "calendarYear": "2019",
        "period": "Q1",
        "revenue": 307050000,
        "costOfRevenue": 111216000,
        "grossProfit": 195834000,
        "grossProfitRatio": 0.6377918906,
        "researchAndDevelopmentExpenses": 0,
        "generalAndAdministrativeExpenses": 38490000,
        "sellingAndMarketingExpenses": 81822000,
        "sellingGeneralAndAdministrativeExpenses": 120312000,
        "otherExpenses": -1076000,
        "operatingExpenses": 124945000,
        "costAndExpenses": 236161000,
        "interestIncome": 0,
        "interestExpense": 1400000,
        "depreciationAndAmortization": 7221000,
        "ebitda": 78110000,
        "ebitdaratio": 0.2543885361,
        "operatingIncome": 70889000,
        "operatingIncomeRatio": 0.2308711936,
        "totalOtherIncomeExpensesNet": 1633000,
        "incomeBeforeTax": 72522000,
        "incomeBeforeTaxRatio": 0.2361895457,
        "incomeTaxExpense": 17911000,
        "netIncome": 52411000,
        "netIncomeRatio": 0.1706920697,
        "eps": 0.54,
        "epsdiluted": 0.54,
        "weightedAverageShsOut": 96994000,
        "weightedAverageShsOutDil": 96995000,
        "link": "https://www.sec.gov/Archives/edgar/data/1056288/000105628819000010/0001056288-19-000010-index.htm",
        "finalLink": "https://www.sec.gov/Archives/edgar/data/1056288/000105628819000010/fii-20190331x10q.htm"
    },
    {
        "date": "2018-12-31",
        "symbol": "FHI",
        "reportedCurrency": "USD",
        "cik": "0001056288",
        "fillingDate": "2019-02-22",
        "acceptedDate": "2019-02-22 16:44:02",
        "calendarYear": "2018",
        "period": "Q4",
        "revenue": 307216000,
        "costOfRevenue": 99153000,
        "grossProfit": 208063000,
        "grossProfitRatio": 0.6772531379,
        "researchAndDevelopmentExpenses": 0,
        "generalAndAdministrativeExpenses": 37000000,
        "sellingAndMarketingExpenses": 78656000,
        "sellingGeneralAndAdministrativeExpenses": 115656000,
        "otherExpenses": -4494000,
        "operatingExpenses": 120109000,
        "costAndExpenses": 219262000,
        "interestIncome": 0,
        "interestExpense": 1522000,
        "depreciationAndAmortization": 6320000,
        "ebitda": 94274000,
        "ebitdaratio": 0.3068655278,
        "operatingIncome": 87954000,
        "operatingIncomeRatio": 0.2862936826,
        "totalOtherIncomeExpensesNet": -6160000,
        "incomeBeforeTax": 81794000,
        "incomeBeforeTaxRatio": 0.2662426436,
        "incomeTaxExpense": 20162000,
        "netIncome": 59722000,
        "netIncomeRatio": 0.1943974272,
        "eps": 0.61,
        "epsdiluted": 0.61,
        "weightedAverageShsOut": 96758000,
        "weightedAverageShsOutDil": 96758000,
        "link": "https://www.sec.gov/Archives/edgar/data/1056288/000105628819000004/0001056288-19-000004-index.htm",
        "finalLink": "https://www.sec.gov/Archives/edgar/data/1056288/000105628819000004/fii-10kfy2018.htm"
    },
    {
        "date": "2018-09-30",
        "symbol": "FHI",
        "reportedCurrency": "USD",
        "cik": "0001056288",
        "fillingDate": "2018-10-30",
        "acceptedDate": "2018-10-30 16:18:16",
        "calendarYear": "2018",
        "period": "Q3",
        "revenue": 308616000,
        "costOfRevenue": 103092000,
        "grossProfit": 205524000,
        "grossProfitRatio": 0.6659538067,
        "researchAndDevelopmentExpenses": 0,
        "generalAndAdministrativeExpenses": 39702000,
        "sellingAndMarketingExpenses": 76655000,
        "sellingGeneralAndAdministrativeExpenses": 116357000,
        "otherExpenses": 638000,
        "operatingExpenses": 123626000,
        "costAndExpenses": 226718000,
        "interestIncome": 0,
        "interestExpense": 1602000,
        "depreciationAndAmortization": 5424000,
        "ebitda": 87322000,
        "ebitdaratio": 0.2829470928,
        "operatingIncome": 81898000,
        "operatingIncomeRatio": 0.2653718537,
        "totalOtherIncomeExpensesNet": 1837000,
        "incomeBeforeTax": 83735000,
        "incomeBeforeTaxRatio": 0.2713242346,
        "incomeTaxExpense": 21741000,
        "netIncome": 57253000,
        "netIncomeRatio": 0.185515333,
        "eps": 0.59,
        "epsdiluted": 0.59,
        "weightedAverageShsOut": 96664000,
        "weightedAverageShsOutDil": 96664000,
        "link": "https://www.sec.gov/Archives/edgar/data/1056288/000105628818000040/0001056288-18-000040-index.htm",
        "finalLink": "https://www.sec.gov/Archives/edgar/data/1056288/000105628818000040/fii-20180930x10q.htm"
    },
    {
        "date": "2018-06-30",
        "symbol": "FHI",
        "reportedCurrency": "USD",
        "cik": "0001056288",
        "fillingDate": "2018-07-27",
        "acceptedDate": "2018-07-27 16:22:58",
        "calendarYear": "2018",
        "period": "Q2",
        "revenue": 255993000,
        "costOfRevenue": 74147000,
        "grossProfit": 181846000,
        "grossProfitRatio": 0.7103553613,
        "researchAndDevelopmentExpenses": 0,
        "generalAndAdministrativeExpenses": 27917000,
        "sellingAndMarketingExpenses": 72683000,
        "sellingGeneralAndAdministrativeExpenses": 100600000,
        "otherExpenses": 0,
        "operatingExpenses": 101089000,
        "costAndExpenses": 175236000,
        "interestIncome": 0,
        "interestExpense": 1431000,
        "depreciationAndAmortization": 2705000,
        "ebitda": 83462000,
        "ebitdaratio": 0.3260323524,
        "operatingIncome": 80757000,
        "operatingIncomeRatio": 0.3154656573,
        "totalOtherIncomeExpensesNet": -29028000,
        "incomeBeforeTax": 51729000,
        "incomeBeforeTaxRatio": 0.2020719317,
        "incomeTaxExpense": 13062000,
        "netIncome": 37293000,
        "netIncomeRatio": 0.1456797647,
        "eps": 0.38,
        "epsdiluted": 0.38,
        "weightedAverageShsOut": 97193000,
        "weightedAverageShsOutDil": 97194000,
        "link": "https://www.sec.gov/Archives/edgar/data/1056288/000105628818000029/0001056288-18-000029-index.htm",
        "finalLink": "https://www.sec.gov/Archives/edgar/data/1056288/000105628818000029/fii-20180630x10q.htm"
    },
    {
        "date": "2018-03-31",
        "symbol": "FHI",
        "reportedCurrency": "USD",
        "cik": "0001056288",
        "fillingDate": "2018-04-27",
        "acceptedDate": "2018-04-27 16:28:55",
        "calendarYear": "2018",
        "period": "Q1",
        "revenue": 263852000,
        "costOfRevenue": 78374000,
        "grossProfit": 185478000,
        "grossProfitRatio": 0.7029622667,
        "researchAndDevelopmentExpenses": 0,
        "generalAndAdministrativeExpenses": 28426000,
        "sellingAndMarketingExpenses": 75726000,
        "sellingGeneralAndAdministrativeExpenses": 104152000,
        "otherExpenses": -1473000,
        "operatingExpenses": 105807000,
        "costAndExpenses": 184181000,
        "interestIncome": 0,
        "interestExpense": 1330000,
        "depreciationAndAmortization": 2638000,
        "ebitda": 82309000,
        "ebitdaratio": 0.311951397,
        "operatingIncome": 79671000,
        "operatingIncomeRatio": 0.3019533678,
        "totalOtherIncomeExpensesNet": -755000,
        "incomeBeforeTax": 78916000,
        "incomeBeforeTaxRatio": 0.2990919152,
        "incomeTaxExpense": 18910000,
        "netIncome": 57956000,
        "netIncomeRatio": 0.2196534421,
        "eps": 0.6,
        "epsdiluted": 0.6,
        "weightedAverageShsOut": 97187000,
        "weightedAverageShsOutDil": 97189000,
        "link": "https://www.sec.gov/Archives/edgar/data/1056288/000105628818000013/0001056288-18-000013-index.htm",
        "finalLink": "https://www.sec.gov/Archives/edgar/data/1056288/000105628818000013/fii-20180331x10q.htm"
    },
    {
        "date": "2017-12-31",
        "symbol": "FHI",
        "reportedCurrency": "USD",
        "cik": "0001056288",
        "fillingDate": "2018-02-23",
        "acceptedDate": "2018-02-23 16:21:06",
        "calendarYear": "2017",
        "period": "Q4",
        "revenue": 278312000,
        "costOfRevenue": 71990000,
        "grossProfit": 206322000,
        "grossProfitRatio": 0.7413334675,
        "researchAndDevelopmentExpenses": 0,
        "generalAndAdministrativeExpenses": 27584000,
        "sellingAndMarketingExpenses": 83179000,
        "sellingGeneralAndAdministrativeExpenses": 110763000,
        "otherExpenses": -1248000,
        "operatingExpenses": 115488000,
        "costAndExpenses": 187478000,
        "interestIncome": 0,
        "interestExpense": 1239000,
        "depreciationAndAmortization": 2849000,
        "ebitda": 93683000,
        "ebitdaratio": 0.3366114289,
        "operatingIncome": 90834000,
        "operatingIncomeRatio": 0.3263747161,
        "totalOtherIncomeExpensesNet": 2353000,
        "incomeBeforeTax": 93187000,
        "incomeBeforeTaxRatio": 0.3348292564,
        "incomeTaxExpense": -38787000,
        "netIncome": 126732000,
        "netIncomeRatio": 0.4553594527,
        "eps": 1.31,
        "epsdiluted": 1.31,
        "weightedAverageShsOut": 97084000,
        "weightedAverageShsOutDil": 97086000,
        "link": "https://www.sec.gov/Archives/edgar/data/1056288/000105628818000004/0001056288-18-000004-index.htm",
        "finalLink": "https://www.sec.gov/Archives/edgar/data/1056288/000105628818000004/fii-10kfy2017.htm"
    },
    {
        "date": "2017-09-30",
        "symbol": "FHI",
        "reportedCurrency": "USD",
        "cik": "0001056288",
        "fillingDate": "2017-10-27",
        "acceptedDate": "2017-10-27 16:19:57",
        "calendarYear": "2017",
        "period": "Q3",
        "revenue": 278315000,
        "costOfRevenue": 72454000,
        "grossProfit": 205861000,
        "grossProfitRatio": 0.73966908,
        "researchAndDevelopmentExpenses": 0,
        "generalAndAdministrativeExpenses": 25106000,
        "sellingAndMarketingExpenses": 87183000,
        "sellingGeneralAndAdministrativeExpenses": 112289000,
        "otherExpenses": -1249000,
        "operatingExpenses": 117171000,
        "costAndExpenses": 189625000,
        "interestIncome": 0,
        "interestExpense": 1250000,
        "depreciationAndAmortization": 2609000,
        "ebitda": 91299000,
        "ebitdaratio": 0.3280419668,
        "operatingIncome": 88690000,
        "operatingIncomeRatio": 0.3186676967,
        "totalOtherIncomeExpensesNet": 2307000,
        "incomeBeforeTax": 90997000,
        "incomeBeforeTaxRatio": 0.3269568654,
        "incomeTaxExpense": 33756000,
        "netIncome": 54219000,
        "netIncomeRatio": 0.1948116343,
        "eps": 0.56,
        "epsdiluted": 0.56,
        "weightedAverageShsOut": 97128000,
        "weightedAverageShsOutDil": 97129000,
        "link": "https://www.sec.gov/Archives/edgar/data/1056288/000105628817000023/0001056288-17-000023-index.htm",
        "finalLink": "https://www.sec.gov/Archives/edgar/data/1056288/000105628817000023/fii-20170930x10q.htm"
    },
    {
        "date": "2017-06-30",
        "symbol": "FHI",
        "reportedCurrency": "USD",
        "cik": "0001056288",
        "fillingDate": "2017-07-28",
        "acceptedDate": "2017-07-28 16:23:35",
        "calendarYear": "2017",
        "period": "Q2",
        "revenue": 272796000,
        "costOfRevenue": 71370000,
        "grossProfit": 201426000,
        "grossProfitRatio": 0.7383759293,
        "researchAndDevelopmentExpenses": 0,
        "generalAndAdministrativeExpenses": 23888000,
        "sellingAndMarketingExpenses": 90269000,
        "sellingGeneralAndAdministrativeExpenses": 114157000,
        "otherExpenses": -1215000,
        "operatingExpenses": 117215000,
        "costAndExpenses": 188585000,
        "interestIncome": 0,
        "interestExpense": 1182000,
        "depreciationAndAmortization": 2595000,
        "ebitda": 86806000,
        "ebitdaratio": 0.3182084781,
        "operatingIncome": 84211000,
        "operatingIncomeRatio": 0.3086958753,
        "totalOtherIncomeExpensesNet": 2722000,
        "incomeBeforeTax": 86933000,
        "incomeBeforeTaxRatio": 0.3186740275,
        "incomeTaxExpense": 32274000,
        "netIncome": 51292000,
        "netIncomeRatio": 0.1880232848,
        "eps": 0.53,
        "epsdiluted": 0.53,
        "weightedAverageShsOut": 97581000,
        "weightedAverageShsOutDil": 97582000,
        "link": "https://www.sec.gov/Archives/edgar/data/1056288/000105628817000019/0001056288-17-000019-index.htm",
        "finalLink": "https://www.sec.gov/Archives/edgar/data/1056288/000105628817000019/fii-20170630x10q.htm"
    },
    {
        "date": "2017-03-31",
        "symbol": "FHI",
        "reportedCurrency": "USD",
        "cik": "0001056288",
        "fillingDate": "2017-04-28",
        "acceptedDate": "2017-04-28 16:20:19",
        "calendarYear": "2017",
        "period": "Q1",
        "revenue": 273501000,
        "costOfRevenue": 73402000,
        "grossProfit": 200099000,
        "grossProfitRatio": 0.7316207253,
        "researchAndDevelopmentExpenses": 0,
        "generalAndAdministrativeExpenses": 25191000,
        "sellingAndMarketingExpenses": 93314000,
        "sellingGeneralAndAdministrativeExpenses": 118505000,
        "otherExpenses": -1102000,
        "operatingExpenses": 122326000,
        "costAndExpenses": 195728000,
        "interestIncome": 0,
        "interestExpense": 1102000,
        "depreciationAndAmortization": 2584000,
        "ebitda": 80357000,
        "ebitdaratio": 0.2938087978,
        "operatingIncome": 77773000,
        "operatingIncomeRatio": 0.2843609347,
        "totalOtherIncomeExpensesNet": 3112000,
        "incomeBeforeTax": 80885000,
        "incomeBeforeTaxRatio": 0.2957393209,
        "incomeTaxExpense": 29858000,
        "netIncome": 47677000,
        "netIncomeRatio": 0.1743211177,
        "eps": 0.49,
        "epsdiluted": 0.49,
        "weightedAverageShsOut": 97863000,
        "weightedAverageShsOutDil": 97864000,
        "link": "https://www.sec.gov/Archives/edgar/data/1056288/000105628817000013/0001056288-17-000013-index.htm",
        "finalLink": "https://www.sec.gov/Archives/edgar/data/1056288/000105628817000013/fii-20170331x10q.htm"
    },
    {
        "date": "2016-12-31",
        "symbol": "FHI",
        "reportedCurrency": "USD",
        "cik": "0001056288",
        "fillingDate": "2017-02-24",
        "acceptedDate": "2017-02-24 16:18:40",
        "calendarYear": "2016",
        "period": "Q4",
        "revenue": 289904000,
        "costOfRevenue": 68740000,
        "grossProfit": 221164000,
        "grossProfitRatio": 0.7628870247,
        "researchAndDevelopmentExpenses": 0,
        "generalAndAdministrativeExpenses": 26095000,
        "sellingAndMarketingExpenses": 105556000,
        "sellingGeneralAndAdministrativeExpenses": 131651000,
        "otherExpenses": -1007000,
        "operatingExpenses": 136342000,
        "costAndExpenses": 205082000,
        "interestIncome": 0,
        "interestExpense": 1055000,
        "depreciationAndAmortization": 2480000,
        "ebitda": 87302000,
        "ebitdaratio": 0.3011410674,
        "operatingIncome": 84822000,
        "operatingIncomeRatio": 0.2925865114,
        "totalOtherIncomeExpensesNet": 699000,
        "incomeBeforeTax": 85521000,
        "incomeBeforeTaxRatio": 0.2949976544,
        "incomeTaxExpense": 28292000,
        "netIncome": 54197000,
        "netIncomeRatio": 0.1869480932,
        "eps": 0.52,
        "epsdiluted": 0.52,
        "weightedAverageShsOut": 98280000,
        "weightedAverageShsOutDil": 98280000,
        "link": "https://www.sec.gov/Archives/edgar/data/1056288/000105628817000009/0001056288-17-000009-index.htm",
        "finalLink": "https://www.sec.gov/Archives/edgar/data/1056288/000105628817000009/fii-10kfy2016.htm"
    },
    {
        "date": "2016-09-30",
        "symbol": "FHI",
        "reportedCurrency": "USD",
        "cik": "0001056288",
        "fillingDate": "2016-10-28",
        "acceptedDate": "2016-10-28 16:33:15",
        "calendarYear": "2016",
        "period": "Q3",
        "revenue": 294620000,
        "costOfRevenue": 75731000,
        "grossProfit": 218889000,
        "grossProfitRatio": 0.7429536352,
        "researchAndDevelopmentExpenses": 0,
        "generalAndAdministrativeExpenses": 24948000,
        "sellingAndMarketingExpenses": 102111000,
        "sellingGeneralAndAdministrativeExpenses": 127059000,
        "otherExpenses": -1020000,
        "operatingExpenses": 130253000,
        "costAndExpenses": 205984000,
        "interestIncome": 0,
        "interestExpense": 1039000,
        "depreciationAndAmortization": 2239000,
        "ebitda": 90875000,
        "ebitdaratio": 0.3084481705,
        "operatingIncome": 88636000,
        "operatingIncomeRatio": 0.3008485507,
        "totalOtherIncomeExpensesNet": 2869000,
        "incomeBeforeTax": 91505000,
        "incomeBeforeTaxRatio": 0.3105865182,
        "incomeTaxExpense": 32597000,
        "netIncome": 52890000,
        "netIncomeRatio": 0.1795193809,
        "eps": 0.54,
        "epsdiluted": 0.54,
        "weightedAverageShsOut": 98805000,
        "weightedAverageShsOutDil": 98806000,
        "link": "https://www.sec.gov/Archives/edgar/data/1056288/000105628816000043/0001056288-16-000043-index.htm",
        "finalLink": "https://www.sec.gov/Archives/edgar/data/1056288/000105628816000043/fii-2016930x10q.htm"
    },
    {
        "date": "2016-06-30",
        "symbol": "FHI",
        "reportedCurrency": "USD",
        "cik": "0001056288",
        "fillingDate": "2016-07-29",
        "acceptedDate": "2016-07-29 16:05:34",
        "calendarYear": "2016",
        "period": "Q2",
        "revenue": 286738000,
        "costOfRevenue": 75225000,
        "grossProfit": 211513000,
        "grossProfitRatio": 0.7376524911,
        "researchAndDevelopmentExpenses": 0,
        "generalAndAdministrativeExpenses": 21743000,
        "sellingAndMarketingExpenses": 98679000,
        "sellingGeneralAndAdministrativeExpenses": 120422000,
        "otherExpenses": -1022000,
        "operatingExpenses": 123843000,
        "costAndExpenses": 199068000,
        "interestIncome": 0,
        "interestExpense": 1020000,
        "depreciationAndAmortization": 2508000,
        "ebitda": 90178000,
        "ebitdaratio": 0.3144961603,
        "operatingIncome": 87670000,
        "operatingIncomeRatio": 0.3057494995,
        "totalOtherIncomeExpensesNet": 83000,
        "incomeBeforeTax": 87753000,
        "incomeBeforeTaxRatio": 0.3060389624,
        "incomeTaxExpense": 31335000,
        "netIncome": 50591000,
        "netIncomeRatio": 0.1764363286,
        "eps": 0.51,
        "epsdiluted": 0.51,
        "weightedAverageShsOut": 99592000,
        "weightedAverageShsOutDil": 99593000,
        "link": "https://www.sec.gov/Archives/edgar/data/1056288/000105628816000037/0001056288-16-000037-index.htm",
        "finalLink": "https://www.sec.gov/Archives/edgar/data/1056288/000105628816000037/fii-2016630x10q.htm"
    },
    {
        "date": "2016-03-31",
        "symbol": "FHI",
        "reportedCurrency": "USD",
        "cik": "0001056288",
        "fillingDate": "2016-04-29",
        "acceptedDate": "2016-04-29 16:33:13",
        "calendarYear": "2016",
        "period": "Q1",
        "revenue": 272109000,
        "costOfRevenue": 76770000,
        "grossProfit": 195339000,
        "grossProfitRatio": 0.7178704122,
        "researchAndDevelopmentExpenses": 0,
        "generalAndAdministrativeExpenses": 26540000,
        "sellingAndMarketingExpenses": 91823000,
        "sellingGeneralAndAdministrativeExpenses": 118363000,
        "otherExpenses": -1064000,
        "operatingExpenses": 120784000,
        "costAndExpenses": 197554000,
        "interestIncome": 0,
        "interestExpense": 1059000,
        "depreciationAndAmortization": 2351000,
        "ebitda": 76906000,
        "ebitdaratio": 0.2826293875,
        "operatingIncome": 74555000,
        "operatingIncomeRatio": 0.2739894675,
        "totalOtherIncomeExpensesNet": 1600000,
        "incomeBeforeTax": 76155000,
        "incomeBeforeTaxRatio": 0.2798694641,
        "incomeTaxExpense": 27381000,
        "netIncome": 43615000,
        "netIncomeRatio": 0.1602850328,
        "eps": 0.44,
        "epsdiluted": 0.44,
        "weightedAverageShsOut": 99802000,
        "weightedAverageShsOutDil": 99803000,
        "link": "https://www.sec.gov/Archives/edgar/data/1056288/000105628816000031/0001056288-16-000031-index.htm",
        "finalLink": "https://www.sec.gov/Archives/edgar/data/1056288/000105628816000031/fii-2016331x10q.htm"
    },
    {
        "date": "2015-12-31",
        "symbol": "FHI",
        "reportedCurrency": "USD",
        "cik": "0001056288",
        "fillingDate": "2016-02-22",
        "acceptedDate": "2016-02-19 18:29:44",
        "calendarYear": "2015",
        "period": "Q4",
        "revenue": 243639000,
        "costOfRevenue": 68870000,
        "grossProfit": 174769000,
        "grossProfitRatio": 0.7173276856,
        "researchAndDevelopmentExpenses": 0,
        "generalAndAdministrativeExpenses": 23722000,
        "sellingAndMarketingExpenses": 69714000,
        "sellingGeneralAndAdministrativeExpenses": 93436000,
        "otherExpenses": -970000,
        "operatingExpenses": 97884000,
        "costAndExpenses": 166754000,
        "interestIncome": 0,
        "interestExpense": 974000,
        "depreciationAndAmortization": 2351000,
        "ebitda": 79236000,
        "ebitdaratio": 0.3252188689,
        "operatingIncome": 76885000,
        "operatingIncomeRatio": 0.3155693465,
        "totalOtherIncomeExpensesNet": 571000,
        "incomeBeforeTax": 77456000,
        "incomeBeforeTaxRatio": 0.3179129778,
        "incomeTaxExpense": 28287000,
        "netIncome": 45839000,
        "netIncomeRatio": 0.1881431134,
        "eps": 0.46,
        "epsdiluted": 0.46,
        "weightedAverageShsOut": 100088000,
        "weightedAverageShsOutDil": 100090000,
        "link": "https://www.sec.gov/Archives/edgar/data/1056288/000105628816000025/0001056288-16-000025-index.htm",
        "finalLink": "https://www.sec.gov/Archives/edgar/data/1056288/000105628816000025/fii-10kfy2015.htm"
    },
    {
        "date": "2015-09-30",
        "symbol": "FHI",
        "reportedCurrency": "USD",
        "cik": "0001056288",
        "fillingDate": "2015-10-23",
        "acceptedDate": "2015-10-23 16:02:35",
        "calendarYear": "2015",
        "period": "Q3",
        "revenue": 234321000,
        "costOfRevenue": 70624000,
        "grossProfit": 163697000,
        "grossProfitRatio": 0.6986014911,
        "researchAndDevelopmentExpenses": 0,
        "generalAndAdministrativeExpenses": 24242000,
        "sellingAndMarketingExpenses": 62133000,
        "sellingGeneralAndAdministrativeExpenses": 86375000,
        "otherExpenses": -987000,
        "operatingExpenses": 89453000,
        "costAndExpenses": 160077000,
        "interestIncome": 0,
        "interestExpense": 979000,
        "depreciationAndAmortization": 2333000,
        "ebitda": 76577000,
        "ebitdaratio": 0.3268038289,
        "operatingIncome": 74244000,
        "operatingIncomeRatio": 0.3168474016,
        "totalOtherIncomeExpensesNet": -4036000,
        "incomeBeforeTax": 70208000,
        "incomeBeforeTaxRatio": 0.2996231665,
        "incomeTaxExpense": 26072000,
        "netIncome": 42440000,
        "netIncomeRatio": 0.1811190632,
        "eps": 0.42,
        "epsdiluted": 0.42,
        "weightedAverageShsOut": 100449000,
        "weightedAverageShsOutDil": 100451000,
        "link": "https://www.sec.gov/Archives/edgar/data/1056288/000105628815000019/0001056288-15-000019-index.htm",
        "finalLink": "https://www.sec.gov/Archives/edgar/data/1056288/000105628815000019/fii-2015930x10q.htm"
    },
    {
        "date": "2015-06-30",
        "symbol": "FHI",
        "reportedCurrency": "USD",
        "cik": "0001056288",
        "fillingDate": "2015-07-24",
        "acceptedDate": "2015-07-24 16:01:52",
        "calendarYear": "2015",
        "period": "Q2",
        "revenue": 228127000,
        "costOfRevenue": 70940000,
        "grossProfit": 157187000,
        "grossProfitRatio": 0.6890328633,
        "researchAndDevelopmentExpenses": 0,
        "generalAndAdministrativeExpenses": 24507000,
        "sellingAndMarketingExpenses": 57562000,
        "sellingGeneralAndAdministrativeExpenses": 82069000,
        "otherExpenses": -989000,
        "operatingExpenses": 87908000,
        "costAndExpenses": 158848000,
        "interestIncome": 0,
        "interestExpense": 974000,
        "depreciationAndAmortization": 2344000,
        "ebitda": 71623000,
        "ebitdaratio": 0.3139610831,
        "operatingIncome": 69279000,
        "operatingIncomeRatio": 0.3036861047,
        "totalOtherIncomeExpensesNet": -579000,
        "incomeBeforeTax": 68700000,
        "incomeBeforeTaxRatio": 0.3011480447,
        "incomeTaxExpense": 26437000,
        "netIncome": 40098000,
        "netIncomeRatio": 0.1757705138,
        "eps": 0.4,
        "epsdiluted": 0.4,
        "weightedAverageShsOut": 100732000,
        "weightedAverageShsOutDil": 100734000,
        "link": "https://www.sec.gov/Archives/edgar/data/1056288/000105628815000015/0001056288-15-000015-index.htm",
        "finalLink": "https://www.sec.gov/Archives/edgar/data/1056288/000105628815000015/fii-2015630x10q.htm"
    },
    {
        "date": "2015-03-31",
        "symbol": "FHI",
        "reportedCurrency": "USD",
        "cik": "0001056288",
        "fillingDate": "2015-04-24",
        "acceptedDate": "2015-04-24 16:01:39",
        "calendarYear": "2015",
        "period": "Q1",
        "revenue": 220522000,
        "costOfRevenue": 76498000,
        "grossProfit": 144024000,
        "grossProfitRatio": 0.6531049056,
        "researchAndDevelopmentExpenses": 0,
        "generalAndAdministrativeExpenses": 24364000,
        "sellingAndMarketingExpenses": 56966000,
        "sellingGeneralAndAdministrativeExpenses": 81330000,
        "otherExpenses": -1386000,
        "operatingExpenses": 84986000,
        "costAndExpenses": 161484000,
        "interestIncome": 0,
        "interestExpense": 1373000,
        "depreciationAndAmortization": 2507000,
        "ebitda": 61545000,
        "ebitdaratio": 0.2790878008,
        "operatingIncome": 59038000,
        "operatingIncomeRatio": 0.2677193205,
        "totalOtherIncomeExpensesNet": -496000,
        "incomeBeforeTax": 58542000,
        "incomeBeforeTaxRatio": 0.2654701118,
        "incomeTaxExpense": 22124000,
        "netIncome": 34829000,
        "netIncomeRatio": 0.1579388905,
        "eps": 0.35,
        "epsdiluted": 0.35,
        "weightedAverageShsOut": 100641000,
        "weightedAverageShsOutDil": 100642000,
        "link": "https://www.sec.gov/Archives/edgar/data/1056288/000105628815000010/0001056288-15-000010-index.htm",
        "finalLink": "https://www.sec.gov/Archives/edgar/data/1056288/000105628815000010/fii-2015331x10q.htm"
    },
    {
        "date": "2014-12-31",
        "symbol": "FHI",
        "reportedCurrency": "USD",
        "cik": "0001056288",
        "fillingDate": "2015-02-20",
        "acceptedDate": "2015-02-20 16:06:09",
        "calendarYear": "2014",
        "period": "Q4",
        "revenue": 217858000,
        "costOfRevenue": 72161000,
        "grossProfit": 145697000,
        "grossProfitRatio": 0.6687704835,
        "researchAndDevelopmentExpenses": 0,
        "generalAndAdministrativeExpenses": 23805000,
        "sellingAndMarketingExpenses": 53641000,
        "sellingGeneralAndAdministrativeExpenses": 77446000,
        "otherExpenses": -1802000,
        "operatingExpenses": 84063000,
        "costAndExpenses": 156224000,
        "interestIncome": 0,
        "interestExpense": 1787000,
        "depreciationAndAmortization": 2693000,
        "ebitda": 64327000,
        "ebitdaratio": 0.2952703137,
        "operatingIncome": 61634000,
        "operatingIncomeRatio": 0.2829090508,
        "totalOtherIncomeExpensesNet": 523000,
        "incomeBeforeTax": 62157000,
        "incomeBeforeTaxRatio": 0.2853096971,
        "incomeTaxExpense": 22552000,
        "netIncome": 38124000,
        "netIncomeRatio": 0.1749947213,
        "eps": 0.38,
        "epsdiluted": 0.38,
        "weightedAverageShsOut": 100642000,
        "weightedAverageShsOutDil": 100643000,
        "link": "https://www.sec.gov/Archives/edgar/data/1056288/000105628815000005/0001056288-15-000005-index.htm",
        "finalLink": "https://www.sec.gov/Archives/edgar/data/1056288/000105628815000005/fii-annualreport10kfy2014.htm"
    },
    {
        "date": "2014-09-30",
        "symbol": "FHI",
        "reportedCurrency": "USD",
        "cik": "0001056288",
        "fillingDate": "2014-10-24",
        "acceptedDate": "2014-10-24 16:30:40",
        "calendarYear": "2014",
        "period": "Q3",
        "revenue": 216915000,
        "costOfRevenue": 70724000,
        "grossProfit": 146191000,
        "grossProfitRatio": 0.6739552359,
        "researchAndDevelopmentExpenses": 0,
        "generalAndAdministrativeExpenses": 25605000,
        "sellingAndMarketingExpenses": 53420000,
        "sellingGeneralAndAdministrativeExpenses": 79025000,
        "otherExpenses": -2166000,
        "operatingExpenses": 85363000,
        "costAndExpenses": 156087000,
        "interestIncome": 0,
        "interestExpense": 2162000,
        "depreciationAndAmortization": 2581000,
        "ebitda": 63409000,
        "ebitdaratio": 0.2923218772,
        "operatingIncome": 60828000,
        "operatingIncomeRatio": 0.2804232072,
        "totalOtherIncomeExpensesNet": -1372000,
        "incomeBeforeTax": 59456000,
        "incomeBeforeTaxRatio": 0.274098149,
        "incomeTaxExpense": 22197000,
        "netIncome": 36093000,
        "netIncomeRatio": 0.1663923657,
        "eps": 0.36,
        "epsdiluted": 0.36,
        "weightedAverageShsOut": 100729000,
        "weightedAverageShsOutDil": 100731000,
        "link": "https://www.sec.gov/Archives/edgar/data/1056288/000105628814000027/0001056288-14-000027-index.htm",
        "finalLink": "https://www.sec.gov/Archives/edgar/data/1056288/000105628814000027/fii-2014930x10q.htm"
    },
    {
        "date": "2014-06-30",
        "symbol": "FHI",
        "reportedCurrency": "USD",
        "cik": "0001056288",
        "fillingDate": "2014-07-25",
        "acceptedDate": "2014-07-25 16:02:32",
        "calendarYear": "2014",
        "period": "Q2",
        "revenue": 212981000,
        "costOfRevenue": 70693000,
        "grossProfit": 142288000,
        "grossProfitRatio": 0.6680783732,
        "researchAndDevelopmentExpenses": 0,
        "generalAndAdministrativeExpenses": 25226000,
        "sellingAndMarketingExpenses": 52215000,
        "sellingGeneralAndAdministrativeExpenses": 77441000,
        "otherExpenses": -2854000,
        "operatingExpenses": 83446000,
        "costAndExpenses": 154139000,
        "interestIncome": 0,
        "interestExpense": 2849000,
        "depreciationAndAmortization": 2686000,
        "ebitda": 61528000,
        "ebitdaratio": 0.2888896193,
        "operatingIncome": 58842000,
        "operatingIncomeRatio": 0.2762781657,
        "totalOtherIncomeExpensesNet": 1457000,
        "incomeBeforeTax": 60299000,
        "incomeBeforeTaxRatio": 0.2831191515,
        "incomeTaxExpense": 22985000,
        "netIncome": 35389000,
        "netIncomeRatio": 0.1661603617,
        "eps": 0.35,
        "epsdiluted": 0.35,
        "weightedAverageShsOut": 100789000,
        "weightedAverageShsOutDil": 100790000,
        "link": "https://www.sec.gov/Archives/edgar/data/1056288/000105628814000016/0001056288-14-000016-index.htm",
        "finalLink": "https://www.sec.gov/Archives/edgar/data/1056288/000105628814000016/fii-2014630x10q.htm"
    },
    {
        "date": "2014-03-31",
        "symbol": "FHI",
        "reportedCurrency": "USD",
        "cik": "0001056288",
        "fillingDate": "2014-04-25",
        "acceptedDate": "2014-04-25 16:02:20",
        "calendarYear": "2014",
        "period": "Q1",
        "revenue": 211496000,
        "costOfRevenue": 71759000,
        "grossProfit": 139737000,
        "grossProfitRatio": 0.6607075311,
        "researchAndDevelopmentExpenses": 0,
        "generalAndAdministrativeExpenses": 24561000,
        "sellingAndMarketingExpenses": 51997000,
        "sellingGeneralAndAdministrativeExpenses": 76558000,
        "otherExpenses": -2817000,
        "operatingExpenses": 83092000,
        "costAndExpenses": 154851000,
        "interestIncome": 0,
        "interestExpense": 2812000,
        "depreciationAndAmortization": 2744000,
        "ebitda": 59389000,
        "ebitdaratio": 0.2808043651,
        "operatingIncome": 56645000,
        "operatingIncomeRatio": 0.2678301244,
        "totalOtherIncomeExpensesNet": 796000,
        "incomeBeforeTax": 57441000,
        "incomeBeforeTaxRatio": 0.271593789,
        "incomeTaxExpense": 21796000,
        "netIncome": 33807000,
        "netIncomeRatio": 0.1598469947,
        "eps": 0.34,
        "epsdiluted": 0.34,
        "weightedAverageShsOut": 100725000,
        "weightedAverageShsOutDil": 100727000,
        "link": "https://www.sec.gov/Archives/edgar/data/1056288/000105628814000009/0001056288-14-000009-index.htm",
        "finalLink": "https://www.sec.gov/Archives/edgar/data/1056288/000105628814000009/fii-2014331x10q.htm"
    },
    {
        "date": "2013-12-31",
        "symbol": "FHI",
        "reportedCurrency": "USD",
        "cik": "0001056288",
        "fillingDate": "2014-02-21",
        "acceptedDate": "2014-02-21 16:06:54",
        "calendarYear": "2013",
        "period": "Q4",
        "revenue": 214722000,
        "costOfRevenue": 68725000,
        "grossProfit": 145997000,
        "grossProfitRatio": 0.6799349857,
        "researchAndDevelopmentExpenses": 0,
        "generalAndAdministrativeExpenses": 26815000,
        "sellingAndMarketingExpenses": 53563000,
        "sellingGeneralAndAdministrativeExpenses": 80378000,
        "otherExpenses": -3633000,
        "operatingExpenses": 86239000,
        "costAndExpenses": 154964000,
        "interestIncome": 0,
        "interestExpense": 2996000,
        "depreciationAndAmortization": 2739000,
        "ebitda": 61603000,
        "ebitdaratio": 0.2868965453,
        "operatingIncome": 59758000,
        "operatingIncomeRatio": 0.2783040396,
        "totalOtherIncomeExpensesNet": 4457000,
        "incomeBeforeTax": 64215000,
        "incomeBeforeTaxRatio": 0.2990611116,
        "incomeTaxExpense": 22039000,
        "netIncome": 39625000,
        "netIncomeRatio": 0.1845409413,
        "eps": 0.41,
        "epsdiluted": 0.41,
        "weightedAverageShsOut": 100725000,
        "weightedAverageShsOutDil": 100727000,
        "link": "https://www.sec.gov/Archives/edgar/data/1056288/000105628814000005/0001056288-14-000005-index.htm",
        "finalLink": "https://www.sec.gov/Archives/edgar/data/1056288/000105628814000005/fii-10kfy2013.htm"
    },
    {
        "date": "2013-09-30",
        "symbol": "FHI",
        "reportedCurrency": "USD",
        "cik": "0001056288",
        "fillingDate": "2013-10-25",
        "acceptedDate": "2013-10-25 17:26:34",
        "calendarYear": "2013",
        "period": "Q3",
        "revenue": 211866000,
        "costOfRevenue": 65620000,
        "grossProfit": 146246000,
        "grossProfitRatio": 0.6902759291,
        "researchAndDevelopmentExpenses": 0,
        "generalAndAdministrativeExpenses": 26000000,
        "sellingAndMarketingExpenses": 55026000,
        "sellingGeneralAndAdministrativeExpenses": 81026000,
        "otherExpenses": -6211000,
        "operatingExpenses": 88488000,
        "costAndExpenses": 154108000,
        "interestIncome": 0,
        "interestExpense": 3078000,
        "depreciationAndAmortization": 634000,
        "ebitda": 57758000,
        "ebitdaratio": 0.2726157099,
        "operatingIncome": 57758000,
        "operatingIncomeRatio": 0.2726157099,
        "totalOtherIncomeExpensesNet": 788000,
        "incomeBeforeTax": 58546000,
        "incomeBeforeTaxRatio": 0.276335042,
        "incomeTaxExpense": 20917000,
        "netIncome": 36278000,
        "netIncomeRatio": 0.1712308723,
        "eps": 0.36,
        "epsdiluted": 0.36,
        "weightedAverageShsOut": 100677000,
        "weightedAverageShsOutDil": 100678000,
        "link": "https://www.sec.gov/Archives/edgar/data/1056288/000105628813000025/0001056288-13-000025-index.htm",
        "finalLink": "https://www.sec.gov/Archives/edgar/data/1056288/000105628813000025/fii-2013930x10q.htm"
    },
    {
        "date": "2013-06-30",
        "symbol": "FHI",
        "reportedCurrency": "USD",
        "cik": "0001056288",
        "fillingDate": "2013-07-26",
        "acceptedDate": "2013-07-26 17:03:33",
        "calendarYear": "2013",
        "period": "Q2",
        "revenue": 223806000,
        "costOfRevenue": 67855000,
        "grossProfit": 155951000,
        "grossProfitRatio": 0.6968133115,
        "researchAndDevelopmentExpenses": 0,
        "generalAndAdministrativeExpenses": 25456000,
        "sellingAndMarketingExpenses": 57745000,
        "sellingGeneralAndAdministrativeExpenses": 83201000,
        "otherExpenses": -3167000,
        "operatingExpenses": 89923000,
        "costAndExpenses": 157778000,
        "interestIncome": 0,
        "interestExpense": 3137000,
        "depreciationAndAmortization": 2503000,
        "ebitda": 68531000,
        "ebitdaratio": 0.3062071616,
        "operatingIncome": 66028000,
        "operatingIncomeRatio": 0.2950233685,
        "totalOtherIncomeExpensesNet": 892000,
        "incomeBeforeTax": 66920000,
        "incomeBeforeTaxRatio": 0.2990089631,
        "incomeTaxExpense": 25059000,
        "netIncome": 38869000,
        "netIncomeRatio": 0.1736727344,
        "eps": 0.39,
        "epsdiluted": 0.39,
        "weightedAverageShsOut": 100716000,
        "weightedAverageShsOutDil": 100717000,
        "link": "https://www.sec.gov/Archives/edgar/data/1056288/000105628813000018/0001056288-13-000018-index.htm",
        "finalLink": "https://www.sec.gov/Archives/edgar/data/1056288/000105628813000018/fii-2013630x10q.htm"
    },
    {
        "date": "2013-03-31",
        "symbol": "FHI",
        "reportedCurrency": "USD",
        "cik": "0001056288",
        "fillingDate": "2013-04-26",
        "acceptedDate": "2013-04-26 17:30:43",
        "calendarYear": "2013",
        "period": "Q1",
        "revenue": 227972000,
        "costOfRevenue": 66937000,
        "grossProfit": 161035000,
        "grossProfitRatio": 0.7063806081,
        "researchAndDevelopmentExpenses": 0,
        "generalAndAdministrativeExpenses": 24585000,
        "sellingAndMarketingExpenses": 61662000,
        "sellingGeneralAndAdministrativeExpenses": 86247000,
        "otherExpenses": -3293000,
        "operatingExpenses": 92836000,
        "costAndExpenses": 159773000,
        "interestIncome": 0,
        "interestExpense": 3253000,
        "depreciationAndAmortization": 2492000,
        "ebitda": 70691000,
        "ebitdaratio": 0.3100863264,
        "operatingIncome": 68199000,
        "operatingIncomeRatio": 0.2991551594,
        "totalOtherIncomeExpensesNet": 1135000,
        "incomeBeforeTax": 69334000,
        "incomeBeforeTaxRatio": 0.304133841,
        "incomeTaxExpense": 24646000,
        "netIncome": 41337000,
        "netIncomeRatio": 0.1813248995,
        "eps": 0.41,
        "epsdiluted": 0.41,
        "weightedAverageShsOut": 100518000,
        "weightedAverageShsOutDil": 100518000,
        "link": "https://www.sec.gov/Archives/edgar/data/1056288/000105628813000014/0001056288-13-000014-index.htm",
        "finalLink": "https://www.sec.gov/Archives/edgar/data/1056288/000105628813000014/fii-2013331x10q.htm"
    },
    {
        "date": "2012-12-31",
        "symbol": "FHI",
        "reportedCurrency": "USD",
        "cik": "0001056288",
        "fillingDate": "2013-02-22",
        "acceptedDate": "2013-02-22 17:23:53",
        "calendarYear": "2012",
        "period": "Q4",
        "revenue": 244824000,
        "costOfRevenue": 65278000,
        "grossProfit": 179546000,
        "grossProfitRatio": 0.7333676437,
        "researchAndDevelopmentExpenses": 0,
        "generalAndAdministrativeExpenses": 22609000,
        "sellingAndMarketingExpenses": 67048000,
        "sellingGeneralAndAdministrativeExpenses": 89657000,
        "otherExpenses": -6618000,
        "operatingExpenses": 96354000,
        "costAndExpenses": 161632000,
        "interestIncome": 0,
        "interestExpense": 3506000,
        "depreciationAndAmortization": 951000,
        "ebitda": 0,
        "ebitdaratio": 0,
        "operatingIncome": 83192000,
        "operatingIncomeRatio": 0.3398032873,
        "totalOtherIncomeExpensesNet": 624000,
        "incomeBeforeTax": 80917000,
        "incomeBeforeTaxRatio": 0.3305108976,
        "incomeTaxExpense": 28961000,
        "netIncome": 46158000,
        "netIncomeRatio": 0.1885354377,
        "eps": 0.44,
        "epsdiluted": 0.44,
        "weightedAverageShsOut": 100374000,
        "weightedAverageShsOutDil": 100374000,
        "link": "https://www.sec.gov/Archives/edgar/data/1056288/000105628813000008/0001056288-13-000008-index.htm",
        "finalLink": "https://www.sec.gov/Archives/edgar/data/1056288/000105628813000008/fii-10kfy2012.htm"
    },
    {
        "date": "2012-09-30",
        "symbol": "FHI",
        "reportedCurrency": "USD",
        "cik": "0001056288",
        "fillingDate": "2012-10-26",
        "acceptedDate": "2012-10-26 16:52:01",
        "calendarYear": "2012",
        "period": "Q3",
        "revenue": 238468000,
        "costOfRevenue": 6108000,
        "grossProfit": 232360000,
        "grossProfitRatio": 0.9743865005,
        "researchAndDevelopmentExpenses": 0,
        "generalAndAdministrativeExpenses": 66712000,
        "sellingAndMarketingExpenses": 67705000,
        "sellingGeneralAndAdministrativeExpenses": 134417000,
        "otherExpenses": 90753000,
        "operatingExpenses": 142327000,
        "costAndExpenses": 148292000,
        "interestIncome": 0,
        "interestExpense": 3534000,
        "depreciationAndAmortization": 2570000,
        "ebitda": 93402000,
        "ebitdaratio": 0.3916751933,
        "operatingIncome": 90033000,
        "operatingIncomeRatio": 0.3775475116,
        "totalOtherIncomeExpensesNet": 143000,
        "incomeBeforeTax": 90176000,
        "incomeBeforeTaxRatio": 0.3781471728,
        "incomeTaxExpense": 31983000,
        "netIncome": 53822000,
        "netIncomeRatio": 0.2256990456,
        "eps": 0.54,
        "epsdiluted": 0.54,
        "weightedAverageShsOut": 100417000,
        "weightedAverageShsOutDil": 100417000,
        "link": "https://www.sec.gov/Archives/edgar/data/1056288/000105628812000016/0001056288-12-000016-index.htm",
        "finalLink": "https://www.sec.gov/Archives/edgar/data/1056288/000105628812000016/fii-2012930x10q.htm"
    },
    {
        "date": "2012-06-30",
        "symbol": "FHI",
        "reportedCurrency": "USD",
        "cik": "0001056288",
        "fillingDate": "2012-07-27",
        "acceptedDate": "2012-07-27 17:21:13",
        "calendarYear": "2012",
        "period": "Q2",
        "revenue": 232132000,
        "costOfRevenue": 6119000,
        "grossProfit": 226013000,
        "grossProfitRatio": 0.9736399979,
        "researchAndDevelopmentExpenses": 0,
        "generalAndAdministrativeExpenses": 91355000,
        "sellingAndMarketingExpenses": 65664000,
        "sellingGeneralAndAdministrativeExpenses": 157019000,
        "otherExpenses": 0,
        "operatingExpenses": 156993000,
        "costAndExpenses": 164658000,
        "interestIncome": 0,
        "interestExpense": 3690000,
        "depreciationAndAmortization": 2543000,
        "ebitda": 72385000,
        "ebitdaratio": 0.3118268916,
        "operatingIncome": 69020000,
        "operatingIncomeRatio": 0.297330829,
        "totalOtherIncomeExpensesNet": -1546000,
        "incomeBeforeTax": 67474000,
        "incomeBeforeTaxRatio": 0.2906708252,
        "incomeTaxExpense": 24401000,
        "netIncome": 38934000,
        "netIncomeRatio": 0.1677235366,
        "eps": 0.39,
        "epsdiluted": 0.39,
        "weightedAverageShsOut": 100347000,
        "weightedAverageShsOutDil": 100347000,
        "link": "https://www.sec.gov/Archives/edgar/data/1056288/000105628812000012/0001056288-12-000012-index.htm",
        "finalLink": "https://www.sec.gov/Archives/edgar/data/1056288/000105628812000012/fii-2012630x10q.htm"
    },
    {
        "date": "2012-03-31",
        "symbol": "FHI",
        "reportedCurrency": "USD",
        "cik": "0001056288",
        "fillingDate": "2012-04-27",
        "acceptedDate": "2012-04-27 17:08:36",
        "calendarYear": "2012",
        "period": "Q1",
        "revenue": 233627000,
        "costOfRevenue": 6253000,
        "grossProfit": 227374000,
        "grossProfitRatio": 0.9732351141,
        "researchAndDevelopmentExpenses": 0,
        "generalAndAdministrativeExpenses": 89687000,
        "sellingAndMarketingExpenses": 64621000,
        "sellingGeneralAndAdministrativeExpenses": 154308000,
        "otherExpenses": 83153000,
        "operatingExpenses": 153681000,
        "costAndExpenses": 163682000,
        "interestIncome": 0,
        "interestExpense": 3711000,
        "depreciationAndAmortization": 21000,
        "ebitda": 73135000,
        "ebitdaratio": 0.3130417289,
        "operatingIncome": 70347000,
        "operatingIncomeRatio": 0.3011081767,
        "totalOtherIncomeExpensesNet": -402000,
        "incomeBeforeTax": 69945000,
        "incomeBeforeTaxRatio": 0.2993874852,
        "incomeTaxExpense": 25538000,
        "netIncome": 40785000,
        "netIncomeRatio": 0.1745731444,
        "eps": 0.41,
        "epsdiluted": 0.41,
        "weightedAverageShsOut": 100112000,
        "weightedAverageShsOutDil": 100112000,
        "link": "https://www.sec.gov/Archives/edgar/data/1056288/000105628812000008/0001056288-12-000008-index.htm",
        "finalLink": "https://www.sec.gov/Archives/edgar/data/1056288/000105628812000008/fii-2012331x10q.htm"
    },
    {
        "date": "2011-12-31",
        "symbol": "FHI",
        "reportedCurrency": "USD",
        "cik": "0001056288",
        "fillingDate": "2012-02-24",
        "acceptedDate": "2012-02-24 13:46:01",
        "calendarYear": "2011",
        "period": "Q4",
        "revenue": 216406000,
        "costOfRevenue": 0,
        "grossProfit": 216406000,
        "grossProfitRatio": 1,
        "researchAndDevelopmentExpenses": 0,
        "generalAndAdministrativeExpenses": 85952000,
        "sellingAndMarketingExpenses": 62264000,
        "sellingGeneralAndAdministrativeExpenses": 148216000,
        "otherExpenses": -305869000,
        "operatingExpenses": -157653000,
        "costAndExpenses": 155971000,
        "interestIncome": 0,
        "interestExpense": 0,
        "depreciationAndAmortization": 3099000,
        "ebitda": 0,
        "ebitdaratio": 0,
        "operatingIncome": 58753000,
        "operatingIncomeRatio": 0.2714943209,
        "totalOtherIncomeExpensesNet": 60435000,
        "incomeBeforeTax": 60435000,
        "incomeBeforeTaxRatio": 0.2792667486,
        "incomeTaxExpense": 21811000,
        "netIncome": 36942000,
        "netIncomeRatio": 0.170706912,
        "eps": 0.37,
        "epsdiluted": 0.37,
        "weightedAverageShsOut": 100112000,
        "weightedAverageShsOutDil": 100112000,
        "link": "https://www.sec.gov/Archives/edgar/data/1056288/000105628812000004/0001056288-12-000004-index.htm",
        "finalLink": "https://www.sec.gov/Archives/edgar/data/1056288/000105628812000004/fii-10k.htm"
    },
    {
        "date": "2011-09-30",
        "symbol": "FHI",
        "reportedCurrency": "USD",
        "cik": "0001056288",
        "fillingDate": "2011-10-31",
        "acceptedDate": "2011-10-31 16:45:26",
        "calendarYear": "2011",
        "period": "Q3",
        "revenue": 214048000,
        "costOfRevenue": 6202000,
        "grossProfit": 207846000,
        "grossProfitRatio": 0.9710251906,
        "researchAndDevelopmentExpenses": 0,
        "generalAndAdministrativeExpenses": 86109000,
        "sellingAndMarketingExpenses": 58327000,
        "sellingGeneralAndAdministrativeExpenses": 144436000,
        "otherExpenses": 72583000,
        "operatingExpenses": 140835000,
        "costAndExpenses": 152363000,
        "interestIncome": 0,
        "interestExpense": 0,
        "depreciationAndAmortization": 3212000,
        "ebitda": 0,
        "ebitdaratio": 0,
        "operatingIncome": 67011000,
        "operatingIncomeRatio": 0.3130652938,
        "totalOtherIncomeExpensesNet": -5326000,
        "incomeBeforeTax": 61685000,
        "incomeBeforeTaxRatio": 0.2881830244,
        "incomeTaxExpense": 23165000,
        "netIncome": 37109000,
        "netIncomeRatio": 0.1733676559,
        "eps": 0.37,
        "epsdiluted": 0.37,
        "weightedAverageShsOut": 100684000,
        "weightedAverageShsOutDil": 100684000,
        "link": "https://www.sec.gov/Archives/edgar/data/1056288/000105628811000006/0001056288-11-000006-index.htm",
        "finalLink": "https://www.sec.gov/Archives/edgar/data/1056288/000105628811000006/fii-2011930x10q.htm"
    },
    {
        "date": "2011-06-30",
        "symbol": "FHI",
        "reportedCurrency": "USD",
        "cik": "0001056288",
        "fillingDate": "2011-08-03",
        "acceptedDate": "2011-08-03 15:54:03",
        "calendarYear": "2011",
        "period": "Q2",
        "revenue": 225777000,
        "costOfRevenue": 6032000,
        "grossProfit": 219745000,
        "grossProfitRatio": 0.9732833725,
        "researchAndDevelopmentExpenses": 0,
        "generalAndAdministrativeExpenses": 89546000,
        "sellingAndMarketingExpenses": 60639000,
        "sellingGeneralAndAdministrativeExpenses": 150185000,
        "otherExpenses": 81723000,
        "operatingExpenses": 147662000,
        "costAndExpenses": 157178000,
        "interestIncome": 0,
        "interestExpense": 0,
        "depreciationAndAmortization": 3486000,
        "ebitda": 0,
        "ebitdaratio": 0,
        "operatingIncome": 72083000,
        "operatingIncomeRatio": 0.3192663557,
        "totalOtherIncomeExpensesNet": -3484000,
        "incomeBeforeTax": 68599000,
        "incomeBeforeTaxRatio": 0.3038352002,
        "incomeTaxExpense": 25714000,
        "netIncome": 42413000,
        "netIncomeRatio": 0.1878535015,
        "eps": 0.41,
        "epsdiluted": 0.41,
        "weightedAverageShsOut": 100907000,
        "weightedAverageShsOutDil": 100917000,
        "link": "https://www.sec.gov/Archives/edgar/data/1056288/000119312511208121/0001193125-11-208121-index.htm",
        "finalLink": "https://www.sec.gov/Archives/edgar/data/1056288/000119312511208121/d10q.htm"
    },
    {
        "date": "2011-03-31",
        "symbol": "FHI",
        "reportedCurrency": "USD",
        "cik": "0001056288",
        "fillingDate": "2011-05-02",
        "acceptedDate": "2011-05-02 16:31:54",
        "calendarYear": "2011",
        "period": "Q1",
        "revenue": 242694000,
        "costOfRevenue": 6201000,
        "grossProfit": 236493000,
        "grossProfitRatio": 0.9744493065,
        "researchAndDevelopmentExpenses": 0,
        "generalAndAdministrativeExpenses": 107966000,
        "sellingAndMarketingExpenses": 67854000,
        "sellingGeneralAndAdministrativeExpenses": 175820000,
        "otherExpenses": 92786000,
        "operatingExpenses": 176181000,
        "costAndExpenses": 187042000,
        "interestIncome": 0,
        "interestExpense": 4636000,
        "depreciationAndAmortization": 4603000,
        "ebitda": 0,
        "ebitdaratio": 0,
        "operatingIncome": 56500000,
        "operatingIncomeRatio": 0.232803448,
        "totalOtherIncomeExpensesNet": -848000,
        "incomeBeforeTax": 55652000,
        "incomeBeforeTaxRatio": 0.229309336,
        "incomeTaxExpense": 20598000,
        "netIncome": 33231000,
        "netIncomeRatio": 0.1369255111,
        "eps": 0.32,
        "epsdiluted": 0.32,
        "weightedAverageShsOut": 100586000,
        "weightedAverageShsOutDil": 100667000,
        "link": "https://www.sec.gov/Archives/edgar/data/1056288/000119312511121792/0001193125-11-121792-index.htm",
        "finalLink": "https://www.sec.gov/Archives/edgar/data/1056288/000119312511121792/d10q.htm"
    },
    {
        "date": "2010-12-31",
        "symbol": "FHI",
        "reportedCurrency": "USD",
        "cik": "0001056288",
        "fillingDate": "2011-02-22",
        "acceptedDate": "2011-02-22 16:49:47",
        "calendarYear": "2010",
        "period": "Q4",
        "revenue": 245317000,
        "costOfRevenue": 0,
        "grossProfit": 245317000,
        "grossProfitRatio": 1,
        "researchAndDevelopmentExpenses": 0,
        "generalAndAdministrativeExpenses": 81024000,
        "sellingAndMarketingExpenses": 71772000,
        "sellingGeneralAndAdministrativeExpenses": 152796000,
        "otherExpenses": 435606000,
        "operatingExpenses": 215715000,
        "costAndExpenses": 167343000,
        "interestIncome": 0,
        "interestExpense": 0,
        "depreciationAndAmortization": 5001000,
        "ebitda": 0,
        "ebitdaratio": 0,
        "operatingIncome": 75745000,
        "operatingIncomeRatio": 0.3087637628,
        "totalOtherIncomeExpensesNet": 77974000,
        "incomeBeforeTax": 77974000,
        "incomeBeforeTaxRatio": 0.3178499656,
        "incomeTaxExpense": 29344000,
        "netIncome": 46401000,
        "netIncomeRatio": 0.1891471035,
        "eps": 0.46,
        "epsdiluted": 0.46,
        "weightedAverageShsOut": 100586000,
        "weightedAverageShsOutDil": 100667000,
        "link": "https://www.sec.gov/Archives/edgar/data/1056288/000119312511042224/0001193125-11-042224-index.htm",
        "finalLink": "https://www.sec.gov/Archives/edgar/data/1056288/000119312511042224/d10k.htm"
    },
    {
        "date": "2010-09-30",
        "symbol": "FHI",
        "reportedCurrency": "USD",
        "cik": "0001056288",
        "fillingDate": "2010-11-01",
        "acceptedDate": "2010-11-01 11:54:57",
        "calendarYear": "2010",
        "period": "Q3",
        "revenue": 242173000,
        "costOfRevenue": 5841000,
        "grossProfit": 236332000,
        "grossProfitRatio": 0.9758808785,
        "researchAndDevelopmentExpenses": 0,
        "generalAndAdministrativeExpenses": 84683000,
        "sellingAndMarketingExpenses": 71524000,
        "sellingGeneralAndAdministrativeExpenses": 99314000,
        "otherExpenses": 96034000,
        "operatingExpenses": 161244000,
        "costAndExpenses": 167633000,
        "interestIncome": 1049000,
        "interestExpense": 4958000,
        "depreciationAndAmortization": 5126000,
        "ebitda": 84624000,
        "ebitdaratio": 0.3494361469,
        "operatingIncome": 75088000,
        "operatingIncomeRatio": 0.3100593377,
        "totalOtherIncomeExpensesNet": -548000,
        "incomeBeforeTax": 74540000,
        "incomeBeforeTaxRatio": 0.3077964926,
        "incomeTaxExpense": 26477000,
        "netIncome": 43056000,
        "netIncomeRatio": 0.1777902574,
        "eps": 0.42,
        "epsdiluted": 0.42,
        "weightedAverageShsOut": 99916000,
        "weightedAverageShsOutDil": 99954000,
        "link": "https://www.sec.gov/Archives/edgar/data/1056288/000119312510242214/0001193125-10-242214-index.htm",
        "finalLink": "https://www.sec.gov/Archives/edgar/data/1056288/000119312510242214/d10q.htm"
    },
    {
        "date": "2010-06-30",
        "symbol": "FHI",
        "reportedCurrency": "USD",
        "cik": "0001056288",
        "fillingDate": "2010-07-28",
        "acceptedDate": "2010-07-28 11:43:44",
        "calendarYear": "2010",
        "period": "Q2",
        "revenue": 231484000,
        "costOfRevenue": 4853000,
        "grossProfit": 226631000,
        "grossProfitRatio": 0.9790352681,
        "researchAndDevelopmentExpenses": 0,
        "generalAndAdministrativeExpenses": 9133000,
        "sellingAndMarketingExpenses": 65379000,
        "sellingGeneralAndAdministrativeExpenses": 74512000,
        "otherExpenses": 98155000,
        "operatingExpenses": 142770000,
        "costAndExpenses": 153916000,
        "interestIncome": 725000,
        "interestExpense": 4619000,
        "depreciationAndAmortization": 5478000,
        "ebitda": 87665000,
        "ebitdaratio": 0.3787086796,
        "operatingIncome": 83861000,
        "operatingIncomeRatio": 0.3622755784,
        "totalOtherIncomeExpensesNet": -6293000,
        "incomeBeforeTax": 77568000,
        "incomeBeforeTaxRatio": 0.3350901142,
        "incomeTaxExpense": 29293000,
        "netIncome": 47650000,
        "netIncomeRatio": 0.2058457604,
        "eps": 0.46,
        "epsdiluted": 0.46,
        "weightedAverageShsOut": 99943000,
        "weightedAverageShsOutDil": 99996000,
        "link": "https://www.sec.gov/Archives/edgar/data/1056288/000119312510168495/0001193125-10-168495-index.htm",
        "finalLink": "https://www.sec.gov/Archives/edgar/data/1056288/000119312510168495/d10q.htm"
    },
    {
        "date": "2010-03-31",
        "symbol": "FHI",
        "reportedCurrency": "USD",
        "cik": "0001056288",
        "fillingDate": "2010-04-23",
        "acceptedDate": "2010-04-23 17:02:39",
        "calendarYear": "2010",
        "period": "Q1",
        "revenue": 232970000,
        "costOfRevenue": 6296000,
        "grossProfit": 226674000,
        "grossProfitRatio": 0.9729750612,
        "researchAndDevelopmentExpenses": 0,
        "generalAndAdministrativeExpenses": 29131000,
        "sellingAndMarketingExpenses": 60646000,
        "sellingGeneralAndAdministrativeExpenses": 89777000,
        "otherExpenses": 86380000,
        "operatingExpenses": 154864000,
        "costAndExpenses": 161933000,
        "interestIncome": 284000,
        "interestExpense": 787000,
        "depreciationAndAmortization": 5470000,
        "ebitda": 77294000,
        "ebitdaratio": 0.3317766236,
        "operatingIncome": 71810000,
        "operatingIncomeRatio": 0.3082371121,
        "totalOtherIncomeExpensesNet": -773000,
        "incomeBeforeTax": 71037000,
        "incomeBeforeTaxRatio": 0.3049190883,
        "incomeTaxExpense": 26842000,
        "netIncome": 42007000,
        "netIncomeRatio": 0.1803107696,
        "eps": 0.38,
        "epsdiluted": 0.38,
        "weightedAverageShsOut": 99862000,
        "weightedAverageShsOutDil": 100022000,
        "link": "https://www.sec.gov/Archives/edgar/data/1056288/000119312510091882/0001193125-10-091882-index.htm",
        "finalLink": "https://www.sec.gov/Archives/edgar/data/1056288/000119312510091882/d10q.htm"
    },
    {
        "date": "2009-12-31",
        "symbol": "FHI",
        "reportedCurrency": "USD",
        "cik": "0001056288",
        "fillingDate": "2010-02-19",
        "acceptedDate": "2010-02-19 16:51:56",
        "calendarYear": "2009",
        "period": "Q4",
        "revenue": 264810000,
        "costOfRevenue": 0,
        "grossProfit": 264810000,
        "grossProfitRatio": 1,
        "researchAndDevelopmentExpenses": 0,
        "generalAndAdministrativeExpenses": 86471000,
        "sellingAndMarketingExpenses": 79250000,
        "sellingGeneralAndAdministrativeExpenses": 165721000,
        "otherExpenses": 607296000,
        "operatingExpenses": 262788000,
        "costAndExpenses": 178800000,
        "interestIncome": 248000,
        "interestExpense": 1227000,
        "depreciationAndAmortization": 5804000,
        "ebitda": 93041000,
        "ebitdaratio": 0.3513500245,
        "operatingIncome": 50473000,
        "operatingIncomeRatio": 0.1906008081,
        "totalOtherIncomeExpensesNet": 86010000,
        "incomeBeforeTax": 86010000,
        "incomeBeforeTaxRatio": 0.3247989124,
        "incomeTaxExpense": 31308000,
        "netIncome": 51898000,
        "netIncomeRatio": 0.1959820248,
        "eps": 0.52,
        "epsdiluted": 0.52,
        "weightedAverageShsOut": 99862000,
        "weightedAverageShsOutDil": 100022000,
        "link": "https://www.sec.gov/Archives/edgar/data/1056288/000119312510035275/0001193125-10-035275-index.htm",
        "finalLink": "https://www.sec.gov/Archives/edgar/data/1056288/000119312510035275/d10k.htm"
    },
    {
        "date": "2009-09-30",
        "symbol": "FHI",
        "reportedCurrency": "USD",
        "cik": "0001056288",
        "fillingDate": "2009-10-23",
        "acceptedDate": "2009-10-23 16:49:30",
        "calendarYear": "2009",
        "period": "Q3",
        "revenue": 295288000,
        "costOfRevenue": 0,
        "grossProfit": 295288000,
        "grossProfitRatio": 1,
        "researchAndDevelopmentExpenses": 0,
        "generalAndAdministrativeExpenses": 29600000,
        "sellingAndMarketingExpenses": 97981000,
        "sellingGeneralAndAdministrativeExpenses": 127581000,
        "otherExpenses": -422811000,
        "operatingExpenses": -295230000,
        "costAndExpenses": 200397000,
        "interestIncome": 233000,
        "interestExpense": 1426000,
        "depreciationAndAmortization": 3953000,
        "ebitda": 101733000,
        "ebitdaratio": 0.3445212809,
        "operatingIncome": 58000,
        "operatingIncomeRatio": 0.0001964184,
        "totalOtherIncomeExpensesNet": 94833000,
        "incomeBeforeTax": 94891000,
        "incomeBeforeTaxRatio": 0.3213506814,
        "incomeTaxExpense": 34604000,
        "netIncome": 56986000,
        "netIncomeRatio": 0.1929844762,
        "eps": 0.56,
        "epsdiluted": 0.56,
        "weightedAverageShsOut": 99958000,
        "weightedAverageShsOutDil": 100086000,
        "link": "https://www.sec.gov/Archives/edgar/data/1056288/000119312509212901/0001193125-09-212901-index.htm",
        "finalLink": "https://www.sec.gov/Archives/edgar/data/1056288/000119312509212901/d10q.htm"
    },
    {
        "date": "2009-06-30",
        "symbol": "FHI",
        "reportedCurrency": "USD",
        "cik": "0001056288",
        "fillingDate": "2009-07-24",
        "acceptedDate": "2009-07-24 15:49:29",
        "calendarYear": "2009",
        "period": "Q2",
        "revenue": 306894000,
        "costOfRevenue": 5647000,
        "grossProfit": 301247000,
        "grossProfitRatio": 0.9815995099,
        "researchAndDevelopmentExpenses": 0,
        "generalAndAdministrativeExpenses": 88236000,
        "sellingAndMarketingExpenses": 117197000,
        "sellingGeneralAndAdministrativeExpenses": 205433000,
        "otherExpenses": 21753000,
        "operatingExpenses": 213182000,
        "costAndExpenses": 219099000,
        "interestIncome": 73000,
        "interestExpense": 1514000,
        "depreciationAndAmortization": 3981000,
        "ebitda": 94608000,
        "ebitdaratio": 0.3082758216,
        "operatingIncome": 88065000,
        "operatingIncomeRatio": 0.2869557567,
        "totalOtherIncomeExpensesNet": -270000,
        "incomeBeforeTax": 87795000,
        "incomeBeforeTaxRatio": 0.2860759741,
        "incomeTaxExpense": 31712000,
        "netIncome": 53274000,
        "netIncomeRatio": 0.1735908815,
        "eps": 0.52,
        "epsdiluted": 0.52,
        "weightedAverageShsOut": 100041000,
        "weightedAverageShsOutDil": 100164000,
        "link": "https://www.sec.gov/Archives/edgar/data/1056288/000119312509154911/0001193125-09-154911-index.htm",
        "finalLink": "https://www.sec.gov/Archives/edgar/data/1056288/000119312509154911/d10q.htm"
    },
    {
        "date": "2009-03-31",
        "symbol": "FHI",
        "reportedCurrency": "USD",
        "cik": "0001056288",
        "fillingDate": "2009-05-04",
        "acceptedDate": "2009-05-04 17:08:20",
        "calendarYear": "2009",
        "period": "Q1",
        "revenue": 310643000,
        "costOfRevenue": 0,
        "grossProfit": 310643000,
        "grossProfitRatio": 1,
        "researchAndDevelopmentExpenses": 0,
        "generalAndAdministrativeExpenses": 91771000,
        "sellingAndMarketingExpenses": 124956000,
        "sellingGeneralAndAdministrativeExpenses": 216727000,
        "otherExpenses": -438285000,
        "operatingExpenses": -221558000,
        "costAndExpenses": 252520000,
        "interestIncome": 42000,
        "interestExpense": 1544000,
        "depreciationAndAmortization": 6550000,
        "ebitda": 66217000,
        "ebitdaratio": 0.2131610885,
        "operatingIncome": 89085000,
        "operatingIncomeRatio": 0.2867761385,
        "totalOtherIncomeExpensesNet": -30962000,
        "incomeBeforeTax": 58123000,
        "incomeBeforeTaxRatio": 0.1871054555,
        "incomeTaxExpense": 20654000,
        "netIncome": 35135000,
        "netIncomeRatio": 0.1131041099,
        "eps": 0.34,
        "epsdiluted": 0.34,
        "weightedAverageShsOut": 99927000,
        "weightedAverageShsOutDil": 100035000,
        "link": "https://www.sec.gov/Archives/edgar/data/1056288/000119312509098063/0001193125-09-098063-index.htm",
        "finalLink": "https://www.sec.gov/Archives/edgar/data/1056288/000119312509098063/d10q.htm"
    },
    {
        "date": "2008-12-31",
        "symbol": "FHI",
        "reportedCurrency": "USD",
        "cik": "0001056288",
        "fillingDate": "2009-02-20",
        "acceptedDate": "2009-02-20 17:20:41",
        "calendarYear": "2008",
        "period": "Q4",
        "revenue": 301768000,
        "costOfRevenue": 0,
        "grossProfit": 301768000,
        "grossProfitRatio": 1,
        "researchAndDevelopmentExpenses": 0,
        "generalAndAdministrativeExpenses": 82042000,
        "sellingAndMarketingExpenses": 118842000,
        "sellingGeneralAndAdministrativeExpenses": 200884000,
        "otherExpenses": 508746000,
        "operatingExpenses": 222053000000,
        "costAndExpenses": 220464000,
        "interestIncome": 4205000,
        "interestExpense": 1982000,
        "depreciationAndAmortization": 6393000,
        "ebitda": 89679000,
        "ebitdaratio": 0.2971786273,
        "operatingIncome": 56592000,
        "operatingIncomeRatio": 0.1875347949,
        "totalOtherIncomeExpensesNet": 24712000,
        "incomeBeforeTax": 81304000,
        "incomeBeforeTaxRatio": 0.2694255189,
        "incomeTaxExpense": 27042000,
        "netIncome": 54262000,
        "netIncomeRatio": 0.1798136317,
        "eps": 0.54,
        "epsdiluted": 0.54,
        "weightedAverageShsOut": 99927000,
        "weightedAverageShsOutDil": 100035000,
        "link": "https://www.sec.gov/Archives/edgar/data/1056288/000119312509034245/0001193125-09-034245-index.htm",
        "finalLink": "https://www.sec.gov/Archives/edgar/data/1056288/000119312509034245/d10k.htm"
    },
    {
        "date": "2008-09-30",
        "symbol": "FHI",
        "reportedCurrency": "USD",
        "cik": "0001056288",
        "fillingDate": "2008-10-24",
        "acceptedDate": "2008-10-24 16:40:45",
        "calendarYear": "2008",
        "period": "Q3",
        "revenue": 305913000,
        "costOfRevenue": 9988000,
        "grossProfit": 295925000,
        "grossProfitRatio": 0.9673501943,
        "researchAndDevelopmentExpenses": 0,
        "generalAndAdministrativeExpenses": 85584000,
        "sellingAndMarketingExpenses": 110529000,
        "sellingGeneralAndAdministrativeExpenses": 196113000,
        "otherExpenses": 32113000,
        "operatingExpenses": 202665000,
        "costAndExpenses": 216449000,
        "interestIncome": 100000,
        "interestExpense": 1379000,
        "depreciationAndAmortization": 5954000,
        "ebitda": 99252000,
        "ebitdaratio": 0.3244451854,
        "operatingIncome": 93260000,
        "operatingIncomeRatio": 0.3048579171,
        "totalOtherIncomeExpensesNet": -3796000,
        "incomeBeforeTax": 89464000,
        "incomeBeforeTaxRatio": 0.2924491604,
        "incomeTaxExpense": 33253000,
        "netIncome": 56211000,
        "netIncomeRatio": 0.1837483206,
        "eps": 0.57,
        "epsdiluted": 0.56,
        "weightedAverageShsOut": 99367000,
        "weightedAverageShsOutDil": 100442000,
        "link": "https://www.sec.gov/Archives/edgar/data/1056288/000119312508216135/0001193125-08-216135-index.htm",
        "finalLink": "https://www.sec.gov/Archives/edgar/data/1056288/000119312508216135/d10q.htm"
    },
    {
        "date": "2008-06-30",
        "symbol": "FHI",
        "reportedCurrency": "USD",
        "cik": "0001056288",
        "fillingDate": "2008-07-28",
        "acceptedDate": "2008-07-28 14:03:31",
        "calendarYear": "2008",
        "period": "Q2",
        "revenue": 310306000,
        "costOfRevenue": 10895000,
        "grossProfit": 299411000,
        "grossProfitRatio": 0.9648894962,
        "researchAndDevelopmentExpenses": 0,
        "generalAndAdministrativeExpenses": 86869000,
        "sellingAndMarketingExpenses": 114462000,
        "sellingGeneralAndAdministrativeExpenses": 201331000,
        "otherExpenses": 32705000,
        "operatingExpenses": 208198000,
        "costAndExpenses": 221216000,
        "interestIncome": 77000,
        "interestExpense": 845000,
        "depreciationAndAmortization": -3299000,
        "ebitda": 98017000,
        "ebitdaratio": 0.3158720747,
        "operatingIncome": 91213000,
        "operatingIncomeRatio": 0.2939453314,
        "totalOtherIncomeExpensesNet": -2123000,
        "incomeBeforeTax": 89090000,
        "incomeBeforeTaxRatio": 0.2871036976,
        "incomeTaxExpense": 33873000,
        "netIncome": 58025000,
        "netIncomeRatio": 0.1869928393,
        "eps": 0.57,
        "epsdiluted": 0.57,
        "weightedAverageShsOut": 99347000,
        "weightedAverageShsOutDil": 100383000,
        "link": "https://www.sec.gov/Archives/edgar/data/1056288/000119312508158837/0001193125-08-158837-index.htm",
        "finalLink": "https://www.sec.gov/Archives/edgar/data/1056288/000119312508158837/d10q.htm"
    },
    {
        "date": "2008-03-31",
        "symbol": "FHI",
        "reportedCurrency": "USD",
        "cik": "0001056288",
        "fillingDate": "2008-04-29",
        "acceptedDate": "2008-04-29 13:35:01",
        "calendarYear": "2008",
        "period": "Q1",
        "revenue": 305693000,
        "costOfRevenue": 0,
        "grossProfit": 305693000,
        "grossProfitRatio": 1,
        "researchAndDevelopmentExpenses": 0,
        "generalAndAdministrativeExpenses": 107626000,
        "sellingAndMarketingExpenses": 3676000,
        "sellingGeneralAndAdministrativeExpenses": 111302000,
        "otherExpenses": -326208000,
        "operatingExpenses": -214906000,
        "costAndExpenses": 215874000,
        "interestIncome": 109000,
        "interestExpense": 968000,
        "depreciationAndAmortization": 15461000,
        "ebitda": 98273000,
        "ebitdaratio": 0.3214761215,
        "operatingIncome": 90787000,
        "operatingIncomeRatio": 0.2969875005,
        "totalOtherIncomeExpensesNet": 418000,
        "incomeBeforeTax": 89819000,
        "incomeBeforeTaxRatio": 0.2938209249,
        "incomeTaxExpense": 34000000,
        "netIncome": 55819000,
        "netIncomeRatio": 0.1825982276,
        "eps": 0.55,
        "epsdiluted": 0.54,
        "weightedAverageShsOut": 99812000,
        "weightedAverageShsOutDil": 101137000,
        "link": "https://www.sec.gov/Archives/edgar/data/1056288/000119312508094641/0001193125-08-094641-index.htm",
        "finalLink": "https://www.sec.gov/Archives/edgar/data/1056288/000119312508094641/d10q.htm"
    },
    {
        "date": "2007-12-31",
        "symbol": "FHI",
        "reportedCurrency": "USD",
        "cik": "0001056288",
        "fillingDate": "2008-02-28",
        "acceptedDate": "2008-02-28 17:10:03",
        "calendarYear": "2007",
        "period": "Q4",
        "revenue": 300735000,
        "costOfRevenue": 0,
        "grossProfit": 300735000,
        "grossProfitRatio": 1,
        "researchAndDevelopmentExpenses": 0,
        "generalAndAdministrativeExpenses": 96078000,
        "sellingAndMarketingExpenses": 3688000,
        "sellingGeneralAndAdministrativeExpenses": 99766000,
        "otherExpenses": 269032000,
        "operatingExpenses": 171847000000,
        "costAndExpenses": 216606000,
        "interestIncome": 0,
        "interestExpense": 0,
        "depreciationAndAmortization": 17187000,
        "ebitda": 0,
        "ebitdaratio": 0,
        "operatingIncome": 84129000,
        "operatingIncomeRatio": 0.2797446257,
        "totalOtherIncomeExpensesNet": 0,
        "incomeBeforeTax": 84129000,
        "incomeBeforeTaxRatio": 0.2797446257,
        "incomeTaxExpense": 31426000,
        "netIncome": 52703000,
        "netIncomeRatio": 0.1752473108,
        "eps": 0.53,
        "epsdiluted": 0.52,
        "weightedAverageShsOut": 99676786,
        "weightedAverageShsOutDil": 101489091,
        "link": "https://www.sec.gov/Archives/edgar/data/1056288/000119312508041982/0001193125-08-041982-index.htm",
        "finalLink": "https://www.sec.gov/Archives/edgar/data/1056288/000119312508041982/d10k.htm"
    },
    {
        "date": "2007-09-30",
        "symbol": "FHI",
        "reportedCurrency": "USD",
        "cik": "0001056288",
        "fillingDate": "2007-10-31",
        "acceptedDate": "2007-10-31 15:36:54",
        "calendarYear": "2007",
        "period": "Q3",
        "revenue": 285965000,
        "costOfRevenue": 10098000,
        "grossProfit": 275867000,
        "grossProfitRatio": 0.9646879863,
        "researchAndDevelopmentExpenses": 0,
        "generalAndAdministrativeExpenses": 90839000,
        "sellingAndMarketingExpenses": 3566000,
        "sellingGeneralAndAdministrativeExpenses": 94405000,
        "otherExpenses": 37342000,
        "operatingExpenses": 178081000,
        "costAndExpenses": 193923000,
        "interestIncome": 292000,
        "interestExpense": 1298000,
        "depreciationAndAmortization": 17899000,
        "ebitda": 99940000,
        "ebitdaratio": 0.3494833284,
        "operatingIncome": 97786000,
        "operatingIncomeRatio": 0.3419509381,
        "totalOtherIncomeExpensesNet": -5744000,
        "incomeBeforeTax": 92042000,
        "incomeBeforeTaxRatio": 0.3218645638,
        "incomeTaxExpense": 34315000,
        "netIncome": 57727000,
        "netIncomeRatio": 0.2018673614,
        "eps": 0.57,
        "epsdiluted": 0.57,
        "weightedAverageShsOut": 100433000,
        "weightedAverageShsOutDil": 102095000,
        "link": "https://www.sec.gov/Archives/edgar/data/1056288/000119312507231022/0001193125-07-231022-index.htm",
        "finalLink": "https://www.sec.gov/Archives/edgar/data/1056288/000119312507231022/d10q.htm"
    },
    {
        "date": "2007-06-30",
        "symbol": "FHI",
        "reportedCurrency": "USD",
        "cik": "0001056288",
        "fillingDate": "2007-08-01",
        "acceptedDate": "2007-08-01 16:20:05",
        "calendarYear": "2007",
        "period": "Q2",
        "revenue": 276530000,
        "costOfRevenue": 9927000,
        "grossProfit": 266603000,
        "grossProfitRatio": 0.9641015441,
        "researchAndDevelopmentExpenses": 0,
        "generalAndAdministrativeExpenses": 87288000,
        "sellingAndMarketingExpenses": 4241000,
        "sellingGeneralAndAdministrativeExpenses": 91529000,
        "otherExpenses": 41294000,
        "operatingExpenses": 177721000,
        "costAndExpenses": 188832000,
        "interestIncome": 248000,
        "interestExpense": 1447000,
        "depreciationAndAmortization": 17696000,
        "ebitda": 106841000,
        "ebitdaratio": 0.3863631432,
        "operatingIncome": 88882000,
        "operatingIncomeRatio": 0.3214190142,
        "totalOtherIncomeExpensesNet": -1184000,
        "incomeBeforeTax": 87698000,
        "incomeBeforeTaxRatio": 0.3171373811,
        "incomeTaxExpense": 32421000,
        "netIncome": 55277000,
        "netIncomeRatio": 0.1998951289,
        "eps": 0.55,
        "epsdiluted": 0.54,
        "weightedAverageShsOut": 101332000,
        "weightedAverageShsOutDil": 102364815,
        "link": "https://www.sec.gov/Archives/edgar/data/1056288/000119312507168104/0001193125-07-168104-index.htm",
        "finalLink": "https://www.sec.gov/Archives/edgar/data/1056288/000119312507168104/d10q.htm"
    },
    {
        "date": "2007-03-31",
        "symbol": "FHI",
        "reportedCurrency": "USD",
        "cik": "0001056288",
        "fillingDate": "2007-05-03",
        "acceptedDate": "2007-05-03 16:59:16",
        "calendarYear": "2007",
        "period": "Q1",
        "revenue": 264414000,
        "costOfRevenue": 0,
        "grossProfit": 264414000,
        "grossProfitRatio": 1,
        "researchAndDevelopmentExpenses": 0,
        "generalAndAdministrativeExpenses": 80202000,
        "sellingAndMarketingExpenses": 2896000,
        "sellingGeneralAndAdministrativeExpenses": 83098000,
        "otherExpenses": -295749000,
        "operatingExpenses": -212651000,
        "costAndExpenses": 181606000,
        "interestIncome": 0,
        "interestExpense": 1593000,
        "depreciationAndAmortization": 19165000,
        "ebitda": 103566000,
        "ebitdaratio": 0.3916812272,
        "operatingIncome": 51763000,
        "operatingIncomeRatio": 0.1957649746,
        "totalOtherIncomeExpensesNet": 31045000,
        "incomeBeforeTax": 82808000,
        "incomeBeforeTaxRatio": 0.3131755505,
        "incomeTaxExpense": 31045000,
        "netIncome": 51763000,
        "netIncomeRatio": 0.1957649746,
        "eps": 0.51,
        "epsdiluted": 0.5,
        "weightedAverageShsOut": 101496078,
        "weightedAverageShsOutDil": 103526000,
        "link": "https://www.sec.gov/Archives/edgar/data/1056288/000119312507101467/0001193125-07-101467-index.htm",
        "finalLink": "https://www.sec.gov/Archives/edgar/data/1056288/000119312507101467/d10q.htm"
    },
    {
        "date": "2006-12-31",
        "symbol": "FHI",
        "reportedCurrency": "USD",
        "cik": "0001056288",
        "fillingDate": "2007-02-28",
        "acceptedDate": "2007-02-28 17:18:03",
        "calendarYear": "2006",
        "period": "Q4",
        "revenue": 259735000,
        "costOfRevenue": 0,
        "grossProfit": 259735000,
        "grossProfitRatio": 1,
        "researchAndDevelopmentExpenses": 0,
        "generalAndAdministrativeExpenses": 74413000,
        "sellingAndMarketingExpenses": 3745000,
        "sellingGeneralAndAdministrativeExpenses": 78158000,
        "otherExpenses": 223833000,
        "operatingExpenses": 147865000000,
        "costAndExpenses": 176407000,
        "interestIncome": 0,
        "interestExpense": 1886000,
        "depreciationAndAmortization": 19186000,
        "ebitda": 104400000,
        "ebitdaratio": 0.4019481394,
        "operatingIncome": 85214000,
        "operatingIncomeRatio": 0.3280805436,
        "totalOtherIncomeExpensesNet": -1886000,
        "incomeBeforeTax": 83328000,
        "incomeBeforeTaxRatio": 0.3208192966,
        "incomeTaxExpense": 30186000,
        "netIncome": 53278000,
        "netIncomeRatio": 0.2051244538,
        "eps": 0.52,
        "epsdiluted": 0.51,
        "weightedAverageShsOut": 101496078,
        "weightedAverageShsOutDil": 103526000,
        "link": "https://www.sec.gov/Archives/edgar/data/1056288/000119312507042828/0001193125-07-042828-index.htm",
        "finalLink": "https://www.sec.gov/Archives/edgar/data/1056288/000119312507042828/d10k.htm"
    },
    {
        "date": "2006-09-30",
        "symbol": "FHI",
        "reportedCurrency": "USD",
        "cik": "0001056288",
        "fillingDate": "2006-11-03",
        "acceptedDate": "2006-11-02 18:14:12",
        "calendarYear": "2006",
        "period": "Q3",
        "revenue": 243935000,
        "costOfRevenue": 11306000000,
        "grossProfit": -11062065000,
        "grossProfitRatio": -45.3484124869,
        "researchAndDevelopmentExpenses": 0,
        "generalAndAdministrativeExpenses": 72172000,
        "sellingAndMarketingExpenses": 3650000,
        "sellingGeneralAndAdministrativeExpenses": 75822000,
        "otherExpenses": 41143000000,
        "operatingExpenses": 158678000000,
        "costAndExpenses": 171388000,
        "interestIncome": 0,
        "interestExpense": 2003000,
        "depreciationAndAmortization": 19478000,
        "ebitda": 94028000,
        "ebitdaratio": 0.3854633406,
        "operatingIncome": 73951000000,
        "operatingIncomeRatio": 303.1586283231,
        "totalOtherIncomeExpensesNet": -1404000,
        "incomeBeforeTax": 72547000,
        "incomeBeforeTaxRatio": 0.2974029967,
        "incomeTaxExpense": 27383000,
        "netIncome": 45609000,
        "netIncomeRatio": 0.1869719392,
        "eps": 0.44,
        "epsdiluted": 0.43,
        "weightedAverageShsOut": 103656818,
        "weightedAverageShsOutDil": 106067442,
        "link": "https://www.sec.gov/Archives/edgar/data/1056288/000119312506222345/0001193125-06-222345-index.htm",
        "finalLink": "https://www.sec.gov/Archives/edgar/data/1056288/000119312506222345/d10q.htm"
    },
    {
        "date": "2006-06-30",
        "symbol": "FHI",
        "reportedCurrency": "USD",
        "cik": "0001056288",
        "fillingDate": "2006-08-03",
        "acceptedDate": "2006-08-02 21:07:16",
        "calendarYear": "2006",
        "period": "Q2",
        "revenue": 236406000,
        "costOfRevenue": 9196000,
        "grossProfit": 227210000,
        "grossProfitRatio": 0.9611008181,
        "researchAndDevelopmentExpenses": 0,
        "generalAndAdministrativeExpenses": 70313000,
        "sellingAndMarketingExpenses": 3794000,
        "sellingGeneralAndAdministrativeExpenses": 74107000,
        "otherExpenses": 38344000,
        "operatingExpenses": 151640000,
        "costAndExpenses": 161180000,
        "interestIncome": 0,
        "interestExpense": 2085000,
        "depreciationAndAmortization": 18375000,
        "ebitda": 95686000,
        "ebitdaratio": 0.4047528405,
        "operatingIncome": 75570000,
        "operatingIncomeRatio": 0.3196619375,
        "totalOtherIncomeExpensesNet": -344000,
        "incomeBeforeTax": 75226000,
        "incomeBeforeTaxRatio": 0.3182068137,
        "incomeTaxExpense": 28570000,
        "netIncome": 49921000,
        "netIncomeRatio": 0.2111663833,
        "eps": 0.48,
        "epsdiluted": 0.47,
        "weightedAverageShsOut": 104002083,
        "weightedAverageShsOutDil": 106214894,
        "link": "https://www.sec.gov/Archives/edgar/data/1056288/000119312506159644/0001193125-06-159644-index.htm",
        "finalLink": "https://www.sec.gov/Archives/edgar/data/1056288/000119312506159644/d10q.htm"
    },
    {
        "date": "2006-03-31",
        "symbol": "FHI",
        "reportedCurrency": "USD",
        "cik": "0001056288",
        "fillingDate": "2006-05-04",
        "acceptedDate": "2006-05-04 16:13:10",
        "calendarYear": "2006",
        "period": "Q1",
        "revenue": 238781000,
        "costOfRevenue": 0,
        "grossProfit": 238781000,
        "grossProfitRatio": 1,
        "researchAndDevelopmentExpenses": 0,
        "generalAndAdministrativeExpenses": 69952000,
        "sellingAndMarketingExpenses": 3952000,
        "sellingGeneralAndAdministrativeExpenses": 73904000,
        "otherExpenses": -266600000,
        "operatingExpenses": -192696000,
        "costAndExpenses": 165116000,
        "interestIncome": 0,
        "interestExpense": 2219000,
        "depreciationAndAmortization": 18892000,
        "ebitda": 94776000,
        "ebitdaratio": 0.3969160025,
        "operatingIncome": 46085000,
        "operatingIncomeRatio": 0.1930011182,
        "totalOtherIncomeExpensesNet": 27580000,
        "incomeBeforeTax": 73665000,
        "incomeBeforeTaxRatio": 0.3085044455,
        "incomeTaxExpense": 27580000,
        "netIncome": 48921000,
        "netIncomeRatio": 0.2048781101,
        "eps": 0.46,
        "epsdiluted": 0.45,
        "weightedAverageShsOut": 106350000,
        "weightedAverageShsOutDil": 108713333,
        "link": "https://www.sec.gov/Archives/edgar/data/1056288/000119312506100340/0001193125-06-100340-index.htm",
        "finalLink": "https://www.sec.gov/Archives/edgar/data/1056288/000119312506100340/d10q.htm"
    },
    {
        "date": "2005-12-31",
        "symbol": "FHI",
        "reportedCurrency": "USD",
        "cik": "0001056288",
        "fillingDate": "2006-03-02",
        "acceptedDate": "2006-03-02 13:01:26",
        "calendarYear": "2005",
        "period": "Q4",
        "revenue": 241759000,
        "costOfRevenue": 0,
        "grossProfit": 241759000,
        "grossProfitRatio": 1,
        "researchAndDevelopmentExpenses": 0,
        "generalAndAdministrativeExpenses": 66476000,
        "sellingAndMarketingExpenses": 3031000,
        "sellingGeneralAndAdministrativeExpenses": 69507000,
        "otherExpenses": 168628000,
        "operatingExpenses": 135070000000,
        "costAndExpenses": 159304000,
        "interestIncome": 0,
        "interestExpense": 4252000,
        "depreciationAndAmortization": 18967000,
        "ebitda": 105674000,
        "ebitdaratio": 0.43710472,
        "operatingIncome": 86707000,
        "operatingIncomeRatio": 0.358650557,
        "totalOtherIncomeExpensesNet": -4252000,
        "incomeBeforeTax": 82455000,
        "incomeBeforeTaxRatio": 0.3410627939,
        "incomeTaxExpense": 30628000,
        "netIncome": 51827000,
        "netIncomeRatio": 0.2143746458,
        "eps": 0.49,
        "epsdiluted": 0.48,
        "weightedAverageShsOut": 106350000,
        "weightedAverageShsOutDil": 108713333,
        "link": "https://www.sec.gov/Archives/edgar/data/1056288/000119312506043618/0001193125-06-043618-index.htm",
        "finalLink": "https://www.sec.gov/Archives/edgar/data/1056288/000119312506043618/d10k.htm"
    },
    {
        "date": "2005-09-30",
        "symbol": "FHI",
        "reportedCurrency": "USD",
        "cik": "0001056288",
        "fillingDate": "2005-10-28",
        "acceptedDate": "2005-10-28 14:46:18",
        "calendarYear": "2005",
        "period": "Q3",
        "revenue": 241359000,
        "costOfRevenue": 7707000,
        "grossProfit": 233652000,
        "grossProfitRatio": 0.9680683132,
        "researchAndDevelopmentExpenses": 0,
        "generalAndAdministrativeExpenses": 65538000,
        "sellingAndMarketingExpenses": 4774000,
        "sellingGeneralAndAdministrativeExpenses": 70312000,
        "otherExpenses": 38807000,
        "operatingExpenses": 125352000,
        "costAndExpenses": 137501000,
        "interestIncome": 0,
        "interestExpense": 4429000,
        "depreciationAndAmortization": 19586000,
        "ebitda": 108300000,
        "ebitdaratio": 0.4487091842,
        "operatingIncome": 108300000,
        "operatingIncomeRatio": 0.4487091842,
        "totalOtherIncomeExpensesNet": -4442000,
        "incomeBeforeTax": 103858000,
        "incomeBeforeTaxRatio": 0.4303050642,
        "incomeTaxExpense": 38360000,
        "netIncome": 63667000,
        "netIncomeRatio": 0.2637854814,
        "eps": 0.6,
        "epsdiluted": 0.59,
        "weightedAverageShsOut": 106111667,
        "weightedAverageShsOutDil": 107910169,
        "link": "https://www.sec.gov/Archives/edgar/data/1056288/000119312505210953/0001193125-05-210953-index.htm",
        "finalLink": "https://www.sec.gov/Archives/edgar/data/1056288/000119312505210953/d10q.htm"
    },
    {
        "date": "2005-06-30",
        "symbol": "FHI",
        "reportedCurrency": "USD",
        "cik": "0001056288",
        "fillingDate": "2005-07-29",
        "acceptedDate": "2005-07-29 14:30:08",
        "calendarYear": "2005",
        "period": "Q2",
        "revenue": 221254000,
        "costOfRevenue": 9225000,
        "grossProfit": 212029000,
        "grossProfitRatio": 0.9583058385,
        "researchAndDevelopmentExpenses": 0,
        "generalAndAdministrativeExpenses": 52320000,
        "sellingAndMarketingExpenses": 4422000,
        "sellingGeneralAndAdministrativeExpenses": 56742000,
        "otherExpenses": 47458000,
        "operatingExpenses": 138503000,
        "costAndExpenses": 152938000,
        "interestIncome": 0,
        "interestExpense": 4543000,
        "depreciationAndAmortization": 19009000,
        "ebitda": 91868000,
        "ebitdaratio": 0.4152150922,
        "operatingIncome": 73526000,
        "operatingIncomeRatio": 0.332314896,
        "totalOtherIncomeExpensesNet": -5210000,
        "incomeBeforeTax": 68316000,
        "incomeBeforeTaxRatio": 0.3087672991,
        "incomeTaxExpense": 30522000,
        "netIncome": 37761000,
        "netIncomeRatio": 0.1706681009,
        "eps": 0.36,
        "epsdiluted": 0.35,
        "weightedAverageShsOut": 104891667,
        "weightedAverageShsOutDil": 107888571,
        "link": "https://www.sec.gov/Archives/edgar/data/1056288/000119312505152563/0001193125-05-152563-index.htm",
        "finalLink": "https://www.sec.gov/Archives/edgar/data/1056288/000119312505152563/d10q.htm"
    },
    {
        "date": "2005-03-31",
        "symbol": "FHI",
        "reportedCurrency": "USD",
        "cik": "0001056288",
        "fillingDate": "2005-04-29",
        "acceptedDate": "2005-04-29 12:02:24",
        "calendarYear": "2005",
        "period": "Q1",
        "revenue": 205898000,
        "costOfRevenue": 0,
        "grossProfit": 205898000,
        "grossProfitRatio": 1,
        "researchAndDevelopmentExpenses": 0,
        "generalAndAdministrativeExpenses": 38354000,
        "sellingAndMarketingExpenses": 3220000,
        "sellingGeneralAndAdministrativeExpenses": 41574000,
        "otherExpenses": -240289000,
        "operatingExpenses": -198715000,
        "costAndExpenses": 182037000,
        "interestIncome": 0,
        "interestExpense": 4714000,
        "depreciationAndAmortization": 18176000,
        "ebitda": 45489000,
        "ebitdaratio": 0.2209297808,
        "operatingIncome": 7183000,
        "operatingIncomeRatio": 0.0348862058,
        "totalOtherIncomeExpensesNet": 15911000,
        "incomeBeforeTax": 23861000,
        "incomeBeforeTaxRatio": 0.1158874783,
        "incomeTaxExpense": 16678000,
        "netIncome": 7028000,
        "netIncomeRatio": 0.0341334059,
        "eps": 0.07,
        "epsdiluted": 0.06,
        "weightedAverageShsOut": 100400000,
        "weightedAverageShsOutDil": 117133333,
        "link": "https://www.sec.gov/Archives/edgar/data/1056288/000119312505089892/0001193125-05-089892-index.htm",
        "finalLink": "https://www.sec.gov/Archives/edgar/data/1056288/000119312505089892/d10q.htm"
    },
    {
        "date": "2004-12-31",
        "symbol": "FHI",
        "reportedCurrency": "USD",
        "cik": "0001056288",
        "fillingDate": "2005-03-04",
        "acceptedDate": "2005-03-04 11:15:51",
        "calendarYear": "2004",
        "period": "Q4",
        "revenue": 208011000,
        "costOfRevenue": 0,
        "grossProfit": 208011000,
        "grossProfitRatio": 1,
        "researchAndDevelopmentExpenses": 0,
        "generalAndAdministrativeExpenses": 37063000,
        "sellingAndMarketingExpenses": 3671000,
        "sellingGeneralAndAdministrativeExpenses": 40734000,
        "otherExpenses": 131115000,
        "operatingExpenses": 135851000000,
        "costAndExpenses": 149992000,
        "interestIncome": 0,
        "interestExpense": 4989000,
        "depreciationAndAmortization": 18773000,
        "ebitda": 81781000,
        "ebitdaratio": 0.3931570927,
        "operatingIncome": 63008000,
        "operatingIncomeRatio": 0.3029070578,
        "totalOtherIncomeExpensesNet": -4989000,
        "incomeBeforeTax": 58019000,
        "incomeBeforeTaxRatio": 0.2789227493,
        "incomeTaxExpense": 25998000,
        "netIncome": 31746000,
        "netIncomeRatio": 0.1526169289,
        "eps": 0.32,
        "epsdiluted": 0.27,
        "weightedAverageShsOut": 100400000,
        "weightedAverageShsOutDil": 117133333,
        "link": "https://www.sec.gov/Archives/edgar/data/1056288/000119312505042304/0001193125-05-042304-index.htm",
        "finalLink": "https://www.sec.gov/Archives/edgar/data/1056288/000119312505042304/d10k.htm"
    },
    {
        "date": "2004-09-30",
        "symbol": "FHI",
        "reportedCurrency": "USD",
        "cik": "0001056288",
        "fillingDate": "2004-11-03",
        "acceptedDate": "2004-11-02 19:57:12",
        "calendarYear": "2004",
        "period": "Q3",
        "revenue": 205189000,
        "costOfRevenue": 8232000,
        "grossProfit": 196957000,
        "grossProfitRatio": 0.9598808903,
        "researchAndDevelopmentExpenses": 0,
        "generalAndAdministrativeExpenses": 37336000,
        "sellingAndMarketingExpenses": 3655000,
        "sellingGeneralAndAdministrativeExpenses": 40991000,
        "otherExpenses": 41636000,
        "operatingExpenses": 115584000,
        "costAndExpenses": 130719000,
        "interestIncome": 0,
        "interestExpense": 5190000,
        "depreciationAndAmortization": 18179000,
        "ebitda": 98287000,
        "ebitdaratio": 0.4790071593,
        "operatingIncome": 81373000,
        "operatingIncomeRatio": 0.3965758398,
        "totalOtherIncomeExpensesNet": -6903000,
        "incomeBeforeTax": 74470000,
        "incomeBeforeTaxRatio": 0.3629336855,
        "incomeTaxExpense": 27269000,
        "netIncome": 47051000,
        "netIncomeRatio": 0.2293056645,
        "eps": 0.44,
        "epsdiluted": 0.43,
        "weightedAverageShsOut": 106934091,
        "weightedAverageShsOutDil": 109420930,
        "link": "https://www.sec.gov/Archives/edgar/data/1056288/000119312504183961/0001193125-04-183961-index.htm",
        "finalLink": "https://www.sec.gov/Archives/edgar/data/1056288/000119312504183961/d10q.htm"
    },
    {
        "date": "2004-06-30",
        "symbol": "FHI",
        "reportedCurrency": "USD",
        "cik": "0001056288",
        "fillingDate": "2004-08-06",
        "acceptedDate": "2004-08-06 10:12:23",
        "calendarYear": "2004",
        "period": "Q2",
        "revenue": 213084000,
        "costOfRevenue": 8352000,
        "grossProfit": 204732000,
        "grossProfitRatio": 0.9608041899,
        "researchAndDevelopmentExpenses": 0,
        "generalAndAdministrativeExpenses": 40544000,
        "sellingAndMarketingExpenses": 4277000,
        "sellingGeneralAndAdministrativeExpenses": 44821000,
        "otherExpenses": 40079000,
        "operatingExpenses": 121562000,
        "costAndExpenses": 137129000,
        "interestIncome": 0,
        "interestExpense": 5370000,
        "depreciationAndAmortization": 18901000,
        "ebitda": 100206000,
        "ebitdaratio": 0.4702652475,
        "operatingIncome": 83170000,
        "operatingIncomeRatio": 0.3903155563,
        "totalOtherIncomeExpensesNet": -7215000,
        "incomeBeforeTax": 75955000,
        "incomeBeforeTaxRatio": 0.3564556701,
        "incomeTaxExpense": 27306000,
        "netIncome": 50649000,
        "netIncomeRatio": 0.2376949935,
        "eps": 0.47,
        "epsdiluted": 0.46,
        "weightedAverageShsOut": 107763830,
        "weightedAverageShsOutDil": 110106522,
        "link": "https://www.sec.gov/Archives/edgar/data/1056288/000119312504133718/0001193125-04-133718-index.htm",
        "finalLink": "https://www.sec.gov/Archives/edgar/data/1056288/000119312504133718/d10q.htm"
    },
    {
        "date": "2004-03-31",
        "symbol": "FHI",
        "reportedCurrency": "USD",
        "cik": "0001056288",
        "fillingDate": "2004-05-07",
        "acceptedDate": "2004-05-07 16:35:21",
        "calendarYear": "2004",
        "period": "Q1",
        "revenue": 227132000,
        "costOfRevenue": 0,
        "grossProfit": 227132000,
        "grossProfitRatio": 1,
        "researchAndDevelopmentExpenses": 0,
        "generalAndAdministrativeExpenses": 41499000,
        "sellingAndMarketingExpenses": 3804000,
        "sellingGeneralAndAdministrativeExpenses": 45303000,
        "otherExpenses": -185148000,
        "operatingExpenses": -139845000,
        "costAndExpenses": 145472000,
        "interestIncome": 0,
        "interestExpense": 5627000,
        "depreciationAndAmortization": 18858000,
        "ebitda": 105287000,
        "ebitdaratio": 0.4635498301,
        "operatingIncome": 87287000,
        "operatingIncomeRatio": 0.384300759,
        "totalOtherIncomeExpensesNet": -6467000,
        "incomeBeforeTax": 81660000,
        "incomeBeforeTaxRatio": 0.3595266189,
        "incomeTaxExpense": 29927000,
        "netIncome": 51733000,
        "netIncomeRatio": 0.2277662329,
        "eps": 0.48,
        "epsdiluted": 0.46,
        "weightedAverageShsOut": 107777083,
        "weightedAverageShsOutDil": 112463043,
        "link": "https://www.sec.gov/Archives/edgar/data/1056288/000119312504082170/0001193125-04-082170-index.htm",
        "finalLink": "https://www.sec.gov/Archives/edgar/data/1056288/000119312504082170/d10q.htm"
    },
    {
        "date": "2003-12-31",
        "symbol": "FHI",
        "reportedCurrency": "USD",
        "cik": "0001056288",
        "fillingDate": "2004-03-12",
        "acceptedDate": "2004-03-12 16:11:48",
        "calendarYear": "2003",
        "period": "Q4",
        "revenue": 292341000,
        "costOfRevenue": 0,
        "grossProfit": 292341000,
        "grossProfitRatio": 1,
        "researchAndDevelopmentExpenses": 0,
        "generalAndAdministrativeExpenses": 144873000000,
        "sellingAndMarketingExpenses": -32593000,
        "sellingGeneralAndAdministrativeExpenses": 123500000,
        "otherExpenses": 53040000,
        "operatingExpenses": 144873000000,
        "costAndExpenses": 191909000,
        "interestIncome": 0,
        "interestExpense": 1161000,
        "depreciationAndAmortization": 9634000,
        "ebitda": 111227000,
        "ebitdaratio": 0.3804700675,
        "operatingIncome": 101593000,
        "operatingIncomeRatio": 0.3475154015,
        "totalOtherIncomeExpensesNet": -1161000,
        "incomeBeforeTax": 100432000,
        "incomeBeforeTaxRatio": 0.343544012,
        "incomeTaxExpense": 36656000,
        "netIncome": 63776000,
        "netIncomeRatio": 0.2181561943,
        "eps": 0.59,
        "epsdiluted": 0.57,
        "weightedAverageShsOut": 107777083,
        "weightedAverageShsOutDil": 112463043,
        "link": "https://www.sec.gov/Archives/edgar/data/1056288/000119312504040522/0001193125-04-040522-index.htm",
        "finalLink": "https://www.sec.gov/Archives/edgar/data/1056288/000119312504040522/d10k.htm"
    },
    {
        "date": "2003-09-30",
        "symbol": "FHI",
        "reportedCurrency": "USD",
        "cik": "0001056288",
        "fillingDate": "2003-10-28",
        "acceptedDate": "2003-10-27 21:43:23",
        "calendarYear": "2003",
        "period": "Q3",
        "revenue": 184746000,
        "costOfRevenue": 8768000,
        "grossProfit": 175978000,
        "grossProfitRatio": 0.9525402444,
        "researchAndDevelopmentExpenses": 0,
        "generalAndAdministrativeExpenses": 0,
        "sellingAndMarketingExpenses": 16630000,
        "sellingGeneralAndAdministrativeExpenses": 16630000,
        "otherExpenses": 32361000,
        "operatingExpenses": 91043000,
        "costAndExpenses": 117499000,
        "interestIncome": 0,
        "interestExpense": 1172000,
        "depreciationAndAmortization": 9467000,
        "ebitda": 88956000,
        "ebitdaratio": 0.4815043357,
        "operatingIncome": 83169000,
        "operatingIncomeRatio": 0.4501802475,
        "totalOtherIncomeExpensesNet": -4852000,
        "incomeBeforeTax": 67247000,
        "incomeBeforeTaxRatio": 0.3639970554,
        "incomeTaxExpense": 24056000,
        "netIncome": 50940000,
        "netIncomeRatio": 0.2757299211,
        "eps": 0.48,
        "epsdiluted": 0.46,
        "weightedAverageShsOut": 106125000,
        "weightedAverageShsOutDil": 110739130,
        "link": "https://www.sec.gov/Archives/edgar/data/1056288/000119312503067852/0001193125-03-067852-index.htm",
        "finalLink": "https://www.sec.gov/Archives/edgar/data/1056288/000119312503067852/d10q.htm"
    },
    {
        "date": "2003-06-30",
        "symbol": "FHI",
        "reportedCurrency": "USD",
        "cik": "0001056288",
        "fillingDate": "2003-08-14",
        "acceptedDate": "2003-08-14 11:29:06",
        "calendarYear": "2003",
        "period": "Q2",
        "revenue": 178042000,
        "costOfRevenue": 9056000,
        "grossProfit": 168986000,
        "grossProfitRatio": 0.9491355972,
        "researchAndDevelopmentExpenses": 0,
        "generalAndAdministrativeExpenses": 0,
        "sellingAndMarketingExpenses": 18881000,
        "sellingGeneralAndAdministrativeExpenses": 18881000,
        "otherExpenses": 32178000,
        "operatingExpenses": 89002000,
        "costAndExpenses": 101476000,
        "interestIncome": 0,
        "interestExpense": 1291000,
        "depreciationAndAmortization": 8242000,
        "ebitda": 86099000,
        "ebitdaratio": 0.4835881421,
        "operatingIncome": 79984000,
        "operatingIncomeRatio": 0.4492423136,
        "totalOtherIncomeExpensesNet": -3418000,
        "incomeBeforeTax": 76566000,
        "incomeBeforeTaxRatio": 0.4300445962,
        "incomeTaxExpense": 27506000,
        "netIncome": 49060000,
        "netIncomeRatio": 0.2755529594,
        "eps": 0.46,
        "epsdiluted": 0.44,
        "weightedAverageShsOut": 106652174,
        "weightedAverageShsOutDil": 111500000,
        "link": "https://www.sec.gov/Archives/edgar/data/1056288/000119312503037302/0001193125-03-037302-index.htm",
        "finalLink": "https://www.sec.gov/Archives/edgar/data/1056288/000119312503037302/d10q.htm"
    },
    {
        "date": "2003-03-31",
        "symbol": "FHI",
        "reportedCurrency": "USD",
        "cik": "0001056288",
        "fillingDate": "2003-05-15",
        "acceptedDate": "2003-05-14 17:34:59",
        "calendarYear": "2003",
        "period": "Q1",
        "revenue": 169958000,
        "costOfRevenue": 0,
        "grossProfit": 169958000,
        "grossProfitRatio": 1,
        "researchAndDevelopmentExpenses": 0,
        "generalAndAdministrativeExpenses": 0,
        "sellingAndMarketingExpenses": 17529000,
        "sellingGeneralAndAdministrativeExpenses": 17529000,
        "otherExpenses": -110704000,
        "operatingExpenses": -93175000,
        "costAndExpenses": 94359000,
        "interestIncome": 0,
        "interestExpense": 1184000,
        "depreciationAndAmortization": 8200000,
        "ebitda": 84983000,
        "ebitdaratio": 0.5000235352,
        "operatingIncome": 76783000,
        "operatingIncomeRatio": 0.4517763212,
        "totalOtherIncomeExpensesNet": -28072000,
        "incomeBeforeTax": 75599000,
        "incomeBeforeTaxRatio": 0.4448098942,
        "incomeTaxExpense": 26888000,
        "netIncome": 48711000,
        "netIncomeRatio": 0.2866061027,
        "eps": 0.44,
        "epsdiluted": 0.43,
        "weightedAverageShsOut": 110706818,
        "weightedAverageShsOutDil": 113281395,
        "link": "https://www.sec.gov/Archives/edgar/data/1056288/000095013203000120/0000950132-03-000120-index.htm",
        "finalLink": "https://www.sec.gov/Archives/edgar/data/1056288/000095013203000120/d10q.htm"
    },
    {
        "date": "2002-12-31",
        "symbol": "FHI",
        "reportedCurrency": "USD",
        "cik": "0001056288",
        "fillingDate": "2003-03-20",
        "acceptedDate": "2003-03-20 11:12:05",
        "calendarYear": "2002",
        "period": "Q4",
        "revenue": 173833000,
        "costOfRevenue": 0,
        "grossProfit": 173833000,
        "grossProfitRatio": 1,
        "researchAndDevelopmentExpenses": 0,
        "generalAndAdministrativeExpenses": 0,
        "sellingAndMarketingExpenses": 19726000,
        "sellingGeneralAndAdministrativeExpenses": 19726000,
        "otherExpenses": 55593000,
        "operatingExpenses": 141111000000,
        "costAndExpenses": 98762000,
        "interestIncome": 0,
        "interestExpense": 1229000,
        "depreciationAndAmortization": -6195000,
        "ebitda": -269625000,
        "ebitdaratio": -1.5510576243,
        "operatingIncome": 88618000,
        "operatingIncomeRatio": 0.50978813,
        "totalOtherIncomeExpensesNet": -13547000,
        "incomeBeforeTax": 75071000,
        "incomeBeforeTaxRatio": 0.4318570122,
        "incomeTaxExpense": 26172000,
        "netIncome": 48899000,
        "netIncomeRatio": 0.2812987177,
        "eps": 0.44,
        "epsdiluted": 0.43,
        "weightedAverageShsOut": 110706818,
        "weightedAverageShsOutDil": 113281395,
        "link": "https://www.sec.gov/Archives/edgar/data/1056288/000102140803004561/0001021408-03-004561-index.htm",
        "finalLink": "https://www.sec.gov/Archives/edgar/data/1056288/000102140803004561/d10k.htm"
    },
    {
        "date": "2002-09-30",
        "symbol": "FHI",
        "reportedCurrency": "USD",
        "cik": "0001056288",
        "fillingDate": "2002-11-12",
        "acceptedDate": "2002-11-12 09:35:07",
        "calendarYear": "2002",
        "period": "Q3",
        "revenue": 173235000,
        "costOfRevenue": 0,
        "grossProfit": 173235000,
        "grossProfitRatio": 1,
        "researchAndDevelopmentExpenses": 0,
        "generalAndAdministrativeExpenses": 0,
        "sellingAndMarketingExpenses": 19197000,
        "sellingGeneralAndAdministrativeExpenses": 19197000,
        "otherExpenses": -113551000,
        "operatingExpenses": -94354000,
        "costAndExpenses": 95588000,
        "interestIncome": 0,
        "interestExpense": 1234000,
        "depreciationAndAmortization": 8212000,
        "ebitda": 87093000,
        "ebitdaratio": 0.5027448264,
        "operatingIncome": 78881000,
        "operatingIncomeRatio": 0.4553410108,
        "totalOtherIncomeExpensesNet": 77647000,
        "incomeBeforeTax": 77647000,
        "incomeBeforeTaxRatio": 0.4482177389,
        "incomeTaxExpense": 27720000,
        "netIncome": 49927000,
        "netIncomeRatio": 0.2882038849,
        "eps": 0.45,
        "epsdiluted": 0.43,
        "weightedAverageShsOut": 112161000,
        "weightedAverageShsOutDil": 117177000,
        "link": "https://www.sec.gov/Archives/edgar/data/1056288/000105628802000640/0001056288-02-000640-index.htm",
        "finalLink": "https://www.sec.gov/Archives/edgar/data/1056288/000105628802000640/edgarform.txt"
    },
    {
        "date": "2002-06-30",
        "symbol": "FHI",
        "reportedCurrency": "USD",
        "cik": "0001056288",
        "fillingDate": "2002-08-14",
        "acceptedDate": "2002-08-14 13:22:17",
        "calendarYear": "2002",
        "period": "Q2",
        "revenue": 182381000,
        "costOfRevenue": 0,
        "grossProfit": 182381000,
        "grossProfitRatio": 1,
        "researchAndDevelopmentExpenses": 0,
        "generalAndAdministrativeExpenses": 0,
        "sellingAndMarketingExpenses": 18492000,
        "sellingGeneralAndAdministrativeExpenses": 18492000,
        "otherExpenses": -119017000,
        "operatingExpenses": -100525000,
        "costAndExpenses": 101696000,
        "interestIncome": 0,
        "interestExpense": 1171000,
        "depreciationAndAmortization": 8605000,
        "ebitda": 90461000,
        "ebitdaratio": 0.4960001316,
        "operatingIncome": 81856000,
        "operatingIncomeRatio": 0.4488186818,
        "totalOtherIncomeExpensesNet": 80685000,
        "incomeBeforeTax": 80685000,
        "incomeBeforeTaxRatio": 0.4423980568,
        "incomeTaxExpense": 28074000,
        "netIncome": 52611000,
        "netIncomeRatio": 0.2884675487,
        "eps": 0.47,
        "epsdiluted": 0.45,
        "weightedAverageShsOut": 112624000,
        "weightedAverageShsOutDil": 117711000,
        "link": "https://www.sec.gov/Archives/edgar/data/1056288/000105628802000496/0001056288-02-000496-index.htm",
        "finalLink": "https://www.sec.gov/Archives/edgar/data/1056288/000105628802000496/form10q.txt"
    },
    {
        "date": "2002-03-31",
        "symbol": "FHI",
        "reportedCurrency": "USD",
        "cik": "0001056288",
        "fillingDate": "2002-05-14",
        "acceptedDate": "2002-05-14 16:29:26",
        "calendarYear": "2002",
        "period": "Q1",
        "revenue": 181620000,
        "costOfRevenue": 0,
        "grossProfit": 181620000,
        "grossProfitRatio": 1,
        "researchAndDevelopmentExpenses": 0,
        "generalAndAdministrativeExpenses": 0,
        "sellingAndMarketingExpenses": 17904000,
        "sellingGeneralAndAdministrativeExpenses": 17904000,
        "otherExpenses": -116060000,
        "operatingExpenses": -98156000,
        "costAndExpenses": 99309000,
        "interestIncome": 0,
        "interestExpense": 1153000,
        "depreciationAndAmortization": 8607000,
        "ebitda": 89129000,
        "ebitdaratio": 0.4907444114,
        "operatingIncome": 83464000,
        "operatingIncomeRatio": 0.4595529127,
        "totalOtherIncomeExpensesNet": 82311000,
        "incomeBeforeTax": 82311000,
        "incomeBeforeTaxRatio": 0.4532044929,
        "incomeTaxExpense": 29988000,
        "netIncome": 52323000,
        "netIncomeRatio": 0.2880905187,
        "eps": 0.46,
        "epsdiluted": 0.44,
        "weightedAverageShsOut": 113169000,
        "weightedAverageShsOutDil": 118191000,
        "link": "https://www.sec.gov/Archives/edgar/data/1056288/000105628802000318/0001056288-02-000318-index.htm",
        "finalLink": "https://www.sec.gov/Archives/edgar/data/1056288/000105628802000318/fiiform.txt"
    },
    {
        "date": "2001-12-31",
        "symbol": "FHI",
        "reportedCurrency": "USD",
        "cik": "0001056288",
        "fillingDate": "2002-03-20",
        "acceptedDate": "2002-03-20 00:00:00",
        "calendarYear": "2001",
        "period": "Q4",
        "revenue": 182332000,
        "costOfRevenue": 0,
        "grossProfit": 182332000,
        "grossProfitRatio": 1,
        "researchAndDevelopmentExpenses": 0,
        "generalAndAdministrativeExpenses": 0,
        "sellingAndMarketingExpenses": 17627000,
        "sellingGeneralAndAdministrativeExpenses": 17627000,
        "otherExpenses": -80943000,
        "operatingExpenses": -63316000,
        "costAndExpenses": 111897000,
        "interestIncome": 0,
        "interestExpense": 6948000,
        "depreciationAndAmortization": -27369000,
        "ebitda": 91647000,
        "ebitdaratio": 0.5026380449,
        "operatingIncome": 119016000,
        "operatingIncomeRatio": 0.6527433473,
        "totalOtherIncomeExpensesNet": 70435000,
        "incomeBeforeTax": 70435000,
        "incomeBeforeTaxRatio": 0.3863008139,
        "incomeTaxExpense": 25428000,
        "netIncome": 40738000,
        "netIncomeRatio": 0.2234275936,
        "eps": 0.36,
        "epsdiluted": 0.34,
        "weightedAverageShsOut": 113745652,
        "weightedAverageShsOutDil": 118915909,
        "link": "https://www.sec.gov/Archives/edgar/data/1056288/000105628802000187/0001056288-02-000187-index.htm",
        "finalLink": "https://www.sec.gov/Archives/edgar/data/1056288/000105628802000187/fii10k.txt"
    },
    {
        "date": "2001-09-30",
        "symbol": "FHI",
        "reportedCurrency": "USD",
        "cik": "0001056288",
        "fillingDate": "2001-11-13",
        "acceptedDate": "2001-11-13 00:00:00",
        "calendarYear": "2001",
        "period": "Q3",
        "revenue": 181167000,
        "costOfRevenue": 0,
        "grossProfit": 181167000,
        "grossProfitRatio": 1,
        "researchAndDevelopmentExpenses": 0,
        "generalAndAdministrativeExpenses": 0,
        "sellingAndMarketingExpenses": 16803000,
        "sellingGeneralAndAdministrativeExpenses": 16803000,
        "otherExpenses": -123583000,
        "operatingExpenses": -106780000,
        "costAndExpenses": 113920000,
        "interestIncome": 0,
        "interestExpense": 7140000,
        "depreciationAndAmortization": 18625000,
        "ebitda": 93012000,
        "ebitdaratio": 0.5134047591,
        "operatingIncome": 74387000,
        "operatingIncomeRatio": 0.4105990605,
        "totalOtherIncomeExpensesNet": 67247000,
        "incomeBeforeTax": 67247000,
        "incomeBeforeTaxRatio": 0.3711879095,
        "incomeTaxExpense": 24056000,
        "netIncome": 43191000,
        "netIncomeRatio": 0.2384043452,
        "eps": 0.37,
        "epsdiluted": 0.36,
        "weightedAverageShsOut": 116732432,
        "weightedAverageShsOutDil": 119975000,
        "link": "https://www.sec.gov/Archives/edgar/data/1056288/000105628801500292/0001056288-01-500292-index.htm",
        "finalLink": "https://www.sec.gov/Archives/edgar/data/1056288/000105628801500292/fii10q.txt"
    },
    {
        "date": "2001-06-30",
        "symbol": "FHI",
        "reportedCurrency": "USD",
        "cik": "0001056288",
        "fillingDate": "2001-08-14",
        "acceptedDate": "2001-08-14 00:00:00",
        "calendarYear": "2001",
        "period": "Q2",
        "revenue": 180864000,
        "costOfRevenue": 0,
        "grossProfit": 180864000,
        "grossProfitRatio": 1,
        "researchAndDevelopmentExpenses": 0,
        "generalAndAdministrativeExpenses": 0,
        "sellingAndMarketingExpenses": 18034000,
        "sellingGeneralAndAdministrativeExpenses": 18034000,
        "otherExpenses": -124395000,
        "operatingExpenses": -106361000,
        "costAndExpenses": 114051000,
        "interestIncome": 0,
        "interestExpense": 7690000,
        "depreciationAndAmortization": 17802000,
        "ebitda": 92305000,
        "ebitdaratio": 0.5103558475,
        "operatingIncome": 74503000,
        "operatingIncomeRatio": 0.4119282997,
        "totalOtherIncomeExpensesNet": 66813000,
        "incomeBeforeTax": 66813000,
        "incomeBeforeTaxRatio": 0.3694101645,
        "incomeTaxExpense": 23939000,
        "netIncome": 42874000,
        "netIncomeRatio": 0.2370510439,
        "eps": 0.37,
        "epsdiluted": 0.36,
        "weightedAverageShsOut": 115875676,
        "weightedAverageShsOutDil": 119094444,
        "link": "https://www.sec.gov/Archives/edgar/data/1056288/000105628801500155/0001056288-01-500155-index.htm",
        "finalLink": "https://www.sec.gov/Archives/edgar/data/1056288/000105628801500155/fiiq.txt"
    },
    {
        "date": "2001-03-31",
        "symbol": "FHI",
        "reportedCurrency": "USD",
        "cik": "0001056288",
        "fillingDate": "2001-05-14",
        "acceptedDate": "2001-05-14 00:00:00",
        "calendarYear": "2001",
        "period": "Q1",
        "revenue": 171414000,
        "costOfRevenue": 0,
        "grossProfit": 171414000,
        "grossProfitRatio": 1,
        "researchAndDevelopmentExpenses": 0,
        "generalAndAdministrativeExpenses": 0,
        "sellingAndMarketingExpenses": 15815000,
        "sellingGeneralAndAdministrativeExpenses": 15815000,
        "otherExpenses": -114177000,
        "operatingExpenses": -98362000,
        "costAndExpenses": 106305000,
        "interestIncome": 0,
        "interestExpense": 7943000,
        "depreciationAndAmortization": 16922000,
        "ebitda": 89974000,
        "ebitdaratio": 0.5248929492,
        "operatingIncome": 73052000,
        "operatingIncomeRatio": 0.4261728914,
        "totalOtherIncomeExpensesNet": 65109000,
        "incomeBeforeTax": 65109000,
        "incomeBeforeTaxRatio": 0.379834786,
        "incomeTaxExpense": 23465000,
        "netIncome": 41644000,
        "netIncomeRatio": 0.2429439836,
        "eps": 0.36,
        "epsdiluted": 0.35,
        "weightedAverageShsOut": 115677778,
        "weightedAverageShsOutDil": 118982857,
        "link": "https://www.sec.gov/Archives/edgar/data/1056288/000105628801500005/0001056288-01-500005-index.htm",
        "finalLink": "https://www.sec.gov/Archives/edgar/data/1056288/000105628801500005/fii10q.txt"
    },
    {
        "date": "2000-12-31",
        "symbol": "FHI",
        "reportedCurrency": "USD",
        "cik": "0001056288",
        "fillingDate": "2001-03-23",
        "acceptedDate": "2001-03-23 00:00:00",
        "calendarYear": "2000",
        "period": "Q4",
        "revenue": 237125000,
        "costOfRevenue": 0,
        "grossProfit": 237125000,
        "grossProfitRatio": 1,
        "researchAndDevelopmentExpenses": 0,
        "generalAndAdministrativeExpenses": 0,
        "sellingAndMarketingExpenses": 19985000,
        "sellingGeneralAndAdministrativeExpenses": 19985000,
        "otherExpenses": -153674000,
        "operatingExpenses": -133689000,
        "costAndExpenses": 133689000,
        "interestIncome": 0,
        "interestExpense": 0,
        "depreciationAndAmortization": -48433000,
        "ebitda": 0,
        "ebitdaratio": 0,
        "operatingIncome": 103436000,
        "operatingIncomeRatio": 0.4362087507,
        "totalOtherIncomeExpensesNet": 103436000,
        "incomeBeforeTax": 103436000,
        "incomeBeforeTaxRatio": 0.4362087507,
        "incomeTaxExpense": 36478000,
        "netIncome": 66958000,
        "netIncomeRatio": 0.2823742752,
        "eps": 0.58,
        "epsdiluted": 0.56,
        "weightedAverageShsOut": 115677778,
        "weightedAverageShsOutDil": 118982857,
        "link": "https://www.sec.gov/Archives/edgar/data/1056288/000105628801000009/0001056288-01-000009-index.htm",
        "finalLink": "https://www.sec.gov/Archives/edgar/data/1056288/000105628801000009/0001056288-01-000009-0001.txt"
    },
    {
        "date": "2000-09-30",
        "symbol": "FHI",
        "reportedCurrency": "USD",
        "cik": "0001056288",
        "fillingDate": "2000-11-13",
        "acceptedDate": "2000-11-13 00:00:00",
        "calendarYear": "2000",
        "period": "Q3",
        "revenue": 173100000,
        "costOfRevenue": 0,
        "grossProfit": 173100000,
        "grossProfitRatio": 1,
        "researchAndDevelopmentExpenses": 0,
        "generalAndAdministrativeExpenses": 0,
        "sellingAndMarketingExpenses": 15079000,
        "sellingGeneralAndAdministrativeExpenses": 15079000,
        "otherExpenses": -116787000,
        "operatingExpenses": -101708000,
        "costAndExpenses": 110371000,
        "interestIncome": 0,
        "interestExpense": 8663000,
        "depreciationAndAmortization": 19647000,
        "ebitda": 91039000,
        "ebitdaratio": 0.5259329867,
        "operatingIncome": 71392000,
        "operatingIncomeRatio": 0.4124321202,
        "totalOtherIncomeExpensesNet": 62729000,
        "incomeBeforeTax": 62729000,
        "incomeBeforeTaxRatio": 0.3623859041,
        "incomeTaxExpense": 22717000,
        "netIncome": 40012000,
        "netIncomeRatio": 0.2311496245,
        "eps": 0.34,
        "epsdiluted": 0.33,
        "weightedAverageShsOut": 117682353,
        "weightedAverageShsOutDil": 121248485,
        "link": "https://www.sec.gov/Archives/edgar/data/1056288/000105628800000017/0001056288-00-000017-index.htm",
        "finalLink": "https://www.sec.gov/Archives/edgar/data/1056288/000105628800000017/0001056288-00-000017-0001.txt"
    },
    {
        "date": "2000-06-30",
        "symbol": "FHI",
        "reportedCurrency": "USD",
        "cik": "0001056288",
        "fillingDate": "2000-08-14",
        "acceptedDate": "2000-08-14 00:00:00",
        "calendarYear": "2000",
        "period": "Q2",
        "revenue": 168287000,
        "costOfRevenue": 0,
        "grossProfit": 168287000,
        "grossProfitRatio": 1,
        "researchAndDevelopmentExpenses": 0,
        "generalAndAdministrativeExpenses": 0,
        "sellingAndMarketingExpenses": 15639000,
        "sellingGeneralAndAdministrativeExpenses": 15639000,
        "otherExpenses": -118504000,
        "operatingExpenses": -102865000,
        "costAndExpenses": 111420000,
        "interestIncome": 0,
        "interestExpense": 8555000,
        "depreciationAndAmortization": 18477000,
        "ebitda": 83899000,
        "ebitdaratio": 0.4985471249,
        "operatingIncome": 65422000,
        "operatingIncomeRatio": 0.3887525477,
        "totalOtherIncomeExpensesNet": 56867000,
        "incomeBeforeTax": 56867000,
        "incomeBeforeTaxRatio": 0.3379167731,
        "incomeTaxExpense": 20237000,
        "netIncome": 36630000,
        "netIncomeRatio": 0.2176638718,
        "eps": 0.31,
        "epsdiluted": 0.3,
        "weightedAverageShsOut": 118161290,
        "weightedAverageShsOutDil": 122100000,
        "link": "https://www.sec.gov/Archives/edgar/data/1056288/000105628800000014/0001056288-00-000014-index.htm",
        "finalLink": "https://www.sec.gov/Archives/edgar/data/1056288/000105628800000014/0001056288-00-000014-0001.txt"
    },
    {
        "date": "2000-03-31",
        "symbol": "FHI",
        "reportedCurrency": "USD",
        "cik": "0001056288",
        "fillingDate": "2000-05-15",
        "acceptedDate": "2000-05-15 00:00:00",
        "calendarYear": "2000",
        "period": "Q1",
        "revenue": 163507000,
        "costOfRevenue": 0,
        "grossProfit": 163507000,
        "grossProfitRatio": 1,
        "researchAndDevelopmentExpenses": 0,
        "generalAndAdministrativeExpenses": 0,
        "sellingAndMarketingExpenses": 0,
        "sellingGeneralAndAdministrativeExpenses": 67155000,
        "otherExpenses": -222273000,
        "operatingExpenses": -155118000,
        "costAndExpenses": 94089000,
        "interestIncome": 0,
        "interestExpense": 8389000,
        "depreciationAndAmortization": 18545000,
        "ebitda": 26934000,
        "ebitdaratio": 0.1647268924,
        "operatingIncome": 8389000,
        "operatingIncomeRatio": 0.0513066719,
        "totalOtherIncomeExpensesNet": 0,
        "incomeBeforeTax": 167186000,
        "incomeBeforeTaxRatio": 1.0225005657,
        "incomeTaxExpense": 21351000,
        "netIncome": 37648000,
        "netIncomeRatio": 0.230253139,
        "eps": 0.31,
        "epsdiluted": 0.3,
        "weightedAverageShsOut": 120025487,
        "weightedAverageShsOutDil": 124197901,
        "link": "https://www.sec.gov/Archives/edgar/data/1056288/000105628800000005/0001056288-00-000005-index.htm",
        "finalLink": "https://www.sec.gov/Archives/edgar/data/1056288/000105628800000005/0001056288-00-000005.txt"
    },
    {
        "date": "1999-12-31",
        "symbol": "FHI",
        "reportedCurrency": "USD",
        "cik": "0001056288",
        "fillingDate": "2000-03-29",
        "acceptedDate": "2000-03-29 00:00:00",
        "calendarYear": "1999",
        "period": "Q4",
        "revenue": 175898000,
        "costOfRevenue": 0,
        "grossProfit": 175898000,
        "grossProfitRatio": 1,
        "researchAndDevelopmentExpenses": 0,
        "generalAndAdministrativeExpenses": 0,
        "sellingAndMarketingExpenses": 0,
        "sellingGeneralAndAdministrativeExpenses": -131368000,
        "otherExpenses": 158551000,
        "operatingExpenses": 27183000,
        "costAndExpenses": 147617000,
        "interestIncome": 0,
        "interestExpense": 8200000,
        "depreciationAndAmortization": 17892000,
        "ebitda": 220973000,
        "ebitdaratio": 1.2562564668,
        "operatingIncome": 203081000,
        "operatingIncomeRatio": 1.1545384257,
        "totalOtherIncomeExpensesNet": 194881000,
        "incomeBeforeTax": 194881000,
        "incomeBeforeTaxRatio": 1.1079204994,
        "incomeTaxExpense": 20161000,
        "netIncome": 35620000,
        "netIncomeRatio": 0.2025037237,
        "eps": 0.3,
        "epsdiluted": 0.29,
        "weightedAverageShsOut": 120025487,
        "weightedAverageShsOutDil": 124197901,
        "link": "https://www.sec.gov/Archives/edgar/data/1056288/000105628800000003/0001056288-00-000003-index.htm",
        "finalLink": "https://www.sec.gov/Archives/edgar/data/1056288/000105628800000003/0001056288-00-000003.txt"
    },
    {
        "date": "1999-09-30",
        "symbol": "FHI",
        "reportedCurrency": "USD",
        "cik": "0001056288",
        "fillingDate": "1999-11-12",
        "acceptedDate": "1999-11-12 00:00:00",
        "calendarYear": "1999",
        "period": "Q3",
        "revenue": 147100000,
        "costOfRevenue": 0,
        "grossProfit": 147100000,
        "grossProfitRatio": 1,
        "researchAndDevelopmentExpenses": 0,
        "generalAndAdministrativeExpenses": 0,
        "sellingAndMarketingExpenses": 0,
        "sellingGeneralAndAdministrativeExpenses": 63200000,
        "otherExpenses": -202200000,
        "operatingExpenses": -139000000,
        "costAndExpenses": 87100000,
        "interestIncome": 0,
        "interestExpense": 8100000,
        "depreciationAndAmortization": 15800000,
        "ebitda": 23900000,
        "ebitdaratio": 0.1624745071,
        "operatingIncome": 8100000,
        "operatingIncomeRatio": 0.0550645819,
        "totalOtherIncomeExpensesNet": 0,
        "incomeBeforeTax": 151700000,
        "incomeBeforeTaxRatio": 1.0312712441,
        "incomeTaxExpense": 18000000,
        "netIncome": 31200000,
        "netIncomeRatio": 0.2121006118,
        "eps": 0.25,
        "epsdiluted": 0.24,
        "weightedAverageShsOut": 124800000,
        "weightedAverageShsOutDil": 130000000,
        "link": "https://www.sec.gov/Archives/edgar/data/1056288/000105628899000013/0001056288-99-000013-index.htm",
        "finalLink": "https://www.sec.gov/Archives/edgar/data/1056288/000105628899000013/0001056288-99-000013.txt"
    },
    {
        "date": "1999-06-30",
        "symbol": "FHI",
        "reportedCurrency": "USD",
        "cik": "0001056288",
        "fillingDate": "1999-08-12",
        "acceptedDate": "1999-08-12 00:00:00",
        "calendarYear": "1999",
        "period": "Q2",
        "revenue": 142300000,
        "costOfRevenue": 0,
        "grossProfit": 142300000,
        "grossProfitRatio": 1,
        "researchAndDevelopmentExpenses": 0,
        "generalAndAdministrativeExpenses": 0,
        "sellingAndMarketingExpenses": 0,
        "sellingGeneralAndAdministrativeExpenses": 61700000,
        "otherExpenses": -196100000,
        "operatingExpenses": -134400000,
        "costAndExpenses": 86500000,
        "interestIncome": 0,
        "interestExpense": 7900000,
        "depreciationAndAmortization": 16900000,
        "ebitda": 24800000,
        "ebitdaratio": 0.1742796908,
        "operatingIncome": 7900000,
        "operatingIncomeRatio": 0.0555165144,
        "totalOtherIncomeExpensesNet": 0,
        "incomeBeforeTax": 0,
        "incomeBeforeTaxRatio": 0,
        "incomeTaxExpense": 17500000,
        "netIncome": 30500000,
        "netIncomeRatio": 0.21433591,
        "eps": 0.24,
        "epsdiluted": 0.23,
        "weightedAverageShsOut": 127083333,
        "weightedAverageShsOutDil": 132608696,
        "link": "https://www.sec.gov/Archives/edgar/data/1056288/000105628899000009/0001056288-99-000009-index.htm",
        "finalLink": "https://www.sec.gov/Archives/edgar/data/1056288/000105628899000009/0001056288-99-000009.txt"
    },
    {
        "date": "1999-03-31",
        "symbol": "FHI",
        "reportedCurrency": "USD",
        "cik": "0001056288",
        "fillingDate": "1999-05-13",
        "acceptedDate": "1999-05-13 00:00:00",
        "calendarYear": "1999",
        "period": "Q1",
        "revenue": 134900000,
        "costOfRevenue": 0,
        "grossProfit": 134900000,
        "grossProfitRatio": 1,
        "researchAndDevelopmentExpenses": 0,
        "generalAndAdministrativeExpenses": 0,
        "sellingAndMarketingExpenses": 0,
        "sellingGeneralAndAdministrativeExpenses": 61700000,
        "otherExpenses": -188900000,
        "operatingExpenses": -127200000,
        "costAndExpenses": 85200000,
        "interestIncome": 0,
        "interestExpense": 7700000,
        "depreciationAndAmortization": 15800000,
        "ebitda": 23500000,
        "ebitdaratio": 0.1742031134,
        "operatingIncome": 7700000,
        "operatingIncomeRatio": 0.057079318,
        "totalOtherIncomeExpensesNet": 0,
        "incomeBeforeTax": 142600000,
        "incomeBeforeTaxRatio": 1.057079318,
        "incomeTaxExpense": 15100000,
        "netIncome": 26700000,
        "netIncomeRatio": 0.1979243884,
        "eps": 0.21,
        "epsdiluted": 0.21,
        "weightedAverageShsOut": 127142857,
        "weightedAverageShsOutDil": 127142857,
        "link": "https://www.sec.gov/Archives/edgar/data/1056288/000105628899000005/0001056288-99-000005-index.htm",
        "finalLink": "https://www.sec.gov/Archives/edgar/data/1056288/0001056288-99-000005.txt"
    },
    {
        "date": "1998-12-31",
        "symbol": "FHI",
        "reportedCurrency": "USD",
        "cik": "0001056288",
        "fillingDate": "1999-03-26",
        "acceptedDate": "1999-03-26 00:00:00",
        "calendarYear": "1998",
        "period": "Q4",
        "revenue": 152827000,
        "costOfRevenue": 0,
        "grossProfit": 152827000,
        "grossProfitRatio": 1,
        "researchAndDevelopmentExpenses": 0,
        "generalAndAdministrativeExpenses": 0,
        "sellingAndMarketingExpenses": 0,
        "sellingGeneralAndAdministrativeExpenses": -129658000,
        "otherExpenses": 130365000,
        "operatingExpenses": 707000,
        "costAndExpenses": 140493000,
        "interestIncome": 0,
        "interestExpense": 7600000,
        "depreciationAndAmortization": 15077000,
        "ebitda": 168611000,
        "ebitdaratio": 1.1032801795,
        "operatingIncome": 153534000,
        "operatingIncomeRatio": 1.0046261459,
        "totalOtherIncomeExpensesNet": 145934000,
        "incomeBeforeTax": 145934000,
        "incomeBeforeTaxRatio": 0.9548967133,
        "incomeTaxExpense": 15065000,
        "netIncome": 26869000,
        "netIncomeRatio": 0.1758131744,
        "eps": 0.21,
        "epsdiluted": 0.21,
        "weightedAverageShsOut": 127142857,
        "weightedAverageShsOutDil": 127142857,
        "link": "https://www.sec.gov/Archives/edgar/data/1056288/000105628899000003/0001056288-99-000003-index.htm",
        "finalLink": "https://www.sec.gov/Archives/edgar/data/1056288/0001056288-99-000003.txt"
    },
    {
        "date": "1998-09-30",
        "symbol": "FHI",
        "reportedCurrency": "USD",
        "cik": "0001056288",
        "fillingDate": "1998-11-12",
        "acceptedDate": "1998-11-12 00:00:00",
        "calendarYear": "1998",
        "period": "Q3",
        "revenue": 129100000,
        "costOfRevenue": 0,
        "grossProfit": 129100000,
        "grossProfitRatio": 1,
        "researchAndDevelopmentExpenses": 0,
        "generalAndAdministrativeExpenses": 0,
        "sellingAndMarketingExpenses": 0,
        "sellingGeneralAndAdministrativeExpenses": 59500000,
        "otherExpenses": -181500000,
        "operatingExpenses": -122000000,
        "costAndExpenses": 84200000,
        "interestIncome": 0,
        "interestExpense": 7100000,
        "depreciationAndAmortization": 17600000,
        "ebitda": 24700000,
        "ebitdaratio": 0.1913245546,
        "operatingIncome": 7100000,
        "operatingIncomeRatio": 0.054996127,
        "totalOtherIncomeExpensesNet": 0,
        "incomeBeforeTax": 136200000,
        "incomeBeforeTaxRatio": 1.054996127,
        "incomeTaxExpense": 14400000,
        "netIncome": 23600000,
        "netIncomeRatio": 0.1828040279,
        "eps": 0.19,
        "epsdiluted": 0.18,
        "weightedAverageShsOut": 124210526,
        "weightedAverageShsOutDil": 131111111,
        "link": "https://www.sec.gov/Archives/edgar/data/1056288/000105628898000004/0001056288-98-000004-index.htm",
        "finalLink": "https://www.sec.gov/Archives/edgar/data/1056288/0001056288-98-000004.txt"
    },
    {
        "date": "1998-06-30",
        "symbol": "FHI",
        "reportedCurrency": "USD",
        "cik": "0001056288",
        "fillingDate": "1998-08-14",
        "acceptedDate": "1998-08-14 00:00:00",
        "calendarYear": "1998",
        "period": "Q2",
        "revenue": 122700000,
        "costOfRevenue": 0,
        "grossProfit": 122700000,
        "grossProfitRatio": 1,
        "researchAndDevelopmentExpenses": 0,
        "generalAndAdministrativeExpenses": 0,
        "sellingAndMarketingExpenses": 0,
        "sellingGeneralAndAdministrativeExpenses": 57800000,
        "otherExpenses": -173700000,
        "operatingExpenses": -115900000,
        "costAndExpenses": 77900000,
        "interestIncome": 0,
        "interestExpense": 6800000,
        "depreciationAndAmortization": 13300000,
        "ebitda": 20100000,
        "ebitdaratio": 0.1638141809,
        "operatingIncome": 6800000,
        "operatingIncomeRatio": 0.0554197229,
        "totalOtherIncomeExpensesNet": 0,
        "incomeBeforeTax": 129500000,
        "incomeBeforeTaxRatio": 1.0554197229,
        "incomeTaxExpense": 13100000,
        "netIncome": 21100000,
        "netIncomeRatio": 0.1719641402,
        "eps": 0.17,
        "epsdiluted": 0.16,
        "weightedAverageShsOut": 124117647,
        "weightedAverageShsOutDil": 131875000,
        "link": "https://www.sec.gov/Archives/edgar/data/1056288/000105628898000003/0001056288-98-000003-index.htm",
        "finalLink": "https://www.sec.gov/Archives/edgar/data/1056288/0001056288-98-000003.txt"
    },
    {
        "date": "1998-03-31",
        "symbol": "FHI",
        "reportedCurrency": "USD",
        "cik": "0001056288",
        "fillingDate": "1998-06-16",
        "acceptedDate": "1998-06-16 00:00:00",
        "calendarYear": "1998",
        "period": "Q1",
        "revenue": 117200000,
        "costOfRevenue": 0,
        "grossProfit": 117200000,
        "grossProfitRatio": 1,
        "researchAndDevelopmentExpenses": 0,
        "generalAndAdministrativeExpenses": 47200000,
        "sellingAndMarketingExpenses": 11400000,
        "sellingGeneralAndAdministrativeExpenses": 58600000,
        "otherExpenses": -170100000,
        "operatingExpenses": -111500000,
        "costAndExpenses": 73300000,
        "interestIncome": 0,
        "interestExpense": 5700000,
        "depreciationAndAmortization": 9000000,
        "ebitda": 17300000,
        "ebitdaratio": 0.1476109215,
        "operatingIncome": 5700000,
        "operatingIncomeRatio": 0.0486348123,
        "totalOtherIncomeExpensesNet": 0,
        "incomeBeforeTax": 121500000,
        "incomeBeforeTaxRatio": 1.0366894198,
        "incomeTaxExpense": 10900000,
        "netIncome": 20800000,
        "netIncomeRatio": 0.1774744027,
        "eps": 0.17,
        "epsdiluted": 0.17,
        "weightedAverageShsOut": 122352941,
        "weightedAverageShsOutDil": 122352941,
        "link": "https://www.sec.gov/Archives/edgar/data/1056288/000105628898000001/0001056288-98-000001-index.htm",
        "finalLink": "https://www.sec.gov/Archives/edgar/data/1056288/0001056288-98-000001.txt"
    }
]