[
    {
        "date": "2021-03-31",
        "symbol": "FLIR",
        "reportedCurrency": "USD",
        "cik": "0000354908",
        "fillingDate": "2021-05-06",
        "acceptedDate": "2021-05-06 08:11:54",
        "calendarYear": "2021",
        "period": "Q1",
        "revenue": 467313000,
        "costOfRevenue": 258115000,
        "grossProfit": 209198000,
        "grossProfitRatio": 0.4476614175,
        "researchAndDevelopmentExpenses": 52246000,
        "generalAndAdministrativeExpenses": 103868000,
        "sellingAndMarketingExpenses": 622000,
        "sellingGeneralAndAdministrativeExpenses": 104490000,
        "otherExpenses": 0,
        "operatingExpenses": 156736000,
        "costAndExpenses": 414851000,
        "interestIncome": 0,
        "interestExpense": -6115000,
        "depreciationAndAmortization": 23861000,
        "ebitda": 67756000,
        "ebitdaratio": 0.1449906166,
        "operatingIncome": 52462000,
        "operatingIncomeRatio": 0.1122630871,
        "totalOtherIncomeExpensesNet": -2452000,
        "incomeBeforeTax": 50010000,
        "incomeBeforeTaxRatio": 0.1070160685,
        "incomeTaxExpense": 11203000,
        "netIncome": 38807000,
        "netIncomeRatio": 0.0830428428,
        "eps": 0.3,
        "epsdiluted": 0.3,
        "weightedAverageShsOut": 131125000,
        "weightedAverageShsOutDil": 131125000,
        "link": "https://www.sec.gov/Archives/edgar/data/354908/000035490821000066/0000354908-21-000066-index.htm",
        "finalLink": "https://www.sec.gov/Archives/edgar/data/354908/000035490821000066/flir-20210331.htm"
    },
    {
        "date": "2020-12-31",
        "symbol": "FLIR",
        "reportedCurrency": "USD",
        "cik": "0000354908",
        "fillingDate": "2021-02-25",
        "acceptedDate": "2021-02-25 12:36:28",
        "calendarYear": "2020",
        "period": "Q4",
        "revenue": 524337000,
        "costOfRevenue": 277806000,
        "grossProfit": 246531000,
        "grossProfitRatio": 0.470176623,
        "researchAndDevelopmentExpenses": 52459000,
        "generalAndAdministrativeExpenses": 90016000,
        "sellingAndMarketingExpenses": 0,
        "sellingGeneralAndAdministrativeExpenses": 90016000,
        "otherExpenses": 0,
        "operatingExpenses": 142475000,
        "costAndExpenses": 420281000,
        "interestIncome": 0,
        "interestExpense": 6044000,
        "depreciationAndAmortization": 23523000,
        "ebitda": 129558000,
        "ebitdaratio": 0.2470891812,
        "operatingIncome": 104056000,
        "operatingIncomeRatio": 0.1984525219,
        "totalOtherIncomeExpensesNet": -4065000,
        "incomeBeforeTax": 99991000,
        "incomeBeforeTaxRatio": 0.1906998743,
        "incomeTaxExpense": 24751000,
        "netIncome": 75240000,
        "netIncomeRatio": 0.1434955,
        "eps": 0.57,
        "epsdiluted": 0.57,
        "weightedAverageShsOut": 131125000,
        "weightedAverageShsOutDil": 131125000,
        "link": "https://www.sec.gov/Archives/edgar/data/354908/000035490821000016/0000354908-21-000016-index.htm",
        "finalLink": "https://www.sec.gov/Archives/edgar/data/354908/000035490821000016/flir-20201231.htm"
    },
    {
        "date": "2020-09-30",
        "symbol": "FLIR",
        "reportedCurrency": "USD",
        "cik": "0000354908",
        "fillingDate": "2020-10-30",
        "acceptedDate": "2020-10-30 16:16:35",
        "calendarYear": "2020",
        "period": "Q3",
        "revenue": 466414000,
        "costOfRevenue": 237500000,
        "grossProfit": 228914000,
        "grossProfitRatio": 0.4907957308,
        "researchAndDevelopmentExpenses": 47848000,
        "generalAndAdministrativeExpenses": 94196000,
        "sellingAndMarketingExpenses": 0,
        "sellingGeneralAndAdministrativeExpenses": 94196000,
        "otherExpenses": 0,
        "operatingExpenses": 142044000,
        "costAndExpenses": 379544000,
        "interestIncome": 0,
        "interestExpense": 7273000,
        "depreciationAndAmortization": 23467000,
        "ebitda": 110661000,
        "ebitdaratio": 0.2372591732,
        "operatingIncome": 86870000,
        "operatingIncomeRatio": 0.1862508415,
        "totalOtherIncomeExpensesNet": -6949000,
        "incomeBeforeTax": 79921000,
        "incomeBeforeTaxRatio": 0.1713520606,
        "incomeTaxExpense": 19258000,
        "netIncome": 60663000,
        "netIncomeRatio": 0.1300625624,
        "eps": 0.46,
        "epsdiluted": 0.46,
        "weightedAverageShsOut": 131125000,
        "weightedAverageShsOutDil": 131683000,
        "link": "https://www.sec.gov/Archives/edgar/data/354908/000035490820000096/0000354908-20-000096-index.htm",
        "finalLink": "https://www.sec.gov/Archives/edgar/data/354908/000035490820000096/flir-09302020x10q.htm"
    },
    {
        "date": "2020-06-30",
        "symbol": "FLIR",
        "reportedCurrency": "USD",
        "cik": "0000354908",
        "fillingDate": "2020-08-06",
        "acceptedDate": "2020-08-06 10:58:11",
        "calendarYear": "2020",
        "period": "Q2",
        "revenue": 482015000,
        "costOfRevenue": 229815000,
        "grossProfit": 252200000,
        "grossProfitRatio": 0.5232202317,
        "researchAndDevelopmentExpenses": 56012000,
        "generalAndAdministrativeExpenses": 88676000,
        "sellingAndMarketingExpenses": 0,
        "sellingGeneralAndAdministrativeExpenses": 88676000,
        "otherExpenses": 0,
        "operatingExpenses": 144688000,
        "costAndExpenses": 374503000,
        "interestIncome": 0,
        "interestExpense": 6962000,
        "depreciationAndAmortization": 23525000,
        "ebitda": 112381000,
        "ebitdaratio": 0.233148346,
        "operatingIncome": 107512000,
        "operatingIncomeRatio": 0.2230470006,
        "totalOtherIncomeExpensesNet": -25618000,
        "incomeBeforeTax": 81894000,
        "incomeBeforeTaxRatio": 0.169899277,
        "incomeTaxExpense": 20637000,
        "netIncome": 61257000,
        "netIncomeRatio": 0.1270852567,
        "eps": 0.47,
        "epsdiluted": 0.47,
        "weightedAverageShsOut": 130831000,
        "weightedAverageShsOutDil": 131687000,
        "link": "https://www.sec.gov/Archives/edgar/data/354908/000035490820000085/0000354908-20-000085-index.htm",
        "finalLink": "https://www.sec.gov/Archives/edgar/data/354908/000035490820000085/flir-06302020x10q.htm"
    },
    {
        "date": "2020-03-31",
        "symbol": "FLIR",
        "reportedCurrency": "USD",
        "cik": "0000354908",
        "fillingDate": "2020-05-06",
        "acceptedDate": "2020-05-06 07:51:20",
        "calendarYear": "2020",
        "period": "Q1",
        "revenue": 450923000,
        "costOfRevenue": 231555000,
        "grossProfit": 219368000,
        "grossProfitRatio": 0.4864866064,
        "researchAndDevelopmentExpenses": 53847000,
        "generalAndAdministrativeExpenses": 116242000,
        "sellingAndMarketingExpenses": 0,
        "sellingGeneralAndAdministrativeExpenses": 116242000,
        "otherExpenses": 0,
        "operatingExpenses": 170089000,
        "costAndExpenses": 401644000,
        "interestIncome": 0,
        "interestExpense": 6961000,
        "depreciationAndAmortization": 24225000,
        "ebitda": 54384000,
        "ebitdaratio": 0.1206059571,
        "operatingIncome": 49279000,
        "operatingIncomeRatio": 0.1092847338,
        "totalOtherIncomeExpensesNet": -26081000,
        "incomeBeforeTax": 23198000,
        "incomeBeforeTaxRatio": 0.0514455905,
        "incomeTaxExpense": 7774000,
        "netIncome": 15424000,
        "netIncomeRatio": 0.0342053965,
        "eps": 0.12,
        "epsdiluted": 0.11,
        "weightedAverageShsOut": 133596000,
        "weightedAverageShsOutDil": 134927000,
        "link": "https://www.sec.gov/Archives/edgar/data/354908/000035490820000062/0000354908-20-000062-index.html",
        "finalLink": "https://www.sec.gov/Archives/edgar/data/354908/000035490820000062/flir-03312020x10q.htm"
    },
    {
        "date": "2019-12-31",
        "symbol": "FLIR",
        "reportedCurrency": "USD",
        "cik": "0000354908",
        "fillingDate": "2020-02-27",
        "acceptedDate": "2020-02-27 16:34:25",
        "calendarYear": "2019",
        "period": "Q4",
        "revenue": 489044000,
        "costOfRevenue": 256407000,
        "grossProfit": 232637000,
        "grossProfitRatio": 0.4756974833,
        "researchAndDevelopmentExpenses": 53138000,
        "generalAndAdministrativeExpenses": 115347000,
        "sellingAndMarketingExpenses": 0,
        "sellingGeneralAndAdministrativeExpenses": 115347000,
        "otherExpenses": 0,
        "operatingExpenses": 168485000,
        "costAndExpenses": 424892000,
        "interestIncome": 0,
        "interestExpense": 7341000,
        "depreciationAndAmortization": 27095000,
        "ebitda": 76346000,
        "ebitdaratio": 0.1561127424,
        "operatingIncome": 64152000,
        "operatingIncomeRatio": 0.1311783807,
        "totalOtherIncomeExpensesNet": -22242000,
        "incomeBeforeTax": 41910000,
        "incomeBeforeTaxRatio": 0.0856978104,
        "incomeTaxExpense": 40226000,
        "netIncome": 1684000,
        "netIncomeRatio": 0.0034434529,
        "eps": 0.0125,
        "epsdiluted": 0.0124,
        "weightedAverageShsOut": 134279000,
        "weightedAverageShsOutDil": 135691000,
        "link": "https://www.sec.gov/Archives/edgar/data/354908/000035490820000010/0000354908-20-000010-index.html",
        "finalLink": "https://www.sec.gov/Archives/edgar/data/354908/000035490820000010/flir-12312019x10k.htm"
    },
    {
        "date": "2019-09-30",
        "symbol": "FLIR",
        "reportedCurrency": "USD",
        "cik": "0000354908",
        "fillingDate": "2019-10-31",
        "acceptedDate": "2019-10-31 16:29:42",
        "calendarYear": "2019",
        "period": "Q3",
        "revenue": 471248000,
        "costOfRevenue": 241661000,
        "grossProfit": 229587000,
        "grossProfitRatio": 0.4871893356,
        "researchAndDevelopmentExpenses": 50050000,
        "generalAndAdministrativeExpenses": 105149000,
        "sellingAndMarketingExpenses": 0,
        "sellingGeneralAndAdministrativeExpenses": 105149000,
        "otherExpenses": 0,
        "operatingExpenses": 155199000,
        "costAndExpenses": 396860000,
        "interestIncome": 0,
        "interestExpense": 7582000,
        "depreciationAndAmortization": 27122000,
        "ebitda": 101830000,
        "ebitdaratio": 0.2160857977,
        "operatingIncome": 74388000,
        "operatingIncomeRatio": 0.1578531898,
        "totalOtherIncomeExpensesNet": -7262000,
        "incomeBeforeTax": 67126000,
        "incomeBeforeTaxRatio": 0.1424430449,
        "incomeTaxExpense": 5079000,
        "netIncome": 62047000,
        "netIncomeRatio": 0.1316652803,
        "eps": 0.46,
        "epsdiluted": 0.46,
        "weightedAverageShsOut": 134741000,
        "weightedAverageShsOutDil": 136050000,
        "link": "https://www.sec.gov/Archives/edgar/data/354908/000035490819000089/0000354908-19-000089-index.html",
        "finalLink": "https://www.sec.gov/Archives/edgar/data/354908/000035490819000089/flir-09302019x10q.htm"
    },
    {
        "date": "2019-06-30",
        "symbol": "FLIR",
        "reportedCurrency": "USD",
        "cik": "0000354908",
        "fillingDate": "2019-07-31",
        "acceptedDate": "2019-07-31 14:29:32",
        "calendarYear": "2019",
        "period": "Q2",
        "revenue": 481998000,
        "costOfRevenue": 248378000,
        "grossProfit": 233620000,
        "grossProfitRatio": 0.4846908078,
        "researchAndDevelopmentExpenses": 53021000,
        "generalAndAdministrativeExpenses": 116862000,
        "sellingAndMarketingExpenses": 0,
        "sellingGeneralAndAdministrativeExpenses": 116862000,
        "otherExpenses": 0,
        "operatingExpenses": 169883000,
        "costAndExpenses": 418261000,
        "interestIncome": 0,
        "interestExpense": 7272000,
        "depreciationAndAmortization": 32253000,
        "ebitda": 97648000,
        "ebitdaratio": 0.2025900522,
        "operatingIncome": 63737000,
        "operatingIncomeRatio": 0.1322349885,
        "totalOtherIncomeExpensesNet": -5614000,
        "incomeBeforeTax": 58123000,
        "incomeBeforeTaxRatio": 0.1205876373,
        "incomeTaxExpense": 12005000,
        "netIncome": 46118000,
        "netIncomeRatio": 0.0956808949,
        "eps": 0.34,
        "epsdiluted": 0.34,
        "weightedAverageShsOut": 135519000,
        "weightedAverageShsOutDil": 137084000,
        "link": "https://www.sec.gov/Archives/edgar/data/354908/000035490819000079/0000354908-19-000079-index.htm",
        "finalLink": "https://www.sec.gov/Archives/edgar/data/354908/000035490819000079/flir-06302019x10q.htm"
    },
    {
        "date": "2019-03-31",
        "symbol": "FLIR",
        "reportedCurrency": "USD",
        "cik": "0000354908",
        "fillingDate": "2019-05-02",
        "acceptedDate": "2019-05-02 14:26:08",
        "calendarYear": "2019",
        "period": "Q1",
        "revenue": 444736000,
        "costOfRevenue": 211077000,
        "grossProfit": 233659000,
        "grossProfitRatio": 0.5253880954,
        "researchAndDevelopmentExpenses": 47998000,
        "generalAndAdministrativeExpenses": 104579000,
        "sellingAndMarketingExpenses": 0,
        "sellingGeneralAndAdministrativeExpenses": 104579000,
        "otherExpenses": 0,
        "operatingExpenses": 152577000,
        "costAndExpenses": 363654000,
        "interestIncome": 0,
        "interestExpense": 5516000,
        "depreciationAndAmortization": 16662000,
        "ebitda": 96935000,
        "ebitdaratio": 0.2179607677,
        "operatingIncome": 81082000,
        "operatingIncomeRatio": 0.1823149014,
        "totalOtherIncomeExpensesNet": -6325000,
        "incomeBeforeTax": 74757000,
        "incomeBeforeTaxRatio": 0.168092981,
        "incomeTaxExpense": 13009000,
        "netIncome": 61748000,
        "netIncomeRatio": 0.1388419197,
        "eps": 0.46,
        "epsdiluted": 0.45,
        "weightedAverageShsOut": 135541000,
        "weightedAverageShsOutDil": 137165000,
        "link": "https://www.sec.gov/Archives/edgar/data/354908/000035490819000063/0000354908-19-000063-index.html",
        "finalLink": "https://www.sec.gov/Archives/edgar/data/354908/000035490819000063/flir-03312019x10q.htm"
    },
    {
        "date": "2018-12-31",
        "symbol": "FLIR",
        "reportedCurrency": "USD",
        "cik": "0000354908",
        "fillingDate": "2019-02-28",
        "acceptedDate": "2019-02-27 19:13:53",
        "calendarYear": "2018",
        "period": "Q4",
        "revenue": 448463000,
        "costOfRevenue": 220684000,
        "grossProfit": 227779000,
        "grossProfitRatio": 0.5079103516,
        "researchAndDevelopmentExpenses": 43294000,
        "generalAndAdministrativeExpenses": 90205000,
        "sellingAndMarketingExpenses": 0,
        "sellingGeneralAndAdministrativeExpenses": 90205000,
        "otherExpenses": 0,
        "operatingExpenses": 133499000,
        "costAndExpenses": 354183000,
        "interestIncome": 0,
        "interestExpense": 4061000,
        "depreciationAndAmortization": 17099000,
        "ebitda": 105277000,
        "ebitdaratio": 0.2347506929,
        "operatingIncome": 94280000,
        "operatingIncomeRatio": 0.2102291605,
        "totalOtherIncomeExpensesNet": -10163000,
        "incomeBeforeTax": 84117000,
        "incomeBeforeTaxRatio": 0.1875673132,
        "incomeTaxExpense": -14399000,
        "netIncome": 98516000,
        "netIncomeRatio": 0.2196747558,
        "eps": 0.72,
        "epsdiluted": 0.71,
        "weightedAverageShsOut": 136834000,
        "weightedAverageShsOutDil": 138509000,
        "link": "https://www.sec.gov/Archives/edgar/data/354908/000035490819000018/0000354908-19-000018-index.html",
        "finalLink": "https://www.sec.gov/Archives/edgar/data/354908/000035490819000018/flir-12312018x10k.htm"
    },
    {
        "date": "2018-09-30",
        "symbol": "FLIR",
        "reportedCurrency": "USD",
        "cik": "0000354908",
        "fillingDate": "2018-10-30",
        "acceptedDate": "2018-10-30 14:02:17",
        "calendarYear": "2018",
        "period": "Q3",
        "revenue": 434898000,
        "costOfRevenue": 212824000,
        "grossProfit": 222074000,
        "grossProfitRatio": 0.5106346776,
        "researchAndDevelopmentExpenses": 41997000,
        "generalAndAdministrativeExpenses": 91525000,
        "sellingAndMarketingExpenses": 0,
        "sellingGeneralAndAdministrativeExpenses": 91525000,
        "otherExpenses": 0,
        "operatingExpenses": 133522000,
        "costAndExpenses": 346346000,
        "interestIncome": 0,
        "interestExpense": 4042000,
        "depreciationAndAmortization": 16308000,
        "ebitda": 105768000,
        "ebitdaratio": 0.2432018542,
        "operatingIncome": 88552000,
        "operatingIncomeRatio": 0.2036155604,
        "totalOtherIncomeExpensesNet": -3134000,
        "incomeBeforeTax": 85418000,
        "incomeBeforeTaxRatio": 0.196409273,
        "incomeTaxExpense": 12267000,
        "netIncome": 73151000,
        "netIncomeRatio": 0.168202659,
        "eps": 0.53,
        "epsdiluted": 0.52,
        "weightedAverageShsOut": 138190000,
        "weightedAverageShsOutDil": 140327000,
        "link": "https://www.sec.gov/Archives/edgar/data/354908/000035490818000089/0000354908-18-000089-index.html",
        "finalLink": "https://www.sec.gov/Archives/edgar/data/354908/000035490818000089/flir-09302018x10q.htm"
    },
    {
        "date": "2018-06-30",
        "symbol": "FLIR",
        "reportedCurrency": "USD",
        "cik": "0000354908",
        "fillingDate": "2018-07-27",
        "acceptedDate": "2018-07-27 14:25:16",
        "calendarYear": "2018",
        "period": "Q2",
        "revenue": 452707000,
        "costOfRevenue": 220156000,
        "grossProfit": 232551000,
        "grossProfitRatio": 0.51368987,
        "researchAndDevelopmentExpenses": 46429000,
        "generalAndAdministrativeExpenses": 97456000,
        "sellingAndMarketingExpenses": 0,
        "sellingGeneralAndAdministrativeExpenses": 97456000,
        "otherExpenses": 0,
        "operatingExpenses": 143885000,
        "costAndExpenses": 364041000,
        "interestIncome": 0,
        "interestExpense": 3992000,
        "depreciationAndAmortization": 16609000,
        "ebitda": 103554000,
        "ebitdaratio": 0.2287439779,
        "operatingIncome": 88666000,
        "operatingIncomeRatio": 0.1958573647,
        "totalOtherIncomeExpensesNet": -5713000,
        "incomeBeforeTax": 82953000,
        "incomeBeforeTaxRatio": 0.1832377233,
        "incomeTaxExpense": 11390000,
        "netIncome": 71563000,
        "netIncomeRatio": 0.1580779621,
        "eps": 0.52,
        "epsdiluted": 0.51,
        "weightedAverageShsOut": 137749000,
        "weightedAverageShsOutDil": 140149000,
        "link": "https://www.sec.gov/Archives/edgar/data/354908/000035490818000074/0000354908-18-000074-index.html",
        "finalLink": "https://www.sec.gov/Archives/edgar/data/354908/000035490818000074/flir-06302018x10q.htm"
    },
    {
        "date": "2018-03-31",
        "symbol": "FLIR",
        "reportedCurrency": "USD",
        "cik": "0000354908",
        "fillingDate": "2018-05-04",
        "acceptedDate": "2018-05-04 12:21:30",
        "calendarYear": "2018",
        "period": "Q1",
        "revenue": 439618000,
        "costOfRevenue": 221704000,
        "grossProfit": 217914000,
        "grossProfitRatio": 0.4956894395,
        "researchAndDevelopmentExpenses": 44561000,
        "generalAndAdministrativeExpenses": 107683000,
        "sellingAndMarketingExpenses": 0,
        "sellingGeneralAndAdministrativeExpenses": 107683000,
        "otherExpenses": 0,
        "operatingExpenses": 152244000,
        "costAndExpenses": 373948000,
        "interestIncome": 0,
        "interestExpense": 4052000,
        "depreciationAndAmortization": 16446000,
        "ebitda": 75113000,
        "ebitdaratio": 0.1708597009,
        "operatingIncome": 65670000,
        "operatingIncomeRatio": 0.1493796887,
        "totalOtherIncomeExpensesNet": -11055000,
        "incomeBeforeTax": 54615000,
        "incomeBeforeTaxRatio": 0.1242328567,
        "incomeTaxExpense": 15420000,
        "netIncome": 39195000,
        "netIncomeRatio": 0.0891569499,
        "eps": 0.28,
        "epsdiluted": 0.28,
        "weightedAverageShsOut": 138504000,
        "weightedAverageShsOutDil": 140994000,
        "link": "https://www.sec.gov/Archives/edgar/data/354908/000035490818000062/0000354908-18-000062-index.html",
        "finalLink": "https://www.sec.gov/Archives/edgar/data/354908/000035490818000062/flir-03312018x10q.htm"
    },
    {
        "date": "2017-12-31",
        "symbol": "FLIR",
        "reportedCurrency": "USD",
        "cik": "0000354908",
        "fillingDate": "2018-02-23",
        "acceptedDate": "2018-02-23 16:23:38",
        "calendarYear": "2017",
        "period": "Q4",
        "revenue": 494784000,
        "costOfRevenue": 256952000,
        "grossProfit": 237832000,
        "grossProfitRatio": 0.4806784375,
        "researchAndDevelopmentExpenses": 42833000,
        "generalAndAdministrativeExpenses": 93627000,
        "sellingAndMarketingExpenses": 0,
        "sellingGeneralAndAdministrativeExpenses": 93627000,
        "otherExpenses": 0,
        "operatingExpenses": 136460000,
        "costAndExpenses": 393412000,
        "interestIncome": 0,
        "interestExpense": 4060000,
        "depreciationAndAmortization": 17584000,
        "ebitda": 97072000,
        "ebitdaratio": 0.196190661,
        "operatingIncome": 101372000,
        "operatingIncomeRatio": 0.204881322,
        "totalOtherIncomeExpensesNet": -25944000,
        "incomeBeforeTax": 75428000,
        "incomeBeforeTaxRatio": 0.15244632,
        "incomeTaxExpense": 125718000,
        "netIncome": -50290000,
        "netIncomeRatio": -0.1016403117,
        "eps": -0.36,
        "epsdiluted": -0.36,
        "weightedAverageShsOut": 138723000,
        "weightedAverageShsOutDil": 138723000,
        "link": "https://www.sec.gov/Archives/edgar/data/354908/000035490818000014/0000354908-18-000014-index.html",
        "finalLink": "https://www.sec.gov/Archives/edgar/data/354908/000035490818000014/flir-12312017x10k.htm"
    },
    {
        "date": "2017-09-30",
        "symbol": "FLIR",
        "reportedCurrency": "USD",
        "cik": "0000354908",
        "fillingDate": "2017-10-27",
        "acceptedDate": "2017-10-27 16:16:22",
        "calendarYear": "2017",
        "period": "Q3",
        "revenue": 464712000,
        "costOfRevenue": 241821000,
        "grossProfit": 222891000,
        "grossProfitRatio": 0.4796325466,
        "researchAndDevelopmentExpenses": 42873000,
        "generalAndAdministrativeExpenses": 92932000,
        "sellingAndMarketingExpenses": 0,
        "sellingGeneralAndAdministrativeExpenses": 92932000,
        "otherExpenses": 0,
        "operatingExpenses": 135805000,
        "costAndExpenses": 377626000,
        "interestIncome": 0,
        "interestExpense": 3819000,
        "depreciationAndAmortization": 18418000,
        "ebitda": 106770000,
        "ebitdaratio": 0.2297552032,
        "operatingIncome": 87086000,
        "operatingIncomeRatio": 0.1873977862,
        "totalOtherIncomeExpensesNet": -2553000,
        "incomeBeforeTax": 84533000,
        "incomeBeforeTaxRatio": 0.181904061,
        "incomeTaxExpense": 21004000,
        "netIncome": 63529000,
        "netIncomeRatio": 0.136706175,
        "eps": 0.46,
        "epsdiluted": 0.46,
        "weightedAverageShsOut": 137849000,
        "weightedAverageShsOutDil": 139419000,
        "link": "https://www.sec.gov/Archives/edgar/data/354908/000035490817000068/0000354908-17-000068-index.html",
        "finalLink": "https://www.sec.gov/Archives/edgar/data/354908/000035490817000068/flir-09302017x10q.htm"
    },
    {
        "date": "2017-06-30",
        "symbol": "FLIR",
        "reportedCurrency": "USD",
        "cik": "0000354908",
        "fillingDate": "2017-07-28",
        "acceptedDate": "2017-07-28 16:01:56",
        "calendarYear": "2017",
        "period": "Q2",
        "revenue": 434124000,
        "costOfRevenue": 227392000,
        "grossProfit": 206732000,
        "grossProfitRatio": 0.4762049553,
        "researchAndDevelopmentExpenses": 43046000,
        "generalAndAdministrativeExpenses": 97056000,
        "sellingAndMarketingExpenses": 0,
        "sellingGeneralAndAdministrativeExpenses": 97056000,
        "otherExpenses": 0,
        "operatingExpenses": 140102000,
        "costAndExpenses": 367494000,
        "interestIncome": 0,
        "interestExpense": 4472000,
        "depreciationAndAmortization": 17977000,
        "ebitda": 85989000,
        "ebitdaratio": 0.1980747436,
        "operatingIncome": 66630000,
        "operatingIncomeRatio": 0.1534814938,
        "totalOtherIncomeExpensesNet": -3090000,
        "incomeBeforeTax": 63540000,
        "incomeBeforeTaxRatio": 0.1463637118,
        "incomeTaxExpense": 12127000,
        "netIncome": 51413000,
        "netIncomeRatio": 0.1184292967,
        "eps": 0.38,
        "epsdiluted": 0.37,
        "weightedAverageShsOut": 136865000,
        "weightedAverageShsOutDil": 138449000,
        "link": "https://www.sec.gov/Archives/edgar/data/354908/000035490817000055/0000354908-17-000055-index.html",
        "finalLink": "https://www.sec.gov/Archives/edgar/data/354908/000035490817000055/flir-06302017x10q.htm"
    },
    {
        "date": "2017-03-31",
        "symbol": "FLIR",
        "reportedCurrency": "USD",
        "cik": "0000354908",
        "fillingDate": "2017-05-03",
        "acceptedDate": "2017-05-03 13:55:00",
        "calendarYear": "2017",
        "period": "Q1",
        "revenue": 406814000,
        "costOfRevenue": 215493000,
        "grossProfit": 191321000,
        "grossProfitRatio": 0.4702910913,
        "researchAndDevelopmentExpenses": 41983000,
        "generalAndAdministrativeExpenses": 90252000,
        "sellingAndMarketingExpenses": 0,
        "sellingGeneralAndAdministrativeExpenses": 90252000,
        "otherExpenses": 0,
        "operatingExpenses": 132235000,
        "costAndExpenses": 347728000,
        "interestIncome": 0,
        "interestExpense": 4453000,
        "depreciationAndAmortization": 17031000,
        "ebitda": 77048000,
        "ebitdaratio": 0.1893936787,
        "operatingIncome": 59086000,
        "operatingIncomeRatio": 0.1452408226,
        "totalOtherIncomeExpensesNet": -3522000,
        "incomeBeforeTax": 55564000,
        "incomeBeforeTaxRatio": 0.1365833034,
        "incomeTaxExpense": 12993000,
        "netIncome": 42571000,
        "netIncomeRatio": 0.1046448746,
        "eps": 0.31,
        "epsdiluted": 0.31,
        "weightedAverageShsOut": 136359000,
        "weightedAverageShsOutDil": 138239000,
        "link": "https://www.sec.gov/Archives/edgar/data/354908/000035490817000032/0000354908-17-000032-index.html",
        "finalLink": "https://www.sec.gov/Archives/edgar/data/354908/000035490817000032/flir-03312017x10q.htm"
    },
    {
        "date": "2016-12-31",
        "symbol": "FLIR",
        "reportedCurrency": "USD",
        "cik": "0000354908",
        "fillingDate": "2017-02-24",
        "acceptedDate": "2017-02-24 15:57:39",
        "calendarYear": "2016",
        "period": "Q4",
        "revenue": 474738000,
        "costOfRevenue": 260005000,
        "grossProfit": 214733000,
        "grossProfitRatio": 0.4523189633,
        "researchAndDevelopmentExpenses": 41517000,
        "generalAndAdministrativeExpenses": 79505000,
        "sellingAndMarketingExpenses": 0,
        "sellingGeneralAndAdministrativeExpenses": 79505000,
        "otherExpenses": 0,
        "operatingExpenses": 121022000,
        "costAndExpenses": 381027000,
        "interestIncome": 0,
        "interestExpense": 4528000,
        "depreciationAndAmortization": 15656000,
        "ebitda": 105460000,
        "ebitdaratio": 0.2221435824,
        "operatingIncome": 93711000,
        "operatingIncomeRatio": 0.1973951948,
        "totalOtherIncomeExpensesNet": -8435000,
        "incomeBeforeTax": 85276000,
        "incomeBeforeTaxRatio": 0.1796274998,
        "incomeTaxExpense": 23776000,
        "netIncome": 61500000,
        "netIncomeRatio": 0.1295451386,
        "eps": 0.45,
        "epsdiluted": 0.45,
        "weightedAverageShsOut": 136359000,
        "weightedAverageShsOutDil": 136359000,
        "link": "https://www.sec.gov/Archives/edgar/data/354908/000035490817000005/0000354908-17-000005-index.html",
        "finalLink": "https://www.sec.gov/Archives/edgar/data/354908/000035490817000005/flir-12312016x10k.htm"
    },
    {
        "date": "2016-09-30",
        "symbol": "FLIR",
        "reportedCurrency": "USD",
        "cik": "0000354908",
        "fillingDate": "2016-11-04",
        "acceptedDate": "2016-11-04 17:17:49",
        "calendarYear": "2016",
        "period": "Q3",
        "revenue": 405228000,
        "costOfRevenue": 213852000,
        "grossProfit": 191376000,
        "grossProfitRatio": 0.4722674642,
        "researchAndDevelopmentExpenses": 32664000,
        "generalAndAdministrativeExpenses": 77863000,
        "sellingAndMarketingExpenses": 0,
        "sellingGeneralAndAdministrativeExpenses": 77863000,
        "otherExpenses": 0,
        "operatingExpenses": 110527000,
        "costAndExpenses": 324379000,
        "interestIncome": 0,
        "interestExpense": 5736000,
        "depreciationAndAmortization": 14079000,
        "ebitda": 95023000,
        "ebitdaratio": 0.2344926807,
        "operatingIncome": 80849000,
        "operatingIncomeRatio": 0.199514841,
        "totalOtherIncomeExpensesNet": -5641000,
        "incomeBeforeTax": 75208000,
        "incomeBeforeTaxRatio": 0.1855942827,
        "incomeTaxExpense": 16575000,
        "netIncome": 58633000,
        "netIncomeRatio": 0.1446913836,
        "eps": 0.43,
        "epsdiluted": 0.43,
        "weightedAverageShsOut": 136963000,
        "weightedAverageShsOutDil": 137938000,
        "link": "https://www.sec.gov/Archives/edgar/data/354908/000035490816000173/0000354908-16-000173-index.html",
        "finalLink": "https://www.sec.gov/Archives/edgar/data/354908/000035490816000173/flir-2016930x10q.htm"
    },
    {
        "date": "2016-06-30",
        "symbol": "FLIR",
        "reportedCurrency": "USD",
        "cik": "0000354908",
        "fillingDate": "2016-08-03",
        "acceptedDate": "2016-08-03 14:36:50",
        "calendarYear": "2016",
        "period": "Q2",
        "revenue": 402729000,
        "costOfRevenue": 219407000,
        "grossProfit": 183322000,
        "grossProfitRatio": 0.4551994021,
        "researchAndDevelopmentExpenses": 36945000,
        "generalAndAdministrativeExpenses": 81165000,
        "sellingAndMarketingExpenses": 0,
        "sellingGeneralAndAdministrativeExpenses": 81165000,
        "otherExpenses": 0,
        "operatingExpenses": 118110000,
        "costAndExpenses": 337517000,
        "interestIncome": 0,
        "interestExpense": 4360000,
        "depreciationAndAmortization": 13839000,
        "ebitda": 78052000,
        "ebitdaratio": 0.1938077466,
        "operatingIncome": 65212000,
        "operatingIncomeRatio": 0.1619252649,
        "totalOtherIncomeExpensesNet": -5359000,
        "incomeBeforeTax": 59853000,
        "incomeBeforeTaxRatio": 0.1486185499,
        "incomeTaxExpense": 14485000,
        "netIncome": 45368000,
        "netIncomeRatio": 0.1126514356,
        "eps": 0.33,
        "epsdiluted": 0.33,
        "weightedAverageShsOut": 137861000,
        "weightedAverageShsOutDil": 138993000,
        "link": "https://www.sec.gov/Archives/edgar/data/354908/000035490816000152/0000354908-16-000152-index.html",
        "finalLink": "https://www.sec.gov/Archives/edgar/data/354908/000035490816000152/flir-2016630x10q.htm"
    },
    {
        "date": "2016-03-31",
        "symbol": "FLIR",
        "reportedCurrency": "USD",
        "cik": "0000354908",
        "fillingDate": "2016-05-06",
        "acceptedDate": "2016-05-06 16:30:39",
        "calendarYear": "2016",
        "period": "Q1",
        "revenue": 379472000,
        "costOfRevenue": 201782000,
        "grossProfit": 177690000,
        "grossProfitRatio": 0.4682558924,
        "researchAndDevelopmentExpenses": 36411000,
        "generalAndAdministrativeExpenses": 83902000,
        "sellingAndMarketingExpenses": 0,
        "sellingGeneralAndAdministrativeExpenses": 83902000,
        "otherExpenses": 0,
        "operatingExpenses": 120313000,
        "costAndExpenses": 322095000,
        "interestIncome": 0,
        "interestExpense": 3447000,
        "depreciationAndAmortization": 13939000,
        "ebitda": 73006000,
        "ebitdaratio": 0.1923883712,
        "operatingIncome": 57377000,
        "operatingIncomeRatio": 0.1512021967,
        "totalOtherIncomeExpensesNet": -1757000,
        "incomeBeforeTax": 55620000,
        "incomeBeforeTaxRatio": 0.1465720791,
        "incomeTaxExpense": 54495000,
        "netIncome": 1125000,
        "netIncomeRatio": 0.0029646456,
        "eps": 0.0082,
        "epsdiluted": 0.0081,
        "weightedAverageShsOut": 137496000,
        "weightedAverageShsOutDil": 138779000,
        "link": "https://www.sec.gov/Archives/edgar/data/354908/000035490816000139/0000354908-16-000139-index.html",
        "finalLink": "https://www.sec.gov/Archives/edgar/data/354908/000035490816000139/flir-2016331x10q.htm"
    },
    {
        "date": "2015-12-31",
        "symbol": "FLIR",
        "reportedCurrency": "USD",
        "cik": "0000354908",
        "fillingDate": "2016-02-26",
        "acceptedDate": "2016-02-26 15:48:00",
        "calendarYear": "2015",
        "period": "Q4",
        "revenue": 437647000,
        "costOfRevenue": 230337000,
        "grossProfit": 207310000,
        "grossProfitRatio": 0.473692268,
        "researchAndDevelopmentExpenses": 31994000,
        "generalAndAdministrativeExpenses": 81553000,
        "sellingAndMarketingExpenses": 0,
        "sellingGeneralAndAdministrativeExpenses": 81553000,
        "otherExpenses": 0,
        "operatingExpenses": 113547000,
        "costAndExpenses": 343884000,
        "interestIncome": 0,
        "interestExpense": 3397000,
        "depreciationAndAmortization": 13069000,
        "ebitda": 121248000,
        "ebitdaratio": 0.2770451985,
        "operatingIncome": 93763000,
        "operatingIncomeRatio": 0.2142434428,
        "totalOtherIncomeExpensesNet": 11019000,
        "incomeBeforeTax": 104782000,
        "incomeBeforeTaxRatio": 0.2394212687,
        "incomeTaxExpense": 34578000,
        "netIncome": 70204000,
        "netIncomeRatio": 0.1604123872,
        "eps": 0.51,
        "epsdiluted": 0.51,
        "weightedAverageShsOut": 137496000,
        "weightedAverageShsOutDil": 137496000,
        "link": "https://www.sec.gov/Archives/edgar/data/354908/000035490816000103/0000354908-16-000103-index.html",
        "finalLink": "https://www.sec.gov/Archives/edgar/data/354908/000035490816000103/flir-12312015x10k.htm"
    },
    {
        "date": "2015-09-30",
        "symbol": "FLIR",
        "reportedCurrency": "USD",
        "cik": "0000354908",
        "fillingDate": "2015-11-09",
        "acceptedDate": "2015-11-09 14:57:42",
        "calendarYear": "2015",
        "period": "Q3",
        "revenue": 381928000,
        "costOfRevenue": 201189000,
        "grossProfit": 180739000,
        "grossProfitRatio": 0.4732279383,
        "researchAndDevelopmentExpenses": 31050000,
        "generalAndAdministrativeExpenses": 73380000,
        "sellingAndMarketingExpenses": 0,
        "sellingGeneralAndAdministrativeExpenses": 73380000,
        "otherExpenses": 0,
        "operatingExpenses": 104430000,
        "costAndExpenses": 305619000,
        "interestIncome": 0,
        "interestExpense": 3670000,
        "depreciationAndAmortization": 11854000,
        "ebitda": 86700000,
        "ebitdaratio": 0.2270061373,
        "operatingIncome": 76309000,
        "operatingIncomeRatio": 0.1997994386,
        "totalOtherIncomeExpensesNet": -5133000,
        "incomeBeforeTax": 71176000,
        "incomeBeforeTaxRatio": 0.1863597327,
        "incomeTaxExpense": -1896000,
        "netIncome": 73072000,
        "netIncomeRatio": 0.1913240192,
        "eps": 0.52,
        "epsdiluted": 0.52,
        "weightedAverageShsOut": 139596000,
        "weightedAverageShsOutDil": 140525000,
        "link": "https://www.sec.gov/Archives/edgar/data/354908/000035490815000090/0000354908-15-000090-index.html",
        "finalLink": "https://www.sec.gov/Archives/edgar/data/354908/000035490815000090/flir-2015930x10q.htm"
    },
    {
        "date": "2015-06-30",
        "symbol": "FLIR",
        "reportedCurrency": "USD",
        "cik": "0000354908",
        "fillingDate": "2015-08-06",
        "acceptedDate": "2015-08-05 18:14:45",
        "calendarYear": "2015",
        "period": "Q2",
        "revenue": 392975000,
        "costOfRevenue": 203360000,
        "grossProfit": 189615000,
        "grossProfitRatio": 0.4825116102,
        "researchAndDevelopmentExpenses": 35154000,
        "generalAndAdministrativeExpenses": 83476000,
        "sellingAndMarketingExpenses": 0,
        "sellingGeneralAndAdministrativeExpenses": 83476000,
        "otherExpenses": 0,
        "operatingExpenses": 118630000,
        "costAndExpenses": 321990000,
        "interestIncome": 0,
        "interestExpense": 3358000,
        "depreciationAndAmortization": 12122000,
        "ebitda": 81928000,
        "ebitdaratio": 0.2084814556,
        "operatingIncome": 70985000,
        "operatingIncomeRatio": 0.1806349004,
        "totalOtherIncomeExpensesNet": -4537000,
        "incomeBeforeTax": 66448000,
        "incomeBeforeTaxRatio": 0.1690896367,
        "incomeTaxExpense": 15948000,
        "netIncome": 50500000,
        "netIncomeRatio": 0.1285069025,
        "eps": 0.36,
        "epsdiluted": 0.36,
        "weightedAverageShsOut": 140063000,
        "weightedAverageShsOutDil": 141491000,
        "link": "https://www.sec.gov/Archives/edgar/data/354908/000035490815000073/0000354908-15-000073-index.html",
        "finalLink": "https://www.sec.gov/Archives/edgar/data/354908/000035490815000073/flir-2015630x10q.htm"
    },
    {
        "date": "2015-03-31",
        "symbol": "FLIR",
        "reportedCurrency": "USD",
        "cik": "0000354908",
        "fillingDate": "2015-05-06",
        "acceptedDate": "2015-05-06 14:05:18",
        "calendarYear": "2015",
        "period": "Q1",
        "revenue": 344517000,
        "costOfRevenue": 168620000,
        "grossProfit": 175897000,
        "grossProfitRatio": 0.5105611624,
        "researchAndDevelopmentExpenses": 34694000,
        "generalAndAdministrativeExpenses": 75135000,
        "sellingAndMarketingExpenses": 0,
        "sellingGeneralAndAdministrativeExpenses": 75135000,
        "otherExpenses": 0,
        "operatingExpenses": 109829000,
        "costAndExpenses": 278449000,
        "interestIncome": 0,
        "interestExpense": 3661000,
        "depreciationAndAmortization": 12489000,
        "ebitda": 79190000,
        "ebitdaratio": 0.2298580331,
        "operatingIncome": 66068000,
        "operatingIncomeRatio": 0.1917699272,
        "totalOtherIncomeExpensesNet": -3028000,
        "incomeBeforeTax": 63040000,
        "incomeBeforeTaxRatio": 0.1829808108,
        "incomeTaxExpense": 15130000,
        "netIncome": 47910000,
        "netIncomeRatio": 0.1390642552,
        "eps": 0.34,
        "epsdiluted": 0.34,
        "weightedAverageShsOut": 139768000,
        "weightedAverageShsOutDil": 141472000,
        "link": "https://www.sec.gov/Archives/edgar/data/354908/000035490815000051/0000354908-15-000051-index.html",
        "finalLink": "https://www.sec.gov/Archives/edgar/data/354908/000035490815000051/flir-2015331x10q.htm"
    },
    {
        "date": "2014-12-31",
        "symbol": "FLIR",
        "reportedCurrency": "USD",
        "cik": "0000354908",
        "fillingDate": "2015-02-27",
        "acceptedDate": "2015-02-27 15:20:29",
        "calendarYear": "2014",
        "period": "Q4",
        "revenue": 434366000,
        "costOfRevenue": 219629000,
        "grossProfit": 214737000,
        "grossProfitRatio": 0.4943688042,
        "researchAndDevelopmentExpenses": 36096000,
        "generalAndAdministrativeExpenses": 90258000,
        "sellingAndMarketingExpenses": 0,
        "sellingGeneralAndAdministrativeExpenses": 90258000,
        "otherExpenses": 0,
        "operatingExpenses": 126354000,
        "costAndExpenses": 345983000,
        "interestIncome": 0,
        "interestExpense": 3593000,
        "depreciationAndAmortization": 12967000,
        "ebitda": 99344000,
        "ebitdaratio": 0.2287103503,
        "operatingIncome": 88383000,
        "operatingIncomeRatio": 0.2034758706,
        "totalOtherIncomeExpensesNet": -5599000,
        "incomeBeforeTax": 82784000,
        "incomeBeforeTaxRatio": 0.1905858193,
        "incomeTaxExpense": 10032000,
        "netIncome": 72752000,
        "netIncomeRatio": 0.167490089,
        "eps": 0.52,
        "epsdiluted": 0.51,
        "weightedAverageShsOut": 140634000,
        "weightedAverageShsOutDil": 142520000,
        "link": "https://www.sec.gov/Archives/edgar/data/354908/000035490815000012/0000354908-15-000012-index.htm",
        "finalLink": "https://www.sec.gov/Archives/edgar/data/354908/000035490815000012/flir-12312014x10k.htm"
    },
    {
        "date": "2014-09-30",
        "symbol": "FLIR",
        "reportedCurrency": "USD",
        "cik": "0000354908",
        "fillingDate": "2014-11-07",
        "acceptedDate": "2014-11-07 13:37:49",
        "calendarYear": "2014",
        "period": "Q3",
        "revenue": 375366000,
        "costOfRevenue": 190980000,
        "grossProfit": 184386000,
        "grossProfitRatio": 0.4912165726,
        "researchAndDevelopmentExpenses": 34022000,
        "generalAndAdministrativeExpenses": 76295000,
        "sellingAndMarketingExpenses": 0,
        "sellingGeneralAndAdministrativeExpenses": 76295000,
        "otherExpenses": 0,
        "operatingExpenses": 110317000,
        "costAndExpenses": 301297000,
        "interestIncome": 0,
        "interestExpense": 3663000,
        "depreciationAndAmortization": 13572000,
        "ebitda": 87698000,
        "ebitdaratio": 0.2336333072,
        "operatingIncome": 74069000,
        "operatingIncomeRatio": 0.1973247444,
        "totalOtherIncomeExpensesNet": -3606000,
        "incomeBeforeTax": 70463000,
        "incomeBeforeTaxRatio": 0.1877181204,
        "incomeTaxExpense": 17606000,
        "netIncome": 52857000,
        "netIncomeRatio": 0.140814565,
        "eps": 0.37,
        "epsdiluted": 0.37,
        "weightedAverageShsOut": 141433000,
        "weightedAverageShsOutDil": 143413000,
        "link": "https://www.sec.gov/Archives/edgar/data/354908/000035490814000096/0000354908-14-000096-index.html",
        "finalLink": "https://www.sec.gov/Archives/edgar/data/354908/000035490814000096/flir-2014930x10q.htm"
    },
    {
        "date": "2014-06-30",
        "symbol": "FLIR",
        "reportedCurrency": "USD",
        "cik": "0000354908",
        "fillingDate": "2014-08-08",
        "acceptedDate": "2014-08-08 10:59:43",
        "calendarYear": "2014",
        "period": "Q2",
        "revenue": 369380000,
        "costOfRevenue": 186662000,
        "grossProfit": 182718000,
        "grossProfitRatio": 0.4946613244,
        "researchAndDevelopmentExpenses": 36307000,
        "generalAndAdministrativeExpenses": 83500000,
        "sellingAndMarketingExpenses": 0,
        "sellingGeneralAndAdministrativeExpenses": 83500000,
        "otherExpenses": 0,
        "operatingExpenses": 119807000,
        "costAndExpenses": 306469000,
        "interestIncome": 0,
        "interestExpense": 3629000,
        "depreciationAndAmortization": 14236000,
        "ebitda": 74942000,
        "ebitdaratio": 0.2028859169,
        "operatingIncome": 62911000,
        "operatingIncomeRatio": 0.1703151226,
        "totalOtherIncomeExpensesNet": -5834000,
        "incomeBeforeTax": 57077000,
        "incomeBeforeTaxRatio": 0.1545210894,
        "incomeTaxExpense": 12319000,
        "netIncome": 44758000,
        "netIncomeRatio": 0.1211706102,
        "eps": 0.32,
        "epsdiluted": 0.31,
        "weightedAverageShsOut": 141574000,
        "weightedAverageShsOutDil": 144120000,
        "link": "https://www.sec.gov/Archives/edgar/data/354908/000035490814000090/0000354908-14-000090-index.html",
        "finalLink": "https://www.sec.gov/Archives/edgar/data/354908/000035490814000090/flir-2014630x10q.htm"
    },
    {
        "date": "2014-03-31",
        "symbol": "FLIR",
        "reportedCurrency": "USD",
        "cik": "0000354908",
        "fillingDate": "2014-05-12",
        "acceptedDate": "2014-05-12 13:27:43",
        "calendarYear": "2014",
        "period": "Q1",
        "revenue": 351542000,
        "costOfRevenue": 183010000,
        "grossProfit": 168532000,
        "grossProfitRatio": 0.4794078659,
        "researchAndDevelopmentExpenses": 36326000,
        "generalAndAdministrativeExpenses": 81942000,
        "sellingAndMarketingExpenses": 0,
        "sellingGeneralAndAdministrativeExpenses": 81942000,
        "otherExpenses": 0,
        "operatingExpenses": 118268000,
        "costAndExpenses": 301278000,
        "interestIncome": 0,
        "interestExpense": 3708000,
        "depreciationAndAmortization": 16470000,
        "ebitda": 59383000,
        "ebitdaratio": 0.1689214944,
        "operatingIncome": 50264000,
        "operatingIncomeRatio": 0.142981493,
        "totalOtherIncomeExpensesNet": -11059000,
        "incomeBeforeTax": 39205000,
        "incomeBeforeTaxRatio": 0.1115229475,
        "incomeTaxExpense": 9311000,
        "netIncome": 29894000,
        "netIncomeRatio": 0.0850367808,
        "eps": 0.21,
        "epsdiluted": 0.21,
        "weightedAverageShsOut": 140932000,
        "weightedAverageShsOutDil": 143828000,
        "link": "https://www.sec.gov/Archives/edgar/data/354908/000035490814000071/0000354908-14-000071-index.html",
        "finalLink": "https://www.sec.gov/Archives/edgar/data/354908/000035490814000071/flir-2014331x10q.htm"
    },
    {
        "date": "2013-12-31",
        "symbol": "FLIR",
        "reportedCurrency": "USD",
        "cik": "0000354908",
        "fillingDate": "2014-03-03",
        "acceptedDate": "2014-03-03 14:15:23",
        "calendarYear": "2013",
        "period": "Q4",
        "revenue": 400319000,
        "costOfRevenue": 210228000,
        "grossProfit": 190091000,
        "grossProfitRatio": 0.4748488081,
        "researchAndDevelopmentExpenses": 38425000,
        "generalAndAdministrativeExpenses": 88033000,
        "sellingAndMarketingExpenses": 0,
        "sellingGeneralAndAdministrativeExpenses": 88033000,
        "otherExpenses": 0,
        "operatingExpenses": 126458000,
        "costAndExpenses": 336686000,
        "interestIncome": 0,
        "interestExpense": 3730000,
        "depreciationAndAmortization": 17818000,
        "ebitda": 56696000,
        "ebitdaratio": 0.1416270524,
        "operatingIncome": 63633000,
        "operatingIncomeRatio": 0.1589557328,
        "totalOtherIncomeExpensesNet": -28485000,
        "incomeBeforeTax": 35148000,
        "incomeBeforeTaxRatio": 0.0877999795,
        "incomeTaxExpense": 6413000,
        "netIncome": 28735000,
        "netIncomeRatio": 0.0717802552,
        "eps": 0.2,
        "epsdiluted": 0.2,
        "weightedAverageShsOut": 140932000,
        "weightedAverageShsOutDil": 140932000,
        "link": "https://www.sec.gov/Archives/edgar/data/354908/000035490814000014/0000354908-14-000014-index.htm",
        "finalLink": "https://www.sec.gov/Archives/edgar/data/354908/000035490814000014/flir-12312013x10k.htm"
    },
    {
        "date": "2013-09-30",
        "symbol": "FLIR",
        "reportedCurrency": "USD",
        "cik": "0000354908",
        "fillingDate": "2013-11-08",
        "acceptedDate": "2013-11-08 17:00:01",
        "calendarYear": "2013",
        "period": "Q3",
        "revenue": 358141000,
        "costOfRevenue": 185251000,
        "grossProfit": 172890000,
        "grossProfitRatio": 0.4827428303,
        "researchAndDevelopmentExpenses": 32986000,
        "generalAndAdministrativeExpenses": 76365000,
        "sellingAndMarketingExpenses": 0,
        "sellingGeneralAndAdministrativeExpenses": 76365000,
        "otherExpenses": 0,
        "operatingExpenses": 109351000,
        "costAndExpenses": 294602000,
        "interestIncome": 0,
        "interestExpense": 3696000,
        "depreciationAndAmortization": 14876000,
        "ebitda": 78618000,
        "ebitdaratio": 0.2195168942,
        "operatingIncome": 63539000,
        "operatingIncomeRatio": 0.1774133651,
        "totalOtherIncomeExpensesNet": -3493000,
        "incomeBeforeTax": 60046000,
        "incomeBeforeTaxRatio": 0.1676602232,
        "incomeTaxExpense": 13560000,
        "netIncome": 46486000,
        "netIncomeRatio": 0.1297980404,
        "eps": 0.33,
        "epsdiluted": 0.32,
        "weightedAverageShsOut": 141863000,
        "weightedAverageShsOutDil": 144231000,
        "link": "https://www.sec.gov/Archives/edgar/data/354908/000035490813000045/0000354908-13-000045-index.html",
        "finalLink": "https://www.sec.gov/Archives/edgar/data/354908/000035490813000045/flir-2013930x10q.htm"
    },
    {
        "date": "2013-06-30",
        "symbol": "FLIR",
        "reportedCurrency": "USD",
        "cik": "0000354908",
        "fillingDate": "2013-08-08",
        "acceptedDate": "2013-08-08 12:56:58",
        "calendarYear": "2013",
        "period": "Q2",
        "revenue": 389329000,
        "costOfRevenue": 199288000,
        "grossProfit": 190041000,
        "grossProfitRatio": 0.4881244397,
        "researchAndDevelopmentExpenses": 39601000,
        "generalAndAdministrativeExpenses": 80168000,
        "sellingAndMarketingExpenses": 0,
        "sellingGeneralAndAdministrativeExpenses": 80168000,
        "otherExpenses": 0,
        "operatingExpenses": 119769000,
        "costAndExpenses": 319057000,
        "interestIncome": 0,
        "interestExpense": 3767000,
        "depreciationAndAmortization": 15231000,
        "ebitda": 85602000,
        "ebitdaratio": 0.2198705979,
        "operatingIncome": 70272000,
        "operatingIncomeRatio": 0.1804951596,
        "totalOtherIncomeExpensesNet": -3668000,
        "incomeBeforeTax": 66604000,
        "incomeBeforeTaxRatio": 0.1710738219,
        "incomeTaxExpense": 16446000,
        "netIncome": 50158000,
        "netIncomeRatio": 0.1288319134,
        "eps": 0.35,
        "epsdiluted": 0.35,
        "weightedAverageShsOut": 142085000,
        "weightedAverageShsOutDil": 143774000,
        "link": "https://www.sec.gov/Archives/edgar/data/354908/000035490813000034/0000354908-13-000034-index.html",
        "finalLink": "https://www.sec.gov/Archives/edgar/data/354908/000035490813000034/flir-2013630x10q.htm"
    },
    {
        "date": "2013-03-31",
        "symbol": "FLIR",
        "reportedCurrency": "USD",
        "cik": "0000354908",
        "fillingDate": "2013-05-08",
        "acceptedDate": "2013-05-08 14:01:34",
        "calendarYear": "2013",
        "period": "Q1",
        "revenue": 348583000,
        "costOfRevenue": 164596000,
        "grossProfit": 183987000,
        "grossProfitRatio": 0.5278140357,
        "researchAndDevelopmentExpenses": 36684000,
        "generalAndAdministrativeExpenses": 78173000,
        "sellingAndMarketingExpenses": 0,
        "sellingGeneralAndAdministrativeExpenses": 78173000,
        "otherExpenses": 0,
        "operatingExpenses": 114857000,
        "costAndExpenses": 279453000,
        "interestIncome": 0,
        "interestExpense": 2897000,
        "depreciationAndAmortization": 14871000,
        "ebitda": 84956000,
        "ebitdaratio": 0.2437181389,
        "operatingIncome": 69130000,
        "operatingIncomeRatio": 0.198317187,
        "totalOtherIncomeExpensesNet": -1942000,
        "incomeBeforeTax": 67188000,
        "incomeBeforeTaxRatio": 0.1927460605,
        "incomeTaxExpense": 15552000,
        "netIncome": 51636000,
        "netIncomeRatio": 0.1481311481,
        "eps": 0.36,
        "epsdiluted": 0.35,
        "weightedAverageShsOut": 144629000,
        "weightedAverageShsOutDil": 146291000,
        "link": "https://www.sec.gov/Archives/edgar/data/354908/000035490813000023/0000354908-13-000023-index.html",
        "finalLink": "https://www.sec.gov/Archives/edgar/data/354908/000035490813000023/flir-2013331x10q.htm"
    },
    {
        "date": "2012-12-31",
        "symbol": "FLIR",
        "reportedCurrency": "USD",
        "cik": "0000354908",
        "fillingDate": "2013-03-01",
        "acceptedDate": "2013-03-01 12:15:11",
        "calendarYear": "2012",
        "period": "Q4",
        "revenue": 386385000,
        "costOfRevenue": 181103000,
        "grossProfit": 205282000,
        "grossProfitRatio": 0.5312887405,
        "researchAndDevelopmentExpenses": 34088000,
        "generalAndAdministrativeExpenses": 71117000,
        "sellingAndMarketingExpenses": 0,
        "sellingGeneralAndAdministrativeExpenses": 71117000,
        "otherExpenses": 0,
        "operatingExpenses": 105205000,
        "costAndExpenses": 286308000,
        "interestIncome": 0,
        "interestExpense": 2729000,
        "depreciationAndAmortization": 14856000,
        "ebitda": 114375000,
        "ebitdaratio": 0.296013044,
        "operatingIncome": 100077000,
        "operatingIncomeRatio": 0.2590085019,
        "totalOtherIncomeExpensesNet": -2371000,
        "incomeBeforeTax": 97706000,
        "incomeBeforeTaxRatio": 0.2528721353,
        "incomeTaxExpense": 19529000,
        "netIncome": 77261000,
        "netIncomeRatio": 0.1999585905,
        "eps": 0.53,
        "epsdiluted": 0.53,
        "weightedAverageShsOut": 144629000,
        "weightedAverageShsOutDil": 144629000,
        "link": "https://www.sec.gov/Archives/edgar/data/354908/000035490813000006/0000354908-13-000006-index.html",
        "finalLink": "https://www.sec.gov/Archives/edgar/data/354908/000035490813000006/flir-12312012x10k.htm"
    },
    {
        "date": "2012-09-30",
        "symbol": "FLIR",
        "reportedCurrency": "USD",
        "cik": "0000354908",
        "fillingDate": "2012-11-05",
        "acceptedDate": "2012-11-05 16:31:05",
        "calendarYear": "2012",
        "period": "Q3",
        "revenue": 332230000,
        "costOfRevenue": 158877000,
        "grossProfit": 173353000,
        "grossProfitRatio": 0.521786112,
        "researchAndDevelopmentExpenses": 29593000,
        "generalAndAdministrativeExpenses": 69523000,
        "sellingAndMarketingExpenses": 0,
        "sellingGeneralAndAdministrativeExpenses": 69523000,
        "otherExpenses": 0,
        "operatingExpenses": 99116000,
        "costAndExpenses": 257993000,
        "interestIncome": 0,
        "interestExpense": 3096000,
        "depreciationAndAmortization": 14843000,
        "ebitda": 87129000,
        "ebitdaratio": 0.2622550643,
        "operatingIncome": 74237000,
        "operatingIncomeRatio": 0.2234506216,
        "totalOtherIncomeExpensesNet": -5003000,
        "incomeBeforeTax": 69234000,
        "incomeBeforeTaxRatio": 0.2083917768,
        "incomeTaxExpense": 13285000,
        "netIncome": 55905000,
        "netIncomeRatio": 0.1682719803,
        "eps": 0.37,
        "epsdiluted": 0.37,
        "weightedAverageShsOut": 150878000,
        "weightedAverageShsOutDil": 152327000,
        "link": "https://www.sec.gov/Archives/edgar/data/354908/000035490812000016/0000354908-12-000016-index.html",
        "finalLink": "https://www.sec.gov/Archives/edgar/data/354908/000035490812000016/flir-2012930x10q.htm"
    },
    {
        "date": "2012-06-30",
        "symbol": "FLIR",
        "reportedCurrency": "USD",
        "cik": "0000354908",
        "fillingDate": "2012-08-06",
        "acceptedDate": "2012-08-06 13:59:27",
        "calendarYear": "2012",
        "period": "Q2",
        "revenue": 338291000,
        "costOfRevenue": 168262000,
        "grossProfit": 170029000,
        "grossProfitRatio": 0.5026116568,
        "researchAndDevelopmentExpenses": 37510000,
        "generalAndAdministrativeExpenses": 71798000,
        "sellingAndMarketingExpenses": 0,
        "sellingGeneralAndAdministrativeExpenses": 71798000,
        "otherExpenses": 0,
        "operatingExpenses": 109308000,
        "costAndExpenses": 277570000,
        "interestIncome": 0,
        "interestExpense": 2768000,
        "depreciationAndAmortization": 14809000,
        "ebitda": 74355000,
        "ebitdaratio": 0.2197959745,
        "operatingIncome": 60721000,
        "operatingIncomeRatio": 0.1794933947,
        "totalOtherIncomeExpensesNet": -2631000,
        "incomeBeforeTax": 58090000,
        "incomeBeforeTaxRatio": 0.1717160669,
        "incomeTaxExpense": 15685000,
        "netIncome": 41093000,
        "netIncomeRatio": 0.1214723419,
        "eps": 0.27,
        "epsdiluted": 0.27,
        "weightedAverageShsOut": 153172000,
        "weightedAverageShsOutDil": 155033000,
        "link": "https://www.sec.gov/Archives/edgar/data/354908/000035490812000013/0000354908-12-000013-index.html",
        "finalLink": "https://www.sec.gov/Archives/edgar/data/354908/000035490812000013/flir-2012630x10q.htm"
    },
    {
        "date": "2012-03-31",
        "symbol": "FLIR",
        "reportedCurrency": "USD",
        "cik": "0000354908",
        "fillingDate": "2012-05-10",
        "acceptedDate": "2012-05-10 12:21:28",
        "calendarYear": "2012",
        "period": "Q1",
        "revenue": 348452000,
        "costOfRevenue": 165725000,
        "grossProfit": 182727000,
        "grossProfitRatio": 0.5243964735,
        "researchAndDevelopmentExpenses": 36571000,
        "generalAndAdministrativeExpenses": 77860000,
        "sellingAndMarketingExpenses": 0,
        "sellingGeneralAndAdministrativeExpenses": 77860000,
        "otherExpenses": 0,
        "operatingExpenses": 114431000,
        "costAndExpenses": 280156000,
        "interestIncome": 0,
        "interestExpense": 3066000,
        "depreciationAndAmortization": 15207000,
        "ebitda": 84470000,
        "ebitdaratio": 0.2424150242,
        "operatingIncome": 68296000,
        "operatingIncomeRatio": 0.1959983011,
        "totalOtherIncomeExpensesNet": -1413000,
        "incomeBeforeTax": 66883000,
        "incomeBeforeTaxRatio": 0.1919432232,
        "incomeTaxExpense": 18058000,
        "netIncome": 48139000,
        "netIncomeRatio": 0.1381510222,
        "eps": 0.31,
        "epsdiluted": 0.31,
        "weightedAverageShsOut": 154485000,
        "weightedAverageShsOutDil": 156972000,
        "link": "https://www.sec.gov/Archives/edgar/data/354908/000035490812000003/0000354908-12-000003-index.htm",
        "finalLink": "https://www.sec.gov/Archives/edgar/data/354908/000035490812000003/flir-12312011x10k.htm"
    },
    {
        "date": "2011-12-31",
        "symbol": "FLIR",
        "reportedCurrency": "USD",
        "cik": "0000354908",
        "fillingDate": "2012-02-29",
        "acceptedDate": "2012-02-29 13:19:29",
        "calendarYear": "2011",
        "period": "Q4",
        "revenue": 405212000,
        "costOfRevenue": 180428000,
        "grossProfit": 224784000,
        "grossProfitRatio": 0.5547318441,
        "researchAndDevelopmentExpenses": 34920000,
        "generalAndAdministrativeExpenses": 80196000,
        "sellingAndMarketingExpenses": 0,
        "sellingGeneralAndAdministrativeExpenses": 80196000,
        "otherExpenses": 0,
        "operatingExpenses": 115116000,
        "costAndExpenses": 295544000,
        "interestIncome": 0,
        "interestExpense": 3176000,
        "depreciationAndAmortization": 16290000,
        "ebitda": 126915000,
        "ebitdaratio": 0.3132064203,
        "operatingIncome": 109668000,
        "operatingIncomeRatio": 0.270643515,
        "totalOtherIncomeExpensesNet": -1516000,
        "incomeBeforeTax": 108152000,
        "incomeBeforeTaxRatio": 0.2669022635,
        "incomeTaxExpense": 31318000,
        "netIncome": 76131000,
        "netIncomeRatio": 0.187879431,
        "eps": 0.49,
        "epsdiluted": 0.49,
        "weightedAverageShsOut": 154485000,
        "weightedAverageShsOutDil": 154485000,
        "link": "https://www.sec.gov/Archives/edgar/data/354908/000035490812000003/0000354908-12-000003-index.html",
        "finalLink": "https://www.sec.gov/Archives/edgar/data/354908/000035490812000003/flir-12312011x10k.htm"
    },
    {
        "date": "2011-09-30",
        "symbol": "FLIR",
        "reportedCurrency": "USD",
        "cik": "0000354908",
        "fillingDate": "2011-11-08",
        "acceptedDate": "2011-11-08 14:01:45",
        "calendarYear": "2011",
        "period": "Q3",
        "revenue": 371327000,
        "costOfRevenue": 169430000,
        "grossProfit": 201897000,
        "grossProfitRatio": 0.543717532,
        "researchAndDevelopmentExpenses": 35188000,
        "generalAndAdministrativeExpenses": 81300000,
        "sellingAndMarketingExpenses": 0,
        "sellingGeneralAndAdministrativeExpenses": 81300000,
        "otherExpenses": 0,
        "operatingExpenses": 116488000,
        "costAndExpenses": 285918000,
        "interestIncome": 0,
        "interestExpense": 1526000,
        "depreciationAndAmortization": 17577000,
        "ebitda": 103404000,
        "ebitdaratio": 0.2784715359,
        "operatingIncome": 85409000,
        "operatingIncomeRatio": 0.2300102066,
        "totalOtherIncomeExpensesNet": -1437000,
        "incomeBeforeTax": 83972000,
        "incomeBeforeTaxRatio": 0.2261403022,
        "incomeTaxExpense": 19582000,
        "netIncome": 64719000,
        "netIncomeRatio": 0.1742911235,
        "eps": 0.41,
        "epsdiluted": 0.4,
        "weightedAverageShsOut": 158665000,
        "weightedAverageShsOutDil": 160798000,
        "link": "https://www.sec.gov/Archives/edgar/data/354908/000119312511301771/0001193125-11-301771-index.html",
        "finalLink": "https://www.sec.gov/Archives/edgar/data/354908/000119312511301771/d239732d10q.htm"
    },
    {
        "date": "2011-06-30",
        "symbol": "FLIR",
        "reportedCurrency": "USD",
        "cik": "0000354908",
        "fillingDate": "2011-08-08",
        "acceptedDate": "2011-08-08 12:17:15",
        "calendarYear": "2011",
        "period": "Q2",
        "revenue": 389951000,
        "costOfRevenue": 185416000,
        "grossProfit": 204535000,
        "grossProfitRatio": 0.5245146185,
        "researchAndDevelopmentExpenses": 39201000,
        "generalAndAdministrativeExpenses": 123651000,
        "sellingAndMarketingExpenses": 0,
        "sellingGeneralAndAdministrativeExpenses": 123651000,
        "otherExpenses": 0,
        "operatingExpenses": 162852000,
        "costAndExpenses": 348268000,
        "interestIncome": 0,
        "interestExpense": 435000,
        "depreciationAndAmortization": 23738000,
        "ebitda": 67169000,
        "ebitdaratio": 0.1722498468,
        "operatingIncome": 41683000,
        "operatingIncomeRatio": 0.1068929173,
        "totalOtherIncomeExpensesNet": 1766000,
        "incomeBeforeTax": 43449000,
        "incomeBeforeTaxRatio": 0.1114216914,
        "incomeTaxExpense": 13687000,
        "netIncome": 29309000,
        "netIncomeRatio": 0.0751607253,
        "eps": 0.18,
        "epsdiluted": 0.18,
        "weightedAverageShsOut": 159796000,
        "weightedAverageShsOutDil": 162550000,
        "link": "https://www.sec.gov/Archives/edgar/data/354908/000119312511213740/0001193125-11-213740-index.html",
        "finalLink": "https://www.sec.gov/Archives/edgar/data/354908/000119312511213740/d10q.htm"
    },
    {
        "date": "2011-03-31",
        "symbol": "FLIR",
        "reportedCurrency": "USD",
        "cik": "0000354908",
        "fillingDate": "2011-05-10",
        "acceptedDate": "2011-05-10 12:04:49",
        "calendarYear": "2011",
        "period": "Q1",
        "revenue": 373465000,
        "costOfRevenue": 177820000,
        "grossProfit": 195645000,
        "grossProfitRatio": 0.5238643514,
        "researchAndDevelopmentExpenses": 37260000,
        "generalAndAdministrativeExpenses": 81739000,
        "sellingAndMarketingExpenses": 0,
        "sellingGeneralAndAdministrativeExpenses": 81739000,
        "otherExpenses": 0,
        "operatingExpenses": 118999000,
        "costAndExpenses": 296819000,
        "interestIncome": 0,
        "interestExpense": 350000,
        "depreciationAndAmortization": 19893000,
        "ebitda": 95407000,
        "ebitdaratio": 0.2554643675,
        "operatingIncome": 76646000,
        "operatingIncomeRatio": 0.2052294057,
        "totalOtherIncomeExpensesNet": -933000,
        "incomeBeforeTax": 75713000,
        "incomeBeforeTaxRatio": 0.2027311796,
        "incomeTaxExpense": 23849000,
        "netIncome": 51315000,
        "netIncomeRatio": 0.137402434,
        "eps": 0.32,
        "epsdiluted": 0.32,
        "weightedAverageShsOut": 159400000,
        "weightedAverageShsOutDil": 162310000,
        "link": "https://www.sec.gov/Archives/edgar/data/354908/000119312511133755/0001193125-11-133755-index.html",
        "finalLink": "https://www.sec.gov/Archives/edgar/data/354908/000119312511133755/d10q.htm"
    },
    {
        "date": "2010-12-31",
        "symbol": "FLIR",
        "reportedCurrency": "USD",
        "cik": "0000354908",
        "fillingDate": "2011-03-01",
        "acceptedDate": "2011-03-01 13:57:41",
        "calendarYear": "2010",
        "period": "Q4",
        "revenue": 434373000,
        "costOfRevenue": 202547000,
        "grossProfit": 231826000,
        "grossProfitRatio": 0.5337026012,
        "researchAndDevelopmentExpenses": 34749000,
        "generalAndAdministrativeExpenses": 96449000,
        "sellingAndMarketingExpenses": 0,
        "sellingGeneralAndAdministrativeExpenses": 96449000,
        "otherExpenses": 0,
        "operatingExpenses": 131198000,
        "costAndExpenses": 333745000,
        "interestIncome": 0,
        "interestExpense": 412000,
        "depreciationAndAmortization": 21831000,
        "ebitda": 123905000,
        "ebitdaratio": 0.2852502342,
        "operatingIncome": 100628000,
        "operatingIncomeRatio": 0.2316626494,
        "totalOtherIncomeExpensesNet": 1521000,
        "incomeBeforeTax": 102149000,
        "incomeBeforeTaxRatio": 0.2351642482,
        "incomeTaxExpense": 31840000,
        "netIncome": 69822000,
        "netIncomeRatio": 0.1607420351,
        "eps": 0.44,
        "epsdiluted": 0.44,
        "weightedAverageShsOut": 159400000,
        "weightedAverageShsOutDil": 159400000,
        "link": "https://www.sec.gov/Archives/edgar/data/354908/000119312511051695/0001193125-11-051695-index.htm",
        "finalLink": "https://www.sec.gov/Archives/edgar/data/354908/000119312511051695/d10k.htm"
    },
    {
        "date": "2010-09-30",
        "symbol": "FLIR",
        "reportedCurrency": "USD",
        "cik": "0000354908",
        "fillingDate": "2010-11-09",
        "acceptedDate": "2010-11-09 11:27:03",
        "calendarYear": "2010",
        "period": "Q3",
        "revenue": 332497000,
        "costOfRevenue": 150389000,
        "grossProfit": 182108000,
        "grossProfitRatio": 0.5476981747,
        "researchAndDevelopmentExpenses": 28520000,
        "generalAndAdministrativeExpenses": 67801000,
        "sellingAndMarketingExpenses": 0,
        "sellingGeneralAndAdministrativeExpenses": 67801000,
        "otherExpenses": 0,
        "operatingExpenses": 96321000,
        "costAndExpenses": 246710000,
        "interestIncome": 0,
        "interestExpense": 349000,
        "depreciationAndAmortization": 14401000,
        "ebitda": 101273000,
        "ebitdaratio": 0.3045831992,
        "operatingIncome": 85787000,
        "operatingIncomeRatio": 0.2580083429,
        "totalOtherIncomeExpensesNet": 736000,
        "incomeBeforeTax": 86523000,
        "incomeBeforeTaxRatio": 0.2602218967,
        "incomeTaxExpense": 23568000,
        "netIncome": 62955000,
        "netIncomeRatio": 0.1893400542,
        "eps": 0.4,
        "epsdiluted": 0.39,
        "weightedAverageShsOut": 158215000,
        "weightedAverageShsOutDil": 160925000,
        "link": "https://www.sec.gov/Archives/edgar/data/354908/000119312510253593/0001193125-10-253593-index.html",
        "finalLink": "https://www.sec.gov/Archives/edgar/data/354908/000119312510253593/d10q.htm"
    },
    {
        "date": "2010-06-30",
        "symbol": "FLIR",
        "reportedCurrency": "USD",
        "cik": "0000354908",
        "fillingDate": "2010-08-06",
        "acceptedDate": "2010-08-06 14:42:01",
        "calendarYear": "2010",
        "period": "Q2",
        "revenue": 331133000,
        "costOfRevenue": 147810000,
        "grossProfit": 183323000,
        "grossProfitRatio": 0.5536234685,
        "researchAndDevelopmentExpenses": 28309000,
        "generalAndAdministrativeExpenses": 65199000,
        "sellingAndMarketingExpenses": 0,
        "sellingGeneralAndAdministrativeExpenses": 65199000,
        "otherExpenses": 0,
        "operatingExpenses": 93508000,
        "costAndExpenses": 241318000,
        "interestIncome": 0,
        "interestExpense": 900000,
        "depreciationAndAmortization": 13299000,
        "ebitda": 105040000,
        "ebitdaratio": 0.3172139291,
        "operatingIncome": 89815000,
        "operatingIncomeRatio": 0.271235425,
        "totalOtherIncomeExpensesNet": 1026000,
        "incomeBeforeTax": 90841000,
        "incomeBeforeTaxRatio": 0.2743338779,
        "incomeTaxExpense": 31387000,
        "netIncome": 59454000,
        "netIncomeRatio": 0.179547191,
        "eps": 0.38,
        "epsdiluted": 0.37,
        "weightedAverageShsOut": 154495000,
        "weightedAverageShsOutDil": 161643000,
        "link": "https://www.sec.gov/Archives/edgar/data/354908/000119312510181152/0001193125-10-181152-index.html",
        "finalLink": "https://www.sec.gov/Archives/edgar/data/354908/000119312510181152/d10q.htm"
    },
    {
        "date": "2010-03-31",
        "symbol": "FLIR",
        "reportedCurrency": "USD",
        "cik": "0000354908",
        "fillingDate": "2010-05-07",
        "acceptedDate": "2010-05-07 17:09:25",
        "calendarYear": "2010",
        "period": "Q1",
        "revenue": 287298000,
        "costOfRevenue": 121944000,
        "grossProfit": 165354000,
        "grossProfitRatio": 0.5755487334,
        "researchAndDevelopmentExpenses": 24803000,
        "generalAndAdministrativeExpenses": 56208000,
        "sellingAndMarketingExpenses": 0,
        "sellingGeneralAndAdministrativeExpenses": 56208000,
        "otherExpenses": 0,
        "operatingExpenses": 81011000,
        "costAndExpenses": 202955000,
        "interestIncome": 0,
        "interestExpense": 1224000,
        "depreciationAndAmortization": 11766000,
        "ebitda": 96416000,
        "ebitdaratio": 0.3355957925,
        "operatingIncome": 84343000,
        "operatingIncomeRatio": 0.2935732236,
        "totalOtherIncomeExpensesNet": -917000,
        "incomeBeforeTax": 83426000,
        "incomeBeforeTaxRatio": 0.2903814158,
        "incomeTaxExpense": 27531000,
        "netIncome": 55895000,
        "netIncomeRatio": 0.1945540867,
        "eps": 0.37,
        "epsdiluted": 0.35,
        "weightedAverageShsOut": 152899000,
        "weightedAverageShsOutDil": 161604000,
        "link": "https://www.sec.gov/Archives/edgar/data/354908/000119312510113064/0001193125-10-113064-index.html",
        "finalLink": "https://www.sec.gov/Archives/edgar/data/354908/000119312510113064/d10q.htm"
    },
    {
        "date": "2009-12-31",
        "symbol": "FLIR",
        "reportedCurrency": "USD",
        "cik": "0000354908",
        "fillingDate": "2010-02-26",
        "acceptedDate": "2010-02-26 12:58:45",
        "calendarYear": "2009",
        "period": "Q4",
        "revenue": 311560000,
        "costOfRevenue": 135511000,
        "grossProfit": 176049000,
        "grossProfitRatio": 0.5650564899,
        "researchAndDevelopmentExpenses": 24366000,
        "generalAndAdministrativeExpenses": 61742000,
        "sellingAndMarketingExpenses": 0,
        "sellingGeneralAndAdministrativeExpenses": 61742000,
        "otherExpenses": 0,
        "operatingExpenses": 86108000,
        "costAndExpenses": 221619000,
        "interestIncome": 0,
        "interestExpense": 1139000,
        "depreciationAndAmortization": 11523000,
        "ebitda": 103184000,
        "ebitdaratio": 0.3311850045,
        "operatingIncome": 89941000,
        "operatingIncomeRatio": 0.2886795481,
        "totalOtherIncomeExpensesNet": 581000,
        "incomeBeforeTax": 90522000,
        "incomeBeforeTaxRatio": 0.2905443574,
        "incomeTaxExpense": 30268000,
        "netIncome": 60254000,
        "netIncomeRatio": 0.1933945307,
        "eps": 0.39,
        "epsdiluted": 0.39,
        "weightedAverageShsOut": 152899000,
        "weightedAverageShsOutDil": 152899000,
        "link": "https://www.sec.gov/Archives/edgar/data/354908/000119312510042277/0001193125-10-042277-index.html",
        "finalLink": "https://www.sec.gov/Archives/edgar/data/354908/000119312510042277/d10k.htm"
    },
    {
        "date": "2009-09-30",
        "symbol": "FLIR",
        "reportedCurrency": "USD",
        "cik": "0000354908",
        "fillingDate": "2009-11-09",
        "acceptedDate": "2009-11-06 17:49:00",
        "calendarYear": "2009",
        "period": "Q3",
        "revenue": 285553000,
        "costOfRevenue": 122736000,
        "grossProfit": 162817000,
        "grossProfitRatio": 0.5701813674,
        "researchAndDevelopmentExpenses": 21294000,
        "generalAndAdministrativeExpenses": 52204000,
        "sellingAndMarketingExpenses": 0,
        "sellingGeneralAndAdministrativeExpenses": 52204000,
        "otherExpenses": 0,
        "operatingExpenses": 73498000,
        "costAndExpenses": 196234000,
        "interestIncome": 0,
        "interestExpense": 1238000,
        "depreciationAndAmortization": 10680000,
        "ebitda": 98335000,
        "ebitdaratio": 0.3443668951,
        "operatingIncome": 89319000,
        "operatingIncomeRatio": 0.3127930717,
        "totalOtherIncomeExpensesNet": -2902000,
        "incomeBeforeTax": 86417000,
        "incomeBeforeTaxRatio": 0.3026303348,
        "incomeTaxExpense": 26382000,
        "netIncome": 60035000,
        "netIncomeRatio": 0.2102411811,
        "eps": 0.4,
        "epsdiluted": 0.37,
        "weightedAverageShsOut": 151573000,
        "weightedAverageShsOutDil": 160287000,
        "link": "https://www.sec.gov/Archives/edgar/data/354908/000119312509227833/0001193125-09-227833-index.html",
        "finalLink": "https://www.sec.gov/Archives/edgar/data/354908/000119312509227833/d10q.htm"
    },
    {
        "date": "2009-06-30",
        "symbol": "FLIR",
        "reportedCurrency": "USD",
        "cik": "0000354908",
        "fillingDate": "2009-08-10",
        "acceptedDate": "2009-08-10 12:10:15",
        "calendarYear": "2009",
        "period": "Q2",
        "revenue": 277978000,
        "costOfRevenue": 116030000,
        "grossProfit": 161948000,
        "grossProfitRatio": 0.5825928671,
        "researchAndDevelopmentExpenses": 23232000,
        "generalAndAdministrativeExpenses": 54055000,
        "sellingAndMarketingExpenses": 0,
        "sellingGeneralAndAdministrativeExpenses": 54055000,
        "otherExpenses": 0,
        "operatingExpenses": 77287000,
        "costAndExpenses": 193317000,
        "interestIncome": 0,
        "interestExpense": 1727000,
        "depreciationAndAmortization": 10298000,
        "ebitda": 93867000,
        "ebitdaratio": 0.3376778018,
        "operatingIncome": 84661000,
        "operatingIncomeRatio": 0.3045600731,
        "totalOtherIncomeExpensesNet": -2819000,
        "incomeBeforeTax": 81842000,
        "incomeBeforeTaxRatio": 0.2944189828,
        "incomeTaxExpense": 26189000,
        "netIncome": 55653000,
        "netIncomeRatio": 0.2002064912,
        "eps": 0.37,
        "epsdiluted": 0.34,
        "weightedAverageShsOut": 149948000,
        "weightedAverageShsOutDil": 161354000,
        "link": "https://www.sec.gov/Archives/edgar/data/354908/000119312509170208/0001193125-09-170208-index.html",
        "finalLink": "https://www.sec.gov/Archives/edgar/data/354908/000119312509170208/d10q.htm"
    },
    {
        "date": "2009-03-31",
        "symbol": "FLIR",
        "reportedCurrency": "USD",
        "cik": "0000354908",
        "fillingDate": "2009-05-08",
        "acceptedDate": "2009-05-08 10:33:25",
        "calendarYear": "2009",
        "period": "Q1",
        "revenue": 271996000,
        "costOfRevenue": 114281000,
        "grossProfit": 157715000,
        "grossProfitRatio": 0.5798430859,
        "researchAndDevelopmentExpenses": 22409000,
        "generalAndAdministrativeExpenses": 51940000,
        "sellingAndMarketingExpenses": 0,
        "sellingGeneralAndAdministrativeExpenses": 51940000,
        "otherExpenses": 0,
        "operatingExpenses": 74349000,
        "costAndExpenses": 188630000,
        "interestIncome": 0,
        "interestExpense": 2778000,
        "depreciationAndAmortization": 9925000,
        "ebitda": 94315000,
        "ebitdaratio": 0.3467514228,
        "operatingIncome": 83366000,
        "operatingIncomeRatio": 0.3064971544,
        "totalOtherIncomeExpensesNet": -1754000,
        "incomeBeforeTax": 81612000,
        "incomeBeforeTaxRatio": 0.3000485301,
        "incomeTaxExpense": 27340000,
        "netIncome": 54272000,
        "netIncomeRatio": 0.1995323461,
        "eps": 0.38,
        "epsdiluted": 0.33,
        "weightedAverageShsOut": 143819000,
        "weightedAverageShsOutDil": 162578000,
        "link": "https://www.sec.gov/Archives/edgar/data/354908/000119312509104750/0001193125-09-104750-index.html",
        "finalLink": "https://www.sec.gov/Archives/edgar/data/354908/000119312509104750/d10q.htm"
    },
    {
        "date": "2008-12-31",
        "symbol": "FLIR",
        "reportedCurrency": "USD",
        "cik": "0000354908",
        "fillingDate": "2009-02-27",
        "acceptedDate": "2009-02-27 10:58:28",
        "calendarYear": "2008",
        "period": "Q4",
        "revenue": 302350000,
        "costOfRevenue": 128863000,
        "grossProfit": 173487000,
        "grossProfitRatio": 0.5737952704,
        "researchAndDevelopmentExpenses": 21668000,
        "generalAndAdministrativeExpenses": 63741000,
        "sellingAndMarketingExpenses": 0,
        "sellingGeneralAndAdministrativeExpenses": 63741000,
        "otherExpenses": 0,
        "operatingExpenses": 85409000,
        "costAndExpenses": 214272000,
        "interestIncome": 0,
        "interestExpense": 0,
        "depreciationAndAmortization": 9687000,
        "ebitda": 106414000,
        "ebitdaratio": 0.351956342,
        "operatingIncome": 88078000,
        "operatingIncomeRatio": 0.2913113941,
        "totalOtherIncomeExpensesNet": 8649000,
        "incomeBeforeTax": 96727000,
        "incomeBeforeTaxRatio": 0.3199173144,
        "incomeTaxExpense": 31404000,
        "netIncome": 65323000,
        "netIncomeRatio": 0.2160509343,
        "eps": 0.45,
        "epsdiluted": 0.45,
        "weightedAverageShsOut": 143819000,
        "weightedAverageShsOutDil": 143819000,
        "link": "https://www.sec.gov/Archives/edgar/data/354908/000119312509040316/0001193125-09-040316-index.html",
        "finalLink": "https://www.sec.gov/Archives/edgar/data/354908/000119312509040316/d10k.htm"
    },
    {
        "date": "2008-09-30",
        "symbol": "FLIR",
        "reportedCurrency": "USD",
        "cik": "0000354908",
        "fillingDate": "2008-11-07",
        "acceptedDate": "2008-11-07 11:42:08",
        "calendarYear": "2008",
        "period": "Q3",
        "revenue": 276740000,
        "costOfRevenue": 121478000,
        "grossProfit": 155262000,
        "grossProfitRatio": 0.5610392426,
        "researchAndDevelopmentExpenses": 21639000,
        "generalAndAdministrativeExpenses": 56973000,
        "sellingAndMarketingExpenses": 0,
        "sellingGeneralAndAdministrativeExpenses": 56973000,
        "otherExpenses": 0,
        "operatingExpenses": 78612000,
        "costAndExpenses": 200090000,
        "interestIncome": 0,
        "interestExpense": 2110000,
        "depreciationAndAmortization": 11520000,
        "ebitda": 93126000,
        "ebitdaratio": 0.3365108044,
        "operatingIncome": 76650000,
        "operatingIncomeRatio": 0.2769747778,
        "totalOtherIncomeExpensesNet": 2846000,
        "incomeBeforeTax": 79496000,
        "incomeBeforeTaxRatio": 0.2872587989,
        "incomeTaxExpense": 23863000,
        "netIncome": 55633000,
        "netIncomeRatio": 0.2010298475,
        "eps": 0.4,
        "epsdiluted": 0.34,
        "weightedAverageShsOut": 139211000,
        "weightedAverageShsOutDil": 163124000,
        "link": "https://www.sec.gov/Archives/edgar/data/354908/000119312508229443/0001193125-08-229443-index.html",
        "finalLink": "https://www.sec.gov/Archives/edgar/data/354908/000119312508229443/d10q.htm"
    },
    {
        "date": "2008-06-30",
        "symbol": "FLIR",
        "reportedCurrency": "USD",
        "cik": "0000354908",
        "fillingDate": "2008-08-08",
        "acceptedDate": "2008-08-08 12:26:39",
        "calendarYear": "2008",
        "period": "Q2",
        "revenue": 260978000,
        "costOfRevenue": 114364000,
        "grossProfit": 146614000,
        "grossProfitRatio": 0.5617868173,
        "researchAndDevelopmentExpenses": 23547000,
        "generalAndAdministrativeExpenses": 58394000,
        "sellingAndMarketingExpenses": 0,
        "sellingGeneralAndAdministrativeExpenses": 58394000,
        "otherExpenses": 0,
        "operatingExpenses": 81941000,
        "costAndExpenses": 196305000,
        "interestIncome": 0,
        "interestExpense": 0,
        "depreciationAndAmortization": 10838000,
        "ebitda": 76849000,
        "ebitdaratio": 0.2944654339,
        "operatingIncome": 64673000,
        "operatingIncomeRatio": 0.2478101602,
        "totalOtherIncomeExpensesNet": 1338000,
        "incomeBeforeTax": 66011000,
        "incomeBeforeTaxRatio": 0.2529370292,
        "incomeTaxExpense": 20568000,
        "netIncome": 45443000,
        "netIncomeRatio": 0.1741257884,
        "eps": 0.33,
        "epsdiluted": 0.28,
        "weightedAverageShsOut": 138054000,
        "weightedAverageShsOutDil": 162344000,
        "link": "https://www.sec.gov/Archives/edgar/data/354908/000119312508171478/0001193125-08-171478-index.html",
        "finalLink": "https://www.sec.gov/Archives/edgar/data/354908/000119312508171478/d10q.htm"
    },
    {
        "date": "2008-03-31",
        "symbol": "FLIR",
        "reportedCurrency": "USD",
        "cik": "0000354908",
        "fillingDate": "2008-05-09",
        "acceptedDate": "2008-05-09 14:23:33",
        "calendarYear": "2008",
        "period": "Q1",
        "revenue": 236906000,
        "costOfRevenue": 106111000,
        "grossProfit": 130795000,
        "grossProfitRatio": 0.5520966122,
        "researchAndDevelopmentExpenses": 23110000,
        "generalAndAdministrativeExpenses": 52579000,
        "sellingAndMarketingExpenses": 0,
        "sellingGeneralAndAdministrativeExpenses": 52579000,
        "otherExpenses": 0,
        "operatingExpenses": 75689000,
        "costAndExpenses": 181800000,
        "interestIncome": 0,
        "interestExpense": 0,
        "depreciationAndAmortization": 7929000,
        "ebitda": 60582000,
        "ebitdaratio": 0.2557216786,
        "operatingIncome": 55106000,
        "operatingIncomeRatio": 0.2326070256,
        "totalOtherIncomeExpensesNet": -2453000,
        "incomeBeforeTax": 52653000,
        "incomeBeforeTaxRatio": 0.2222527078,
        "incomeTaxExpense": 15319000,
        "netIncome": 37334000,
        "netIncomeRatio": 0.1575899302,
        "eps": 0.27,
        "epsdiluted": 0.23,
        "weightedAverageShsOut": 136992000,
        "weightedAverageShsOutDil": 161488000,
        "link": "https://www.sec.gov/Archives/edgar/data/354908/000119312508109496/0001193125-08-109496-index.html",
        "finalLink": "https://www.sec.gov/Archives/edgar/data/354908/000119312508109496/d10q.htm"
    },
    {
        "date": "2007-12-31",
        "symbol": "FLIR",
        "reportedCurrency": "USD",
        "cik": "0000354908",
        "fillingDate": "2008-02-29",
        "acceptedDate": "2008-02-29 12:57:17",
        "calendarYear": "2007",
        "period": "Q4",
        "revenue": 242634000,
        "costOfRevenue": 105395000,
        "grossProfit": 137239000,
        "grossProfitRatio": 0.565621471,
        "researchAndDevelopmentExpenses": 20835000,
        "generalAndAdministrativeExpenses": 53540000,
        "sellingAndMarketingExpenses": 0,
        "sellingGeneralAndAdministrativeExpenses": 53540000,
        "otherExpenses": 0,
        "operatingExpenses": 74375000,
        "costAndExpenses": 179770000,
        "interestIncome": 0,
        "interestExpense": 0,
        "depreciationAndAmortization": 7558000,
        "ebitda": 72757000,
        "ebitdaratio": 0.2998631684,
        "operatingIncome": 62864000,
        "operatingIncomeRatio": 0.2590898225,
        "totalOtherIncomeExpensesNet": 2335000,
        "incomeBeforeTax": 65199000,
        "incomeBeforeTaxRatio": 0.2687133708,
        "incomeTaxExpense": 18602000,
        "netIncome": 46597000,
        "netIncomeRatio": 0.1920464568,
        "eps": 0.34,
        "epsdiluted": 0.34,
        "weightedAverageShsOut": 136992000,
        "weightedAverageShsOutDil": 136992000,
        "link": "https://www.sec.gov/Archives/edgar/data/354908/000119312508043229/0001193125-08-043229-index.htm",
        "finalLink": "https://www.sec.gov/Archives/edgar/data/354908/000119312508043229/d10k.htm"
    },
    {
        "date": "2007-09-30",
        "symbol": "FLIR",
        "reportedCurrency": "USD",
        "cik": "0000354908",
        "fillingDate": "2007-11-07",
        "acceptedDate": "2007-11-07 12:57:48",
        "calendarYear": "2007",
        "period": "Q3",
        "revenue": 191104000,
        "costOfRevenue": 84081000,
        "grossProfit": 107023000,
        "grossProfitRatio": 0.5600249079,
        "researchAndDevelopmentExpenses": 15692000,
        "generalAndAdministrativeExpenses": 39508000,
        "sellingAndMarketingExpenses": 0,
        "sellingGeneralAndAdministrativeExpenses": 39508000,
        "otherExpenses": 0,
        "operatingExpenses": 55200000,
        "costAndExpenses": 139281000,
        "interestIncome": 0,
        "interestExpense": 0,
        "depreciationAndAmortization": 6384000,
        "ebitda": 56919000,
        "ebitdaratio": 0.2978430593,
        "operatingIncome": 51823000,
        "operatingIncomeRatio": 0.2711769508,
        "totalOtherIncomeExpensesNet": -1288000,
        "incomeBeforeTax": 50535000,
        "incomeBeforeTaxRatio": 0.2644371651,
        "incomeTaxExpense": 15770000,
        "netIncome": 34765000,
        "netIncomeRatio": 0.1819166527,
        "eps": 0.26,
        "epsdiluted": 0.22,
        "weightedAverageShsOut": 135130000,
        "weightedAverageShsOutDil": 159536000,
        "link": "https://www.sec.gov/Archives/edgar/data/354908/000119312507238122/0001193125-07-238122-index.html",
        "finalLink": "https://www.sec.gov/Archives/edgar/data/354908/000119312507238122/d10q.htm"
    },
    {
        "date": "2007-06-30",
        "symbol": "FLIR",
        "reportedCurrency": "USD",
        "cik": "0000354908",
        "fillingDate": "2007-08-08",
        "acceptedDate": "2007-08-08 14:54:16",
        "calendarYear": "2007",
        "period": "Q2",
        "revenue": 184296000,
        "costOfRevenue": 85150000,
        "grossProfit": 99146000,
        "grossProfitRatio": 0.5379715241,
        "researchAndDevelopmentExpenses": 17915000,
        "generalAndAdministrativeExpenses": 40068000,
        "sellingAndMarketingExpenses": 0,
        "sellingGeneralAndAdministrativeExpenses": 40068000,
        "otherExpenses": 0,
        "operatingExpenses": 57983000,
        "costAndExpenses": 143133000,
        "interestIncome": 0,
        "interestExpense": 2564000,
        "depreciationAndAmortization": 6060000,
        "ebitda": 48392000,
        "ebitdaratio": 0.2625775926,
        "operatingIncome": 41163000,
        "operatingIncomeRatio": 0.2233526501,
        "totalOtherIncomeExpensesNet": -1395000,
        "incomeBeforeTax": 39768000,
        "incomeBeforeTaxRatio": 0.2157833051,
        "incomeTaxExpense": 10683000,
        "netIncome": 29085000,
        "netIncomeRatio": 0.157816773,
        "eps": 0.22,
        "epsdiluted": 0.18,
        "weightedAverageShsOut": 133484000,
        "weightedAverageShsOutDil": 157826000,
        "link": "https://www.sec.gov/Archives/edgar/data/354908/000119312507175386/0001193125-07-175386-index.html",
        "finalLink": "https://www.sec.gov/Archives/edgar/data/354908/000119312507175386/d10q.htm"
    },
    {
        "date": "2007-03-31",
        "symbol": "FLIR",
        "reportedCurrency": "USD",
        "cik": "0000354908",
        "fillingDate": "2007-05-04",
        "acceptedDate": "2007-05-04 14:30:33",
        "calendarYear": "2007",
        "period": "Q1",
        "revenue": 161363000,
        "costOfRevenue": 71541000,
        "grossProfit": 89822000,
        "grossProfitRatio": 0.5566455755,
        "researchAndDevelopmentExpenses": 18016000,
        "generalAndAdministrativeExpenses": 35824000,
        "sellingAndMarketingExpenses": 0,
        "sellingGeneralAndAdministrativeExpenses": 35824000,
        "otherExpenses": 0,
        "operatingExpenses": 53840000,
        "costAndExpenses": 125381000,
        "interestIncome": 0,
        "interestExpense": 0,
        "depreciationAndAmortization": 5906000,
        "ebitda": 41557000,
        "ebitdaratio": 0.2575373537,
        "operatingIncome": 35982000,
        "operatingIncomeRatio": 0.2229879216,
        "totalOtherIncomeExpensesNet": -331000,
        "incomeBeforeTax": 35651000,
        "incomeBeforeTaxRatio": 0.2209366459,
        "incomeTaxExpense": 9387000,
        "netIncome": 26264000,
        "netIncomeRatio": 0.1627634588,
        "eps": 0.2,
        "epsdiluted": 0.17,
        "weightedAverageShsOut": 132084000,
        "weightedAverageShsOutDil": 156068000,
        "link": "https://www.sec.gov/Archives/edgar/data/354908/000119312507102649/0001193125-07-102649-index.html",
        "finalLink": "https://www.sec.gov/Archives/edgar/data/354908/000119312507102649/d10q.htm"
    },
    {
        "date": "2006-12-31",
        "symbol": "FLIR",
        "reportedCurrency": "USD",
        "cik": "0000354908",
        "fillingDate": "2007-03-16",
        "acceptedDate": "2007-03-16 16:42:28",
        "calendarYear": "2006",
        "period": "Q4",
        "revenue": 185899000,
        "costOfRevenue": 81456000,
        "grossProfit": 104443000,
        "grossProfitRatio": 0.5618265833,
        "researchAndDevelopmentExpenses": 16261000,
        "generalAndAdministrativeExpenses": 33109000,
        "sellingAndMarketingExpenses": 0,
        "sellingGeneralAndAdministrativeExpenses": -7894000,
        "otherExpenses": 0,
        "operatingExpenses": 8367000,
        "costAndExpenses": 89823000,
        "interestIncome": 0,
        "interestExpense": 2813000,
        "depreciationAndAmortization": 5568000,
        "ebitda": 60379000,
        "ebitdaratio": 0.3247946466,
        "operatingIncome": 96076000,
        "operatingIncomeRatio": 0.5168182723,
        "totalOtherIncomeExpensesNet": -44078000,
        "incomeBeforeTax": 51998000,
        "incomeBeforeTaxRatio": 0.2797110259,
        "incomeTaxExpense": 12242000,
        "netIncome": 39756000,
        "netIncomeRatio": 0.2138580627,
        "eps": 0.3,
        "epsdiluted": 0.3,
        "weightedAverageShsOut": 132084000,
        "weightedAverageShsOutDil": 132084000,
        "link": "https://www.sec.gov/Archives/edgar/data/354908/000119312507057183/0001193125-07-057183-index.htm",
        "finalLink": "https://www.sec.gov/Archives/edgar/data/354908/000119312507057183/d10k.htm"
    },
    {
        "date": "2006-09-30",
        "symbol": "FLIR",
        "reportedCurrency": "USD",
        "cik": "0000354908",
        "fillingDate": "2006-11-09",
        "acceptedDate": "2006-11-09 11:44:13",
        "calendarYear": "2006",
        "period": "Q3",
        "revenue": 133212000,
        "costOfRevenue": 57501000,
        "grossProfit": 75711000,
        "grossProfitRatio": 0.5683496982,
        "researchAndDevelopmentExpenses": 13928000,
        "generalAndAdministrativeExpenses": 27816000,
        "sellingAndMarketingExpenses": 0,
        "sellingGeneralAndAdministrativeExpenses": 27816000,
        "otherExpenses": 0,
        "operatingExpenses": 41744000,
        "costAndExpenses": 99245000,
        "interestIncome": 0,
        "interestExpense": 0,
        "depreciationAndAmortization": 5537000,
        "ebitda": 38686000,
        "ebitdaratio": 0.2904092724,
        "operatingIncome": 33967000,
        "operatingIncomeRatio": 0.2549845359,
        "totalOtherIncomeExpensesNet": -818000,
        "incomeBeforeTax": 33149000,
        "incomeBeforeTaxRatio": 0.248843948,
        "incomeTaxExpense": 6079000,
        "netIncome": 27070000,
        "netIncomeRatio": 0.203209921,
        "eps": 0.2,
        "epsdiluted": 0.17,
        "weightedAverageShsOut": 134956000,
        "weightedAverageShsOutDil": 158104000,
        "link": "https://www.sec.gov/Archives/edgar/data/354908/000119312506229739/0001193125-06-229739-index.htm",
        "finalLink": "https://www.sec.gov/Archives/edgar/data/354908/000119312506229739/d10q.htm"
    },
    {
        "date": "2006-06-30",
        "symbol": "FLIR",
        "reportedCurrency": "USD",
        "cik": "0000354908",
        "fillingDate": "2006-08-07",
        "acceptedDate": "2006-08-07 16:36:51",
        "calendarYear": "2006",
        "period": "Q2",
        "revenue": 138550000,
        "costOfRevenue": 64639000,
        "grossProfit": 73911000,
        "grossProfitRatio": 0.5334608445,
        "researchAndDevelopmentExpenses": 15166000,
        "generalAndAdministrativeExpenses": 29696000,
        "sellingAndMarketingExpenses": 0,
        "sellingGeneralAndAdministrativeExpenses": 29696000,
        "otherExpenses": 0,
        "operatingExpenses": 44862000,
        "costAndExpenses": 109501000,
        "interestIncome": 0,
        "interestExpense": 0,
        "depreciationAndAmortization": 5020000,
        "ebitda": 34841000,
        "ebitdaratio": 0.2514687838,
        "operatingIncome": 29049000,
        "operatingIncomeRatio": 0.2096643811,
        "totalOtherIncomeExpensesNet": 772000,
        "incomeBeforeTax": 29821000,
        "incomeBeforeTaxRatio": 0.2152363768,
        "incomeTaxExpense": 8410000,
        "netIncome": 21411000,
        "netIncomeRatio": 0.1545362685,
        "eps": 0.15,
        "epsdiluted": 0.13,
        "weightedAverageShsOut": 138218000,
        "weightedAverageShsOutDil": 161602000,
        "link": "https://www.sec.gov/Archives/edgar/data/354908/000119312506163815/0001193125-06-163815-index.htm",
        "finalLink": "https://www.sec.gov/Archives/edgar/data/354908/000119312506163815/d10q.htm"
    },
    {
        "date": "2006-03-31",
        "symbol": "FLIR",
        "reportedCurrency": "USD",
        "cik": "0000354908",
        "fillingDate": "2006-05-10",
        "acceptedDate": "2006-05-10 13:20:39",
        "calendarYear": "2006",
        "period": "Q1",
        "revenue": 117339000,
        "costOfRevenue": 56491000,
        "grossProfit": 60848000,
        "grossProfitRatio": 0.5185658647,
        "researchAndDevelopmentExpenses": 15229000,
        "generalAndAdministrativeExpenses": 26753000,
        "sellingAndMarketingExpenses": 0,
        "sellingGeneralAndAdministrativeExpenses": 26753000,
        "otherExpenses": 0,
        "operatingExpenses": 41982000,
        "costAndExpenses": 98473000,
        "interestIncome": 0,
        "interestExpense": 0,
        "depreciationAndAmortization": 4426000,
        "ebitda": 22069000,
        "ebitdaratio": 0.1880789848,
        "operatingIncome": 18866000,
        "operatingIncomeRatio": 0.1607820077,
        "totalOtherIncomeExpensesNet": -1223000,
        "incomeBeforeTax": 17643000,
        "incomeBeforeTaxRatio": 0.1503592156,
        "incomeTaxExpense": 4984000,
        "netIncome": 12659000,
        "netIncomeRatio": 0.1078839942,
        "eps": 0.0915,
        "epsdiluted": 0.0778,
        "weightedAverageShsOut": 138326000,
        "weightedAverageShsOutDil": 162622000,
        "link": "https://www.sec.gov/Archives/edgar/data/354908/000119312506046393/0001193125-06-046393-index.htm",
        "finalLink": "https://www.sec.gov/Archives/edgar/data/354908/000119312506046393/d10k.htm"
    },
    {
        "date": "2005-12-31",
        "symbol": "FLIR",
        "reportedCurrency": "USD",
        "cik": "0000354908",
        "fillingDate": "2006-03-07",
        "acceptedDate": "2006-03-06 20:51:39",
        "calendarYear": "2005",
        "period": "Q4",
        "revenue": 156247000,
        "costOfRevenue": 69586000,
        "grossProfit": 86661000,
        "grossProfitRatio": 0.5546410491,
        "researchAndDevelopmentExpenses": 12512000,
        "generalAndAdministrativeExpenses": 27998000,
        "sellingAndMarketingExpenses": 0,
        "sellingGeneralAndAdministrativeExpenses": 27998000,
        "otherExpenses": 0,
        "operatingExpenses": 40510000,
        "costAndExpenses": 110096000,
        "interestIncome": 0,
        "interestExpense": 2001000,
        "depreciationAndAmortization": 4480000,
        "ebitda": 52187000,
        "ebitdaratio": 0.3340032129,
        "operatingIncome": 46151000,
        "operatingIncomeRatio": 0.2953720711,
        "totalOtherIncomeExpensesNet": -445000,
        "incomeBeforeTax": 45706000,
        "incomeBeforeTaxRatio": 0.2925240165,
        "incomeTaxExpense": 11564000,
        "netIncome": 34142000,
        "netIncomeRatio": 0.2185129954,
        "eps": 0.25,
        "epsdiluted": 0.25,
        "weightedAverageShsOut": 138326000,
        "weightedAverageShsOutDil": 138326000,
        "link": "https://www.sec.gov/Archives/edgar/data/354908/000119312506046393/0001193125-06-046393-index.htm",
        "finalLink": "https://www.sec.gov/Archives/edgar/data/354908/000119312506046393/d10k.htm"
    },
    {
        "date": "2005-09-30",
        "symbol": "FLIR",
        "reportedCurrency": "USD",
        "cik": "0000354908",
        "fillingDate": "2005-11-04",
        "acceptedDate": "2005-11-04 15:55:27",
        "calendarYear": "2005",
        "period": "Q3",
        "revenue": 113031000,
        "costOfRevenue": 52911000,
        "grossProfit": 60120000,
        "grossProfitRatio": 0.5318894816,
        "researchAndDevelopmentExpenses": 11777000,
        "generalAndAdministrativeExpenses": 22002000,
        "sellingAndMarketingExpenses": 0,
        "sellingGeneralAndAdministrativeExpenses": 22002000,
        "otherExpenses": 0,
        "operatingExpenses": 33779000,
        "costAndExpenses": 86690000,
        "interestIncome": 0,
        "interestExpense": 0,
        "depreciationAndAmortization": 5191000,
        "ebitda": 28629000,
        "ebitdaratio": 0.2532844972,
        "operatingIncome": 26341000,
        "operatingIncomeRatio": 0.2330422627,
        "totalOtherIncomeExpensesNet": -2903000,
        "incomeBeforeTax": 23438000,
        "incomeBeforeTaxRatio": 0.2073590431,
        "incomeTaxExpense": 6094000,
        "netIncome": 17344000,
        "netIncomeRatio": 0.1534446302,
        "eps": 0.13,
        "epsdiluted": 0.11,
        "weightedAverageShsOut": 138752000,
        "weightedAverageShsOutDil": 157672727,
        "link": "https://www.sec.gov/Archives/edgar/data/354908/000119312505216879/0001193125-05-216879-index.htm",
        "finalLink": "https://www.sec.gov/Archives/edgar/data/354908/000119312505216879/d10q.htm"
    },
    {
        "date": "2005-06-30",
        "symbol": "FLIR",
        "reportedCurrency": "USD",
        "cik": "0000354908",
        "fillingDate": "2005-08-03",
        "acceptedDate": "2005-08-03 15:25:51",
        "calendarYear": "2005",
        "period": "Q2",
        "revenue": 130966000,
        "costOfRevenue": 59639000,
        "grossProfit": 71327000,
        "grossProfitRatio": 0.5446222684,
        "researchAndDevelopmentExpenses": 13970000,
        "generalAndAdministrativeExpenses": 25031000,
        "sellingAndMarketingExpenses": 0,
        "sellingGeneralAndAdministrativeExpenses": 25031000,
        "otherExpenses": 0,
        "operatingExpenses": 39001000,
        "costAndExpenses": 98640000,
        "interestIncome": 0,
        "interestExpense": 1972000,
        "depreciationAndAmortization": 2802000,
        "ebitda": 37980000,
        "ebitdaratio": 0.289998931,
        "operatingIncome": 32326000,
        "operatingIncomeRatio": 0.2468274209,
        "totalOtherIncomeExpensesNet": 880000,
        "incomeBeforeTax": 33206000,
        "incomeBeforeTaxRatio": 0.253546722,
        "incomeTaxExpense": 8634000,
        "netIncome": 24572000,
        "netIncomeRatio": 0.1876212147,
        "eps": 0.17,
        "epsdiluted": 0.16,
        "weightedAverageShsOut": 140411429,
        "weightedAverageShsOutDil": 158529032,
        "link": "https://www.sec.gov/Archives/edgar/data/354908/000119312505156184/0001193125-05-156184-index.htm",
        "finalLink": "https://www.sec.gov/Archives/edgar/data/354908/000119312505156184/d10q.htm"
    },
    {
        "date": "2005-03-31",
        "symbol": "FLIR",
        "reportedCurrency": "USD",
        "cik": "0000354908",
        "fillingDate": "2005-05-10",
        "acceptedDate": "2005-05-10 15:25:29",
        "calendarYear": "2005",
        "period": "Q1",
        "revenue": 108317000,
        "costOfRevenue": 49731000,
        "grossProfit": 58586000,
        "grossProfitRatio": 0.5408753935,
        "researchAndDevelopmentExpenses": 13255000,
        "generalAndAdministrativeExpenses": 24196000,
        "sellingAndMarketingExpenses": 0,
        "sellingGeneralAndAdministrativeExpenses": 24196000,
        "otherExpenses": 0,
        "operatingExpenses": 37451000,
        "costAndExpenses": 87182000,
        "interestIncome": 0,
        "interestExpense": 0,
        "depreciationAndAmortization": 3112000,
        "ebitda": 22986000,
        "ebitdaratio": 0.2122104563,
        "operatingIncome": 21135000,
        "operatingIncomeRatio": 0.195121726,
        "totalOtherIncomeExpensesNet": -1261000,
        "incomeBeforeTax": 19874000,
        "incomeBeforeTaxRatio": 0.1834799708,
        "incomeTaxExpense": 5167000,
        "netIncome": 14707000,
        "netIncomeRatio": 0.1357773941,
        "eps": 0.1,
        "epsdiluted": 0.095,
        "weightedAverageShsOut": 140066667,
        "weightedAverageShsOutDil": 154810526,
        "link": "https://www.sec.gov/Archives/edgar/data/354908/000119312505042565/0001193125-05-042565-index.htm",
        "finalLink": "https://www.sec.gov/Archives/edgar/data/354908/000119312505042565/d10k.htm"
    },
    {
        "date": "2004-12-31",
        "symbol": "FLIR",
        "reportedCurrency": "USD",
        "cik": "0000354908",
        "fillingDate": "2005-03-04",
        "acceptedDate": "2005-03-04 14:28:23",
        "calendarYear": "2004",
        "period": "Q4",
        "revenue": 143726000,
        "costOfRevenue": 67991000,
        "grossProfit": 75735000,
        "grossProfitRatio": 0.52694015,
        "researchAndDevelopmentExpenses": 13090000,
        "generalAndAdministrativeExpenses": 28254000,
        "sellingAndMarketingExpenses": 23954000,
        "sellingGeneralAndAdministrativeExpenses": 52208000,
        "otherExpenses": 0,
        "operatingExpenses": 65298000,
        "costAndExpenses": 133289000,
        "interestIncome": 0,
        "interestExpense": 0,
        "depreciationAndAmortization": 3934000,
        "ebitda": 36206000,
        "ebitdaratio": 0.2519098841,
        "operatingIncome": 10437000,
        "operatingIncomeRatio": 0.0726173413,
        "totalOtherIncomeExpensesNet": 21835000,
        "incomeBeforeTax": 32272000,
        "incomeBeforeTaxRatio": 0.2245383577,
        "incomeTaxExpense": 8210000,
        "netIncome": 24062000,
        "netIncomeRatio": 0.1674157772,
        "eps": 0.17,
        "epsdiluted": 0.17,
        "weightedAverageShsOut": 140066667,
        "weightedAverageShsOutDil": 140066667,
        "link": "https://www.sec.gov/Archives/edgar/data/354908/000119312505042565/0001193125-05-042565-index.htm",
        "finalLink": "https://www.sec.gov/Archives/edgar/data/354908/000119312505042565/d10k.htm"
    },
    {
        "date": "2004-09-30",
        "symbol": "FLIR",
        "reportedCurrency": "USD",
        "cik": "0000354908",
        "fillingDate": "2004-11-05",
        "acceptedDate": "2004-11-05 15:07:51",
        "calendarYear": "2004",
        "period": "Q3",
        "revenue": 110769000,
        "costOfRevenue": 51789000,
        "grossProfit": 58980000,
        "grossProfitRatio": 0.5324594426,
        "researchAndDevelopmentExpenses": 11324000,
        "generalAndAdministrativeExpenses": 21997000,
        "sellingAndMarketingExpenses": 0,
        "sellingGeneralAndAdministrativeExpenses": 21997000,
        "otherExpenses": 0,
        "operatingExpenses": 33321000,
        "costAndExpenses": 85110000,
        "interestIncome": 0,
        "interestExpense": 0,
        "depreciationAndAmortization": 3587000,
        "ebitda": 26863000,
        "ebitdaratio": 0.2425136997,
        "operatingIncome": 25659000,
        "operatingIncomeRatio": 0.2316442326,
        "totalOtherIncomeExpensesNet": -2383000,
        "incomeBeforeTax": 23276000,
        "incomeBeforeTaxRatio": 0.2101309933,
        "incomeTaxExpense": 6452000,
        "netIncome": 16824000,
        "netIncomeRatio": 0.1518836498,
        "eps": 0.13,
        "epsdiluted": 0.11,
        "weightedAverageShsOut": 134592000,
        "weightedAverageShsOutDil": 152945455,
        "link": "https://www.sec.gov/Archives/edgar/data/354908/000119312504187779/0001193125-04-187779-index.htm",
        "finalLink": "https://www.sec.gov/Archives/edgar/data/354908/000119312504187779/d10q.htm"
    },
    {
        "date": "2004-06-30",
        "symbol": "FLIR",
        "reportedCurrency": "USD",
        "cik": "0000354908",
        "fillingDate": "2004-08-06",
        "acceptedDate": "2004-08-06 13:09:20",
        "calendarYear": "2004",
        "period": "Q2",
        "revenue": 119295000,
        "costOfRevenue": 58271000,
        "grossProfit": 61024000,
        "grossProfitRatio": 0.5115386227,
        "researchAndDevelopmentExpenses": 10784000,
        "generalAndAdministrativeExpenses": 23026000,
        "sellingAndMarketingExpenses": 0,
        "sellingGeneralAndAdministrativeExpenses": 23026000,
        "otherExpenses": 0,
        "operatingExpenses": 33810000,
        "costAndExpenses": 92081000,
        "interestIncome": 0,
        "interestExpense": 0,
        "depreciationAndAmortization": 3596000,
        "ebitda": 29028000,
        "ebitdaratio": 0.2433295612,
        "operatingIncome": 27214000,
        "operatingIncomeRatio": 0.2281235592,
        "totalOtherIncomeExpensesNet": -1782000,
        "incomeBeforeTax": 25432000,
        "incomeBeforeTaxRatio": 0.2131857999,
        "incomeTaxExpense": 7506000,
        "netIncome": 17926000,
        "netIncomeRatio": 0.1502661469,
        "eps": 0.13,
        "epsdiluted": 0.13,
        "weightedAverageShsOut": 135290566,
        "weightedAverageShsOutDil": 143408000,
        "link": "https://www.sec.gov/Archives/edgar/data/354908/000119312504134043/0001193125-04-134043-index.htm",
        "finalLink": "https://www.sec.gov/Archives/edgar/data/354908/000119312504134043/d10q.htm"
    },
    {
        "date": "2004-03-31",
        "symbol": "FLIR",
        "reportedCurrency": "USD",
        "cik": "0000354908",
        "fillingDate": "2004-05-06",
        "acceptedDate": "2004-05-06 12:09:26",
        "calendarYear": "2004",
        "period": "Q1",
        "revenue": 108861000,
        "costOfRevenue": 55441000,
        "grossProfit": 53420000,
        "grossProfitRatio": 0.4907175205,
        "researchAndDevelopmentExpenses": 10598000,
        "generalAndAdministrativeExpenses": 20960000,
        "sellingAndMarketingExpenses": 0,
        "sellingGeneralAndAdministrativeExpenses": 20960000,
        "otherExpenses": 0,
        "operatingExpenses": 31558000,
        "costAndExpenses": 86999000,
        "interestIncome": 0,
        "interestExpense": 2101000,
        "depreciationAndAmortization": 3687000,
        "ebitda": 24717000,
        "ebitdaratio": 0.22705101,
        "operatingIncome": 21862000,
        "operatingIncomeRatio": 0.2008249052,
        "totalOtherIncomeExpensesNet": -2933000,
        "incomeBeforeTax": 18929000,
        "incomeBeforeTaxRatio": 0.1738822903,
        "incomeTaxExpense": 6246000,
        "netIncome": 12683000,
        "netIncomeRatio": 0.1165063705,
        "eps": 0.095,
        "epsdiluted": 0.09,
        "weightedAverageShsOut": 133505263,
        "weightedAverageShsOutDil": 140922222,
        "link": "https://www.sec.gov/Archives/edgar/data/354908/000119312504034820/0001193125-04-034820-index.htm",
        "finalLink": "https://www.sec.gov/Archives/edgar/data/354908/000119312504034820/d10k.htm"
    },
    {
        "date": "2003-12-31",
        "symbol": "FLIR",
        "reportedCurrency": "USD",
        "cik": "0000354908",
        "fillingDate": "2004-03-05",
        "acceptedDate": "2004-03-04 20:05:34",
        "calendarYear": "2003",
        "period": "Q4",
        "revenue": 97414000,
        "costOfRevenue": 46044000,
        "grossProfit": 51370000,
        "grossProfitRatio": 0.5273369331,
        "researchAndDevelopmentExpenses": 9027000,
        "generalAndAdministrativeExpenses": 19515000,
        "sellingAndMarketingExpenses": 0,
        "sellingGeneralAndAdministrativeExpenses": 19515000,
        "otherExpenses": 0,
        "operatingExpenses": 28542000,
        "costAndExpenses": 74586000,
        "interestIncome": 0,
        "interestExpense": 1999000,
        "depreciationAndAmortization": 1748000,
        "ebitda": 23874000,
        "ebitdaratio": 0.2450777096,
        "operatingIncome": 22828000,
        "operatingIncomeRatio": 0.2343400333,
        "totalOtherIncomeExpensesNet": -2701000,
        "incomeBeforeTax": 20127000,
        "incomeBeforeTaxRatio": 0.2066130125,
        "incomeTaxExpense": 5164000,
        "netIncome": 14963000,
        "netIncomeRatio": 0.1536021516,
        "eps": 0.11,
        "epsdiluted": 0.11,
        "weightedAverageShsOut": 133505263,
        "weightedAverageShsOutDil": 133505263,
        "link": "https://www.sec.gov/Archives/edgar/data/354908/000119312504034820/0001193125-04-034820-index.htm",
        "finalLink": "https://www.sec.gov/Archives/edgar/data/354908/000119312504034820/d10k.htm"
    },
    {
        "date": "2003-09-30",
        "symbol": "FLIR",
        "reportedCurrency": "USD",
        "cik": "0000354908",
        "fillingDate": "2003-11-07",
        "acceptedDate": "2003-11-07 16:07:56",
        "calendarYear": "2003",
        "period": "Q3",
        "revenue": 70232000,
        "costOfRevenue": 31241000,
        "grossProfit": 38991000,
        "grossProfitRatio": 0.5551742795,
        "researchAndDevelopmentExpenses": 6255000,
        "generalAndAdministrativeExpenses": 14967000,
        "sellingAndMarketingExpenses": 0,
        "sellingGeneralAndAdministrativeExpenses": 14967000,
        "otherExpenses": 0,
        "operatingExpenses": 21222000,
        "costAndExpenses": 52463000,
        "interestIncome": 0,
        "interestExpense": 2240000,
        "depreciationAndAmortization": 1616000,
        "ebitda": 19420000,
        "ebitdaratio": 0.2765121312,
        "operatingIncome": 17769000,
        "operatingIncomeRatio": 0.2530043285,
        "totalOtherIncomeExpensesNet": -2205000,
        "incomeBeforeTax": 15564000,
        "incomeBeforeTaxRatio": 0.2216083836,
        "incomeTaxExpense": 4699000,
        "netIncome": 10865000,
        "netIncomeRatio": 0.1547015605,
        "eps": 0.0825,
        "epsdiluted": 0.08,
        "weightedAverageShsOut": 131696970,
        "weightedAverageShsOutDil": 135812500,
        "link": "https://www.sec.gov/Archives/edgar/data/354908/000119312503075229/0001193125-03-075229-index.htm",
        "finalLink": "https://www.sec.gov/Archives/edgar/data/354908/000119312503075229/d10q.htm"
    },
    {
        "date": "2003-06-30",
        "symbol": "FLIR",
        "reportedCurrency": "USD",
        "cik": "0000354908",
        "fillingDate": "2003-08-08",
        "acceptedDate": "2003-08-07 18:15:58",
        "calendarYear": "2003",
        "period": "Q2",
        "revenue": 75162000,
        "costOfRevenue": 36041000,
        "grossProfit": 39121000,
        "grossProfitRatio": 0.5204890769,
        "researchAndDevelopmentExpenses": 7785000,
        "generalAndAdministrativeExpenses": 15834000,
        "sellingAndMarketingExpenses": 0,
        "sellingGeneralAndAdministrativeExpenses": 15834000,
        "otherExpenses": 0,
        "operatingExpenses": 23619000,
        "costAndExpenses": 59660000,
        "interestIncome": 0,
        "interestExpense": 0,
        "depreciationAndAmortization": 1442000,
        "ebitda": 15942000,
        "ebitdaratio": 0.21210186,
        "operatingIncome": 15502000,
        "operatingIncomeRatio": 0.206247838,
        "totalOtherIncomeExpensesNet": -1002000,
        "incomeBeforeTax": 14500000,
        "incomeBeforeTaxRatio": 0.1929166334,
        "incomeTaxExpense": 4785000,
        "netIncome": 9715000,
        "netIncomeRatio": 0.1292541444,
        "eps": 0.07,
        "epsdiluted": 0.0675,
        "weightedAverageShsOut": 138785714,
        "weightedAverageShsOutDil": 143925926,
        "link": "https://www.sec.gov/Archives/edgar/data/354908/000119312503031100/0001193125-03-031100-index.htm",
        "finalLink": "https://www.sec.gov/Archives/edgar/data/354908/000119312503031100/d10q.htm"
    },
    {
        "date": "2003-03-31",
        "symbol": "FLIR",
        "reportedCurrency": "USD",
        "cik": "0000354908",
        "fillingDate": "2003-05-07",
        "acceptedDate": "2003-05-07 13:17:38",
        "calendarYear": "2003",
        "period": "Q1",
        "revenue": 69171000,
        "costOfRevenue": 33128000,
        "grossProfit": 36043000,
        "grossProfitRatio": 0.521070969,
        "researchAndDevelopmentExpenses": 7598000,
        "generalAndAdministrativeExpenses": 14718000,
        "sellingAndMarketingExpenses": 0,
        "sellingGeneralAndAdministrativeExpenses": 14718000,
        "otherExpenses": 0,
        "operatingExpenses": 22316000,
        "costAndExpenses": 55444000,
        "interestIncome": 0,
        "interestExpense": 0,
        "depreciationAndAmortization": 1456000,
        "ebitda": 15113000,
        "ebitdaratio": 0.2184875164,
        "operatingIncome": 13727000,
        "operatingIncomeRatio": 0.1984502176,
        "totalOtherIncomeExpensesNet": -70000,
        "incomeBeforeTax": 13657000,
        "incomeBeforeTaxRatio": 0.1974382328,
        "incomeTaxExpense": 4507000,
        "netIncome": 9150000,
        "netIncomeRatio": 0.1322808692,
        "eps": 0.0662,
        "epsdiluted": 0.0637,
        "weightedAverageShsOut": 138113208,
        "weightedAverageShsOutDil": 143529412,
        "link": "https://www.sec.gov/Archives/edgar/data/354908/000101287003001053/0001012870-03-001053-index.htm",
        "finalLink": "https://www.sec.gov/Archives/edgar/data/354908/000101287003001053/d10k.htm"
    },
    {
        "date": "2002-12-31",
        "symbol": "FLIR",
        "reportedCurrency": "USD",
        "cik": "0000354908",
        "fillingDate": "2003-03-10",
        "acceptedDate": "2003-03-07 18:34:48",
        "calendarYear": "2002",
        "period": "Q4",
        "revenue": 74933000,
        "costOfRevenue": 35852000,
        "grossProfit": 39081000,
        "grossProfitRatio": 0.5215459144,
        "researchAndDevelopmentExpenses": 7133000,
        "generalAndAdministrativeExpenses": 16577000,
        "sellingAndMarketingExpenses": 0,
        "sellingGeneralAndAdministrativeExpenses": 16577000,
        "otherExpenses": 0,
        "operatingExpenses": 23710000,
        "costAndExpenses": 59562000,
        "interestIncome": 0,
        "interestExpense": 0,
        "depreciationAndAmortization": 1638000,
        "ebitda": 16561000,
        "ebitdaratio": 0.2210107696,
        "operatingIncome": 15371000,
        "operatingIncomeRatio": 0.2051299161,
        "totalOtherIncomeExpensesNet": -448000,
        "incomeBeforeTax": 14923000,
        "incomeBeforeTaxRatio": 0.1991512418,
        "incomeTaxExpense": 2238000,
        "netIncome": 12685000,
        "netIncomeRatio": 0.1692845609,
        "eps": 0.0918,
        "epsdiluted": 0.0918,
        "weightedAverageShsOut": 138113208,
        "weightedAverageShsOutDil": 138113208,
        "link": "https://www.sec.gov/Archives/edgar/data/354908/000101287003001053/0001012870-03-001053-index.htm",
        "finalLink": "https://www.sec.gov/Archives/edgar/data/354908/000101287003001053/d10k.htm"
    },
    {
        "date": "2002-09-30",
        "symbol": "FLIR",
        "reportedCurrency": "USD",
        "cik": "0000354908",
        "fillingDate": "2002-11-08",
        "acceptedDate": "2002-11-08 14:06:54",
        "calendarYear": "2002",
        "period": "Q3",
        "revenue": 64455000,
        "costOfRevenue": 30632000,
        "grossProfit": 33823000,
        "grossProfitRatio": 0.5247537041,
        "researchAndDevelopmentExpenses": 6211000,
        "generalAndAdministrativeExpenses": 14794000,
        "sellingAndMarketingExpenses": 0,
        "sellingGeneralAndAdministrativeExpenses": 14794000,
        "otherExpenses": 0,
        "operatingExpenses": 21005000,
        "costAndExpenses": 51637000,
        "interestIncome": 0,
        "interestExpense": 0,
        "depreciationAndAmortization": 1570000,
        "ebitda": 14099000,
        "ebitdaratio": 0.2187417578,
        "operatingIncome": 12818000,
        "operatingIncomeRatio": 0.1988674269,
        "totalOtherIncomeExpensesNet": -289000,
        "incomeBeforeTax": 12529000,
        "incomeBeforeTaxRatio": 0.1943836785,
        "incomeTaxExpense": 1879000,
        "netIncome": 10650000,
        "netIncomeRatio": 0.1652315569,
        "eps": 0.0788,
        "epsdiluted": 0.075,
        "weightedAverageShsOut": 135238095,
        "weightedAverageShsOutDil": 142000000,
        "link": "https://www.sec.gov/Archives/edgar/data/354908/000103221002001539/0001032210-02-001539-index.html",
        "finalLink": "https://www.sec.gov/Archives/edgar/data/354908/000103221002001539/d10q.htm"
    },
    {
        "date": "2002-06-30",
        "symbol": "FLIR",
        "reportedCurrency": "USD",
        "cik": "0000354908",
        "fillingDate": "2002-08-06",
        "acceptedDate": "2002-08-06 13:01:23",
        "calendarYear": "2002",
        "period": "Q2",
        "revenue": 63595000,
        "costOfRevenue": 30777000,
        "grossProfit": 32818000,
        "grossProfitRatio": 0.516046859,
        "researchAndDevelopmentExpenses": 6460000,
        "generalAndAdministrativeExpenses": 14762000,
        "sellingAndMarketingExpenses": 0,
        "sellingGeneralAndAdministrativeExpenses": 14762000,
        "otherExpenses": 0,
        "operatingExpenses": 21222000,
        "costAndExpenses": 51999000,
        "interestIncome": 0,
        "interestExpense": 825000,
        "depreciationAndAmortization": 1469000,
        "ebitda": 13538000,
        "ebitdaratio": 0.2128783709,
        "operatingIncome": 11596000,
        "operatingIncomeRatio": 0.182341379,
        "totalOtherIncomeExpensesNet": -352000,
        "incomeBeforeTax": 11244000,
        "incomeBeforeTaxRatio": 0.1768063527,
        "incomeTaxExpense": 1687000,
        "netIncome": 9557000,
        "netIncomeRatio": 0.15027911,
        "eps": 0.0713,
        "epsdiluted": 0.0675,
        "weightedAverageShsOut": 134133333,
        "weightedAverageShsOutDil": 141585185,
        "link": "https://www.sec.gov/Archives/edgar/data/354908/000103221002001154/0001032210-02-001154-index.html",
        "finalLink": "https://www.sec.gov/Archives/edgar/data/354908/000103221002001154/d10q.htm"
    },
    {
        "date": "2002-03-31",
        "symbol": "FLIR",
        "reportedCurrency": "USD",
        "cik": "0000354908",
        "fillingDate": "2002-04-24",
        "acceptedDate": "2002-04-24 00:00:00",
        "calendarYear": "2002",
        "period": "Q1",
        "revenue": 58098000,
        "costOfRevenue": 26799000,
        "grossProfit": 31299000,
        "grossProfitRatio": 0.538727667,
        "researchAndDevelopmentExpenses": 7089000,
        "generalAndAdministrativeExpenses": 13819000,
        "sellingAndMarketingExpenses": 0,
        "sellingGeneralAndAdministrativeExpenses": 13819000,
        "otherExpenses": 0,
        "operatingExpenses": 20908000,
        "costAndExpenses": 47707000,
        "interestIncome": 0,
        "interestExpense": 0,
        "depreciationAndAmortization": 1524000,
        "ebitda": 11721000,
        "ebitdaratio": 0.2017453269,
        "operatingIncome": 10391000,
        "operatingIncomeRatio": 0.1788529726,
        "totalOtherIncomeExpensesNet": -194000,
        "incomeBeforeTax": 10197000,
        "incomeBeforeTaxRatio": 0.175513787,
        "incomeTaxExpense": 1529000,
        "netIncome": 8668000,
        "netIncomeRatio": 0.1491961858,
        "eps": 0.065,
        "epsdiluted": 0.0613,
        "weightedAverageShsOut": 133353846,
        "weightedAverageShsOutDil": 141518367,
        "link": "https://www.sec.gov/Archives/edgar/data/354908/000103221002000683/0001032210-02-000683-index.html",
        "finalLink": "https://www.sec.gov/Archives/edgar/data/354908/000103221002000683/d10q.htm"
    },
    {
        "date": "2001-12-31",
        "symbol": "FLIR",
        "reportedCurrency": "USD",
        "cik": "0000354908",
        "fillingDate": "2001-12-31",
        "acceptedDate": "2001-12-30 19:00:00",
        "calendarYear": "2001",
        "period": "Q4",
        "revenue": 65007000,
        "costOfRevenue": 30123000,
        "grossProfit": 34884000,
        "grossProfitRatio": 0.5366191333,
        "researchAndDevelopmentExpenses": 8442000,
        "generalAndAdministrativeExpenses": 14428000,
        "sellingAndMarketingExpenses": 0,
        "sellingGeneralAndAdministrativeExpenses": 14428000,
        "otherExpenses": 0,
        "operatingExpenses": 22870000,
        "costAndExpenses": 52993000,
        "interestIncome": 0,
        "interestExpense": 0,
        "depreciationAndAmortization": 1712000,
        "ebitda": 13043000,
        "ebitdaratio": 0.2006399311,
        "operatingIncome": 12014000,
        "operatingIncomeRatio": 0.1848108665,
        "totalOtherIncomeExpensesNet": -683000,
        "incomeBeforeTax": 11331000,
        "incomeBeforeTaxRatio": 0.1743043057,
        "incomeTaxExpense": 1068000,
        "netIncome": 10263000,
        "netIncomeRatio": 0.1578753057,
        "eps": 0.077,
        "epsdiluted": 0.077,
        "weightedAverageShsOut": 133353846,
        "weightedAverageShsOutDil": 133353846,
        "link": "",
        "finalLink": ""
    },
    {
        "date": "2001-09-30",
        "symbol": "FLIR",
        "reportedCurrency": "USD",
        "cik": "0000354908",
        "fillingDate": "2001-11-09",
        "acceptedDate": "2001-11-09 00:00:00",
        "calendarYear": "2001",
        "period": "Q3",
        "revenue": 47499000,
        "costOfRevenue": 21537000,
        "grossProfit": 25962000,
        "grossProfitRatio": 0.546579928,
        "researchAndDevelopmentExpenses": 6053000,
        "generalAndAdministrativeExpenses": 11005000,
        "sellingAndMarketingExpenses": 0,
        "sellingGeneralAndAdministrativeExpenses": 11005000,
        "otherExpenses": 0,
        "operatingExpenses": 17058000,
        "costAndExpenses": 38595000,
        "interestIncome": 0,
        "interestExpense": 0,
        "depreciationAndAmortization": 1846000,
        "ebitda": 8084000,
        "ebitdaratio": 0.1701930567,
        "operatingIncome": 8904000,
        "operatingIncomeRatio": 0.187456578,
        "totalOtherIncomeExpensesNet": -2666000,
        "incomeBeforeTax": 6238000,
        "incomeBeforeTaxRatio": 0.1313290806,
        "incomeTaxExpense": 65000,
        "netIncome": 6173000,
        "netIncomeRatio": 0.1299606308,
        "eps": 0.0513,
        "epsdiluted": 0.0475,
        "weightedAverageShsOut": 120448780,
        "weightedAverageShsOutDil": 129957895,
        "link": "https://www.sec.gov/Archives/edgar/data/354908/000103221001501311/0001032210-01-501311-index.html",
        "finalLink": "https://www.sec.gov/Archives/edgar/data/354908/000103221001501311/d10q.txt"
    },
    {
        "date": "2001-06-30",
        "symbol": "FLIR",
        "reportedCurrency": "USD",
        "cik": "0000354908",
        "fillingDate": "2001-08-13",
        "acceptedDate": "2001-08-13 00:00:00",
        "calendarYear": "2001",
        "period": "Q2",
        "revenue": 51395000,
        "costOfRevenue": 22700000,
        "grossProfit": 28695000,
        "grossProfitRatio": 0.558322794,
        "researchAndDevelopmentExpenses": 6635000,
        "generalAndAdministrativeExpenses": 13490000,
        "sellingAndMarketingExpenses": 0,
        "sellingGeneralAndAdministrativeExpenses": 13490000,
        "otherExpenses": 0,
        "operatingExpenses": 20125000,
        "costAndExpenses": 42825000,
        "interestIncome": 0,
        "interestExpense": 0,
        "depreciationAndAmortization": 1832000,
        "ebitda": 8448000,
        "ebitdaratio": 0.1643739663,
        "operatingIncome": 8570000,
        "operatingIncomeRatio": 0.1667477381,
        "totalOtherIncomeExpensesNet": -1954000,
        "incomeBeforeTax": 6616000,
        "incomeBeforeTaxRatio": 0.1287284755,
        "incomeTaxExpense": 992000,
        "netIncome": 5624000,
        "netIncomeRatio": 0.1094269871,
        "eps": 0.0475,
        "epsdiluted": 0.045,
        "weightedAverageShsOut": 118400000,
        "weightedAverageShsOutDil": 124977778,
        "link": "https://www.sec.gov/Archives/edgar/data/354908/000101287001501554/0001012870-01-501554-index.html",
        "finalLink": "https://www.sec.gov/Archives/edgar/data/354908/000101287001501554/d10q.txt"
    },
    {
        "date": "2001-03-31",
        "symbol": "FLIR",
        "reportedCurrency": "USD",
        "cik": "0000354908",
        "fillingDate": "2001-04-02",
        "acceptedDate": "2001-04-02 00:00:00",
        "calendarYear": "2001",
        "period": "Q1",
        "revenue": 50472000,
        "costOfRevenue": 23181000,
        "grossProfit": 27291000,
        "grossProfitRatio": 0.5407156443,
        "researchAndDevelopmentExpenses": 6105000,
        "generalAndAdministrativeExpenses": 13362000,
        "sellingAndMarketingExpenses": 0,
        "sellingGeneralAndAdministrativeExpenses": 13362000,
        "otherExpenses": 0,
        "operatingExpenses": 19467000,
        "costAndExpenses": 42648000,
        "interestIncome": 0,
        "interestExpense": 0,
        "depreciationAndAmortization": 2110000,
        "ebitda": 6668000,
        "ebitdaratio": 0.1321128547,
        "operatingIncome": 7824000,
        "operatingIncomeRatio": 0.1550166429,
        "totalOtherIncomeExpensesNet": -3266000,
        "incomeBeforeTax": 4558000,
        "incomeBeforeTaxRatio": 0.0903074972,
        "incomeTaxExpense": 684000,
        "netIncome": 3874000,
        "netIncomeRatio": 0.0767554288,
        "eps": 0.0338,
        "epsdiluted": 0.0338,
        "weightedAverageShsOut": 114785185,
        "weightedAverageShsOutDil": 114785185,
        "link": "https://www.sec.gov/Archives/edgar/data/354908/000103221001500180/0001032210-01-500180-index.html",
        "finalLink": "https://www.sec.gov/Archives/edgar/data/354908/000103221001500180/d10k.txt"
    },
    {
        "date": "2000-12-31",
        "symbol": "FLIR",
        "reportedCurrency": "USD",
        "cik": "0000354908",
        "fillingDate": "2001-04-02",
        "acceptedDate": "2001-04-02 00:00:00",
        "calendarYear": "2000",
        "period": "Q4",
        "revenue": 59099000,
        "costOfRevenue": 30577000,
        "grossProfit": 28522000,
        "grossProfitRatio": 0.482613919,
        "researchAndDevelopmentExpenses": 5251000,
        "generalAndAdministrativeExpenses": 9156000,
        "sellingAndMarketingExpenses": 1668000,
        "sellingGeneralAndAdministrativeExpenses": 10824000,
        "otherExpenses": 0,
        "operatingExpenses": 16075000,
        "costAndExpenses": 46652000,
        "interestIncome": 0,
        "interestExpense": 4403000,
        "depreciationAndAmortization": 1668000,
        "ebitda": 14375000,
        "ebitdaratio": 0.2432359262,
        "operatingIncome": 12447000,
        "operatingIncomeRatio": 0.2106127007,
        "totalOtherIncomeExpensesNet": -4143000,
        "incomeBeforeTax": 8304000,
        "incomeBeforeTaxRatio": 0.1405099917,
        "incomeTaxExpense": 2992000,
        "netIncome": 5312000,
        "netIncomeRatio": 0.0898830775,
        "eps": 0.0463,
        "epsdiluted": 0.0463,
        "weightedAverageShsOut": 114785185,
        "weightedAverageShsOutDil": 114785185,
        "link": "https://www.sec.gov/Archives/edgar/data/354908/000103221001500180/0001032210-01-500180-index.html",
        "finalLink": "https://www.sec.gov/Archives/edgar/data/354908/000103221001500180/d10k.txt"
    },
    {
        "date": "2000-09-30",
        "symbol": "FLIR",
        "reportedCurrency": "USD",
        "cik": "0000354908",
        "fillingDate": "2000-11-14",
        "acceptedDate": "2000-11-14 00:00:00",
        "calendarYear": "2000",
        "period": "Q3",
        "revenue": 38539000,
        "costOfRevenue": 24793000,
        "grossProfit": 13746000,
        "grossProfitRatio": 0.3566776512,
        "researchAndDevelopmentExpenses": 6816000,
        "generalAndAdministrativeExpenses": 17792000,
        "sellingAndMarketingExpenses": 2634000,
        "sellingGeneralAndAdministrativeExpenses": 20426000,
        "otherExpenses": 0,
        "operatingExpenses": 27242000,
        "costAndExpenses": 52035000,
        "interestIncome": 0,
        "interestExpense": 0,
        "depreciationAndAmortization": 2634000,
        "ebitda": -13392000,
        "ebitdaratio": -0.3474921508,
        "operatingIncome": -13496000,
        "operatingIncomeRatio": -0.3501907159,
        "totalOtherIncomeExpensesNet": -2530000,
        "incomeBeforeTax": -16026000,
        "incomeBeforeTaxRatio": -0.4158385013,
        "incomeTaxExpense": 2569000,
        "netIncome": -18595000,
        "netIncomeRatio": -0.4824982485,
        "eps": -0.16,
        "epsdiluted": -0.16,
        "weightedAverageShsOut": 116218750,
        "weightedAverageShsOutDil": 116218750,
        "link": "https://www.sec.gov/Archives/edgar/data/354908/000103221000500033/0001032210-00-500033-index.html",
        "finalLink": "https://www.sec.gov/Archives/edgar/data/354908/000103221000500033/0001032210-00-500033-0001.txt"
    },
    {
        "date": "2000-06-30",
        "symbol": "FLIR",
        "reportedCurrency": "USD",
        "cik": "0000354908",
        "fillingDate": "2000-07-03",
        "acceptedDate": "2000-07-03 00:00:00",
        "calendarYear": "2000",
        "period": "Q2",
        "revenue": 52891000,
        "costOfRevenue": 26141000,
        "grossProfit": 26750000,
        "grossProfitRatio": 0.5057571231,
        "researchAndDevelopmentExpenses": 9514000,
        "generalAndAdministrativeExpenses": 18906000,
        "sellingAndMarketingExpenses": 2773000,
        "sellingGeneralAndAdministrativeExpenses": 21679000,
        "otherExpenses": 0,
        "operatingExpenses": 31193000,
        "costAndExpenses": 57334000,
        "interestIncome": 0,
        "interestExpense": 0,
        "depreciationAndAmortization": 2773000,
        "ebitda": -4490000,
        "ebitdaratio": -0.0848915695,
        "operatingIncome": -4443000,
        "operatingIncomeRatio": -0.0840029495,
        "totalOtherIncomeExpensesNet": -67000,
        "incomeBeforeTax": -4510000,
        "incomeBeforeTaxRatio": -0.0852697056,
        "incomeTaxExpense": -67000,
        "netIncome": -7263000,
        "netIncomeRatio": -0.137320149,
        "eps": -0.0625,
        "epsdiluted": -0.0625,
        "weightedAverageShsOut": 116208000,
        "weightedAverageShsOutDil": 116208000,
        "link": "https://www.sec.gov/Archives/edgar/data/354908/000103221000001319/0001032210-00-001319-index.html",
        "finalLink": "https://www.sec.gov/Archives/edgar/data/354908/000103221000001319/0001032210-00-001319-0001.txt"
    },
    {
        "date": "2000-03-31",
        "symbol": "FLIR",
        "reportedCurrency": "USD",
        "cik": "0000354908",
        "fillingDate": "2000-04-14",
        "acceptedDate": "2000-04-14 00:00:00",
        "calendarYear": "2000",
        "period": "Q1",
        "revenue": 35828000,
        "costOfRevenue": 13534000,
        "grossProfit": 22294000,
        "grossProfitRatio": 0.6222507536,
        "researchAndDevelopmentExpenses": 6921000,
        "generalAndAdministrativeExpenses": 16845000,
        "sellingAndMarketingExpenses": 2644000,
        "sellingGeneralAndAdministrativeExpenses": 19489000,
        "otherExpenses": 0,
        "operatingExpenses": 26410000,
        "costAndExpenses": 39944000,
        "interestIncome": 0,
        "interestExpense": 0,
        "depreciationAndAmortization": 2644000,
        "ebitda": -4699000,
        "ebitdaratio": -0.1311544044,
        "operatingIncome": -4116000,
        "operatingIncomeRatio": -0.114882215,
        "totalOtherIncomeExpensesNet": -3227000,
        "incomeBeforeTax": -7343000,
        "incomeBeforeTaxRatio": -0.2049514346,
        "incomeTaxExpense": -1836000,
        "netIncome": -5507000,
        "netIncomeRatio": -0.1537065982,
        "eps": -0.0475,
        "epsdiluted": -0.0475,
        "weightedAverageShsOut": 115936842,
        "weightedAverageShsOutDil": 115936842,
        "link": "https://www.sec.gov/Archives/edgar/data/354908/000103221000000737/0001032210-00-000737-index.html",
        "finalLink": "https://www.sec.gov/Archives/edgar/data/354908/0001032210-00-000737.txt"
    },
    {
        "date": "1999-12-31",
        "symbol": "FLIR",
        "reportedCurrency": "USD",
        "cik": "0000354908",
        "fillingDate": "1999-12-31",
        "acceptedDate": "1999-12-30 19:00:00",
        "calendarYear": "1999",
        "period": "Q4",
        "revenue": 55148000,
        "costOfRevenue": 49670000,
        "grossProfit": 5478000,
        "grossProfitRatio": 0.0993327047,
        "researchAndDevelopmentExpenses": 8806000,
        "generalAndAdministrativeExpenses": 29546000,
        "sellingAndMarketingExpenses": 2996000,
        "sellingGeneralAndAdministrativeExpenses": 32542000,
        "otherExpenses": 0,
        "operatingExpenses": 41348000,
        "costAndExpenses": 91018000,
        "interestIncome": 0,
        "interestExpense": 0,
        "depreciationAndAmortization": 2996000,
        "ebitda": -38046000,
        "ebitdaratio": -0.6898890259,
        "operatingIncome": -35870000,
        "operatingIncomeRatio": -0.650431566,
        "totalOtherIncomeExpensesNet": -5172000,
        "incomeBeforeTax": -41042000,
        "incomeBeforeTaxRatio": -0.7442155654,
        "incomeTaxExpense": 5895000,
        "netIncome": -46937000,
        "netIncomeRatio": -0.8511097411,
        "eps": -0.4,
        "epsdiluted": -0.4,
        "weightedAverageShsOut": 115936842,
        "weightedAverageShsOutDil": 115936842,
        "link": "",
        "finalLink": ""
    },
    {
        "date": "1999-09-30",
        "symbol": "FLIR",
        "reportedCurrency": "USD",
        "cik": "0000354908",
        "fillingDate": "1999-11-15",
        "acceptedDate": "1999-11-15 00:00:00",
        "calendarYear": "1999",
        "period": "Q3",
        "revenue": 54700000,
        "costOfRevenue": 18700000,
        "grossProfit": 36000000,
        "grossProfitRatio": 0.6581352834,
        "researchAndDevelopmentExpenses": 6400000,
        "generalAndAdministrativeExpenses": 13200000,
        "sellingAndMarketingExpenses": 2300000,
        "sellingGeneralAndAdministrativeExpenses": 15500000,
        "otherExpenses": 0,
        "operatingExpenses": 21900000,
        "costAndExpenses": 40600000,
        "interestIncome": 0,
        "interestExpense": 0,
        "depreciationAndAmortization": 2300000,
        "ebitda": 14800000,
        "ebitdaratio": 0.2705667276,
        "operatingIncome": 14100000,
        "operatingIncomeRatio": 0.2577696527,
        "totalOtherIncomeExpensesNet": -1600000,
        "incomeBeforeTax": 12500000,
        "incomeBeforeTaxRatio": 0.2285191956,
        "incomeTaxExpense": 4000000,
        "netIncome": 8500000,
        "netIncomeRatio": 0.155393053,
        "eps": 0.075,
        "epsdiluted": 0.0738,
        "weightedAverageShsOut": 113333333,
        "weightedAverageShsOutDil": 115254237,
        "link": "https://www.sec.gov/Archives/edgar/data/354908/000103221099001626/0001032210-99-001626-index.html",
        "finalLink": "https://www.sec.gov/Archives/edgar/data/354908/0001032210-99-001626.txt"
    },
    {
        "date": "1999-06-30",
        "symbol": "FLIR",
        "reportedCurrency": "USD",
        "cik": "0000354908",
        "fillingDate": "1999-08-16",
        "acceptedDate": "1999-08-16 00:00:00",
        "calendarYear": "1999",
        "period": "Q2",
        "revenue": 42200000,
        "costOfRevenue": 13900000,
        "grossProfit": 28300000,
        "grossProfitRatio": 0.6706161137,
        "researchAndDevelopmentExpenses": 6800000,
        "generalAndAdministrativeExpenses": 13400000,
        "sellingAndMarketingExpenses": 2800000,
        "sellingGeneralAndAdministrativeExpenses": 16200000,
        "otherExpenses": 0,
        "operatingExpenses": 23000000,
        "costAndExpenses": 36900000,
        "interestIncome": 0,
        "interestExpense": 0,
        "depreciationAndAmortization": 2700000,
        "ebitda": 6800000,
        "ebitdaratio": 0.1611374408,
        "operatingIncome": 5300000,
        "operatingIncomeRatio": 0.1255924171,
        "totalOtherIncomeExpensesNet": -1200000,
        "incomeBeforeTax": 4100000,
        "incomeBeforeTaxRatio": 0.0971563981,
        "incomeTaxExpense": 1300000,
        "netIncome": 2800000,
        "netIncomeRatio": 0.0663507109,
        "eps": 0.025,
        "epsdiluted": 0.025,
        "weightedAverageShsOut": 112000000,
        "weightedAverageShsOutDil": 112000000,
        "link": "https://www.sec.gov/Archives/edgar/data/354908/000103221099001233/0001032210-99-001233-index.html",
        "finalLink": "https://www.sec.gov/Archives/edgar/data/354908/0001032210-99-001233.txt"
    },
    {
        "date": "1999-03-31",
        "symbol": "FLIR",
        "reportedCurrency": "USD",
        "cik": "0000354908",
        "fillingDate": "1999-05-14",
        "acceptedDate": "1999-05-14 00:00:00",
        "calendarYear": "1999",
        "period": "Q1",
        "revenue": 34400000,
        "costOfRevenue": 31500000,
        "grossProfit": 2900000,
        "grossProfitRatio": 0.0843023256,
        "researchAndDevelopmentExpenses": 7000000,
        "generalAndAdministrativeExpenses": 14900000,
        "sellingAndMarketingExpenses": 1900000,
        "sellingGeneralAndAdministrativeExpenses": 16800000,
        "otherExpenses": 0,
        "operatingExpenses": 23800000,
        "costAndExpenses": 55300000,
        "interestIncome": 0,
        "interestExpense": 0,
        "depreciationAndAmortization": 1900000,
        "ebitda": -26200000,
        "ebitdaratio": -0.761627907,
        "operatingIncome": -20900000,
        "operatingIncomeRatio": -0.6075581395,
        "totalOtherIncomeExpensesNet": -7200000,
        "incomeBeforeTax": -28100000,
        "incomeBeforeTaxRatio": -0.8168604651,
        "incomeTaxExpense": -9000000,
        "netIncome": -19100000,
        "netIncomeRatio": -0.5552325581,
        "eps": -0.17,
        "epsdiluted": -0.17,
        "weightedAverageShsOut": 113185185,
        "weightedAverageShsOutDil": 113185185,
        "link": "https://www.sec.gov/Archives/edgar/data/354908/000103221099000786/0001032210-99-000786-index.html",
        "finalLink": "https://www.sec.gov/Archives/edgar/data/354908/0001032210-99-000786.txt"
    },
    {
        "date": "1998-12-31",
        "symbol": "FLIR",
        "reportedCurrency": "USD",
        "cik": "0000354908",
        "fillingDate": "1998-12-31",
        "acceptedDate": "1998-12-30 19:00:00",
        "calendarYear": "1998",
        "period": "Q4",
        "revenue": 49900000,
        "costOfRevenue": 17000000,
        "grossProfit": 32900000,
        "grossProfitRatio": 0.6593186373,
        "researchAndDevelopmentExpenses": 6000000,
        "generalAndAdministrativeExpenses": 12800000,
        "sellingAndMarketingExpenses": 2500000,
        "sellingGeneralAndAdministrativeExpenses": 15300000,
        "otherExpenses": 0,
        "operatingExpenses": 21300000,
        "costAndExpenses": 38300000,
        "interestIncome": 0,
        "interestExpense": 0,
        "depreciationAndAmortization": 2500000,
        "ebitda": 13200000,
        "ebitdaratio": 0.2645290581,
        "operatingIncome": 11600000,
        "operatingIncomeRatio": 0.2324649299,
        "totalOtherIncomeExpensesNet": -900000,
        "incomeBeforeTax": 10700000,
        "incomeBeforeTaxRatio": 0.2144288577,
        "incomeTaxExpense": 2700000,
        "netIncome": 8000000,
        "netIncomeRatio": 0.1603206413,
        "eps": 0.0707,
        "epsdiluted": 0.0707,
        "weightedAverageShsOut": 113185185,
        "weightedAverageShsOutDil": 113185185,
        "link": "",
        "finalLink": ""
    },
    {
        "date": "1998-09-30",
        "symbol": "FLIR",
        "reportedCurrency": "USD",
        "cik": "0000354908",
        "fillingDate": "1998-11-16",
        "acceptedDate": "1998-11-16 00:00:00",
        "calendarYear": "1998",
        "period": "Q3",
        "revenue": 41300000,
        "costOfRevenue": 17100000,
        "grossProfit": 24200000,
        "grossProfitRatio": 0.5859564165,
        "researchAndDevelopmentExpenses": 5300000,
        "generalAndAdministrativeExpenses": 9600000,
        "sellingAndMarketingExpenses": 1700000,
        "sellingGeneralAndAdministrativeExpenses": 11300000,
        "otherExpenses": 0,
        "operatingExpenses": 16600000,
        "costAndExpenses": 33700000,
        "interestIncome": 0,
        "interestExpense": 400000,
        "depreciationAndAmortization": 1700000,
        "ebitda": 9200000,
        "ebitdaratio": 0.2227602906,
        "operatingIncome": 7600000,
        "operatingIncomeRatio": 0.1840193705,
        "totalOtherIncomeExpensesNet": -500000,
        "incomeBeforeTax": 7100000,
        "incomeBeforeTaxRatio": 0.1719128329,
        "incomeTaxExpense": 1900000,
        "netIncome": 5200000,
        "netIncomeRatio": 0.1259079903,
        "eps": 0.055,
        "epsdiluted": 0.055,
        "weightedAverageShsOut": 94545455,
        "weightedAverageShsOutDil": 94545455,
        "link": "https://www.sec.gov/Archives/edgar/data/354908/000103221098001246/0001032210-98-001246-index.html",
        "finalLink": "https://www.sec.gov/Archives/edgar/data/354908/0001032210-98-001246.txt"
    },
    {
        "date": "1998-06-30",
        "symbol": "FLIR",
        "reportedCurrency": "USD",
        "cik": "0000354908",
        "fillingDate": "1998-08-12",
        "acceptedDate": "1998-08-12 00:00:00",
        "calendarYear": "1998",
        "period": "Q2",
        "revenue": 35100000,
        "costOfRevenue": 12800000,
        "grossProfit": 22300000,
        "grossProfitRatio": 0.6353276353,
        "researchAndDevelopmentExpenses": 5600000,
        "generalAndAdministrativeExpenses": 10500000,
        "sellingAndMarketingExpenses": 1500000,
        "sellingGeneralAndAdministrativeExpenses": 12000000,
        "otherExpenses": 0,
        "operatingExpenses": 17600000,
        "costAndExpenses": 30400000,
        "interestIncome": 0,
        "interestExpense": 0,
        "depreciationAndAmortization": 1500000,
        "ebitda": 5400000,
        "ebitdaratio": 0.1538461538,
        "operatingIncome": 4700000,
        "operatingIncomeRatio": 0.1339031339,
        "totalOtherIncomeExpensesNet": -800000,
        "incomeBeforeTax": 3900000,
        "incomeBeforeTaxRatio": 0.1111111111,
        "incomeTaxExpense": 1100000,
        "netIncome": 2800000,
        "netIncomeRatio": 0.0797720798,
        "eps": 0.035,
        "epsdiluted": 0.0337,
        "weightedAverageShsOut": 80000000,
        "weightedAverageShsOutDil": 82962963,
        "link": "https://www.sec.gov/Archives/edgar/data/354908/000103221098000875/0001032210-98-000875-index.html",
        "finalLink": "https://www.sec.gov/Archives/edgar/data/354908/0001032210-98-000875.txt"
    },
    {
        "date": "1998-03-31",
        "symbol": "FLIR",
        "reportedCurrency": "USD",
        "cik": "0000354908",
        "fillingDate": "1998-05-15",
        "acceptedDate": "1998-05-15 00:00:00",
        "calendarYear": "1998",
        "period": "Q1",
        "revenue": 27700000,
        "costOfRevenue": 10700000,
        "grossProfit": 17000000,
        "grossProfitRatio": 0.6137184116,
        "researchAndDevelopmentExpenses": 5300000,
        "generalAndAdministrativeExpenses": 8800000,
        "sellingAndMarketingExpenses": 1800000,
        "sellingGeneralAndAdministrativeExpenses": 10600000,
        "otherExpenses": 0,
        "operatingExpenses": 15900000,
        "costAndExpenses": 26600000,
        "interestIncome": 0,
        "interestExpense": 0,
        "depreciationAndAmortization": 1800000,
        "ebitda": 2200000,
        "ebitdaratio": 0.0794223827,
        "operatingIncome": 1100000,
        "operatingIncomeRatio": 0.0397111913,
        "totalOtherIncomeExpensesNet": -700000,
        "incomeBeforeTax": 400000,
        "incomeBeforeTaxRatio": 0.0144404332,
        "incomeTaxExpense": 100000,
        "netIncome": 300000,
        "netIncomeRatio": 0.0108303249,
        "eps": 0.0038,
        "epsdiluted": 0.0038,
        "weightedAverageShsOut": 80000000,
        "weightedAverageShsOutDil": 80000000,
        "link": "https://www.sec.gov/Archives/edgar/data/354908/000103221098000516/0001032210-98-000516-index.html",
        "finalLink": "https://www.sec.gov/Archives/edgar/data/354908/0001032210-98-000516.txt"
    },
    {
        "date": "1997-12-31",
        "symbol": "FLIR",
        "reportedCurrency": "USD",
        "cik": "0000354908",
        "fillingDate": "1998-03-31",
        "acceptedDate": "1998-03-31 00:00:00",
        "calendarYear": "1997",
        "period": "Q4",
        "revenue": 32100000,
        "costOfRevenue": 29800000,
        "grossProfit": 2300000,
        "grossProfitRatio": 0.0716510903,
        "researchAndDevelopmentExpenses": 3300000,
        "generalAndAdministrativeExpenses": 9700000,
        "sellingAndMarketingExpenses": 1000000,
        "sellingGeneralAndAdministrativeExpenses": 10700000,
        "otherExpenses": 0,
        "operatingExpenses": 14000000,
        "costAndExpenses": 43800000,
        "interestIncome": 0,
        "interestExpense": 0,
        "depreciationAndAmortization": 1000000,
        "ebitda": -47800000,
        "ebitdaratio": -1.4890965732,
        "operatingIncome": -11700000,
        "operatingIncomeRatio": -0.3644859813,
        "totalOtherIncomeExpensesNet": -37100000,
        "incomeBeforeTax": -48800000,
        "incomeBeforeTaxRatio": -1.5202492212,
        "incomeTaxExpense": -14200000,
        "netIncome": -34600000,
        "netIncomeRatio": -1.0778816199,
        "eps": -0.43,
        "epsdiluted": -0.43,
        "weightedAverageShsOut": 80000000,
        "weightedAverageShsOutDil": 80000000,
        "link": "https://www.sec.gov/Archives/edgar/data/354908/000103221098000303/0001032210-98-000303-index.html",
        "finalLink": "https://www.sec.gov/Archives/edgar/data/354908/0001032210-98-000303.txt"
    },
    {
        "date": "1997-09-30",
        "symbol": "FLIR",
        "reportedCurrency": "USD",
        "cik": "0000354908",
        "fillingDate": "1997-11-14",
        "acceptedDate": "1997-11-14 00:00:00",
        "calendarYear": "1997",
        "period": "Q3",
        "revenue": 23900000,
        "costOfRevenue": 10200000,
        "grossProfit": 13700000,
        "grossProfitRatio": 0.5732217573,
        "researchAndDevelopmentExpenses": 3200000,
        "generalAndAdministrativeExpenses": 5900000,
        "sellingAndMarketingExpenses": 900000,
        "sellingGeneralAndAdministrativeExpenses": 6800000,
        "otherExpenses": 0,
        "operatingExpenses": 10000000,
        "costAndExpenses": 20200000,
        "interestIncome": 0,
        "interestExpense": 0,
        "depreciationAndAmortization": 900000,
        "ebitda": 4000000,
        "ebitdaratio": 0.1673640167,
        "operatingIncome": 3700000,
        "operatingIncomeRatio": 0.1548117155,
        "totalOtherIncomeExpensesNet": -600000,
        "incomeBeforeTax": 3100000,
        "incomeBeforeTaxRatio": 0.129707113,
        "incomeTaxExpense": 700000,
        "netIncome": 2400000,
        "netIncomeRatio": 0.10041841,
        "eps": 0.055,
        "epsdiluted": 0.0513,
        "weightedAverageShsOut": 43636364,
        "weightedAverageShsOutDil": 46829268,
        "link": "https://www.sec.gov/Archives/edgar/data/354908/000103221097000239/0001032210-97-000239-index.html",
        "finalLink": "https://www.sec.gov/Archives/edgar/data/354908/0001032210-97-000239.txt"
    },
    {
        "date": "1997-06-30",
        "symbol": "FLIR",
        "reportedCurrency": "USD",
        "cik": "0000354908",
        "fillingDate": "1997-08-14",
        "acceptedDate": "1997-08-14 00:00:00",
        "calendarYear": "1997",
        "period": "Q2",
        "revenue": 19900000,
        "costOfRevenue": 8200000,
        "grossProfit": 11700000,
        "grossProfitRatio": 0.5879396985,
        "researchAndDevelopmentExpenses": 2600000,
        "generalAndAdministrativeExpenses": 5900000,
        "sellingAndMarketingExpenses": 800000,
        "sellingGeneralAndAdministrativeExpenses": 6700000,
        "otherExpenses": 0,
        "operatingExpenses": 9300000,
        "costAndExpenses": 17500000,
        "interestIncome": 0,
        "interestExpense": 0,
        "depreciationAndAmortization": 800000,
        "ebitda": 2800000,
        "ebitdaratio": 0.1407035176,
        "operatingIncome": 2400000,
        "operatingIncomeRatio": 0.1206030151,
        "totalOtherIncomeExpensesNet": -400000,
        "incomeBeforeTax": 2000000,
        "incomeBeforeTaxRatio": 0.1005025126,
        "incomeTaxExpense": 500000,
        "netIncome": 1500000,
        "netIncomeRatio": 0.0753768844,
        "eps": 0.0325,
        "epsdiluted": 0.0313,
        "weightedAverageShsOut": 46153846,
        "weightedAverageShsOutDil": 48000000,
        "link": "https://www.sec.gov/Archives/edgar/data/354908/000103221097000066/0001032210-97-000066-index.html",
        "finalLink": "https://www.sec.gov/Archives/edgar/data/354908/0001032210-97-000066.txt"
    },
    {
        "date": "1997-03-31",
        "symbol": "FLIR",
        "reportedCurrency": "USD",
        "cik": "0000354908",
        "fillingDate": "1997-05-15",
        "acceptedDate": "1997-05-15 00:00:00",
        "calendarYear": "1997",
        "period": "Q1",
        "revenue": 15800000,
        "costOfRevenue": 6800000,
        "grossProfit": 9000000,
        "grossProfitRatio": 0.5696202532,
        "researchAndDevelopmentExpenses": 2800000,
        "generalAndAdministrativeExpenses": 5100000,
        "sellingAndMarketingExpenses": 700000,
        "sellingGeneralAndAdministrativeExpenses": 5800000,
        "otherExpenses": 0,
        "operatingExpenses": 8600000,
        "costAndExpenses": 15400000,
        "interestIncome": 0,
        "interestExpense": 0,
        "depreciationAndAmortization": 700000,
        "ebitda": 800000,
        "ebitdaratio": 0.0506329114,
        "operatingIncome": 400000,
        "operatingIncomeRatio": 0.0253164557,
        "totalOtherIncomeExpensesNet": 0,
        "incomeBeforeTax": 0,
        "incomeBeforeTaxRatio": 0,
        "incomeTaxExpense": 0,
        "netIncome": 100000,
        "netIncomeRatio": 0.0063291139,
        "eps": 0.0025,
        "epsdiluted": 0.0025,
        "weightedAverageShsOut": 40000000,
        "weightedAverageShsOutDil": 40000000,
        "link": "https://www.sec.gov/Archives/edgar/data/354908/000089843097002157/0000898430-97-002157-index.html",
        "finalLink": "https://www.sec.gov/Archives/edgar/data/354908/0000898430-97-002157.txt"
    },
    {
        "date": "1996-12-31",
        "symbol": "FLIR",
        "reportedCurrency": "USD",
        "cik": "0000354908",
        "fillingDate": "1996-12-31",
        "acceptedDate": "1996-12-30 19:00:00",
        "calendarYear": "1996",
        "period": "Q4",
        "revenue": 21700000,
        "costOfRevenue": 8800000,
        "grossProfit": 12900000,
        "grossProfitRatio": 0.5944700461,
        "researchAndDevelopmentExpenses": 2900000,
        "generalAndAdministrativeExpenses": 5500000,
        "sellingAndMarketingExpenses": 800000,
        "sellingGeneralAndAdministrativeExpenses": 6300000,
        "otherExpenses": 0,
        "operatingExpenses": 9200000,
        "costAndExpenses": 18000000,
        "interestIncome": 0,
        "interestExpense": 0,
        "depreciationAndAmortization": 800000,
        "ebitda": 3000000,
        "ebitdaratio": 0.1382488479,
        "operatingIncome": 3700000,
        "operatingIncomeRatio": 0.1705069124,
        "totalOtherIncomeExpensesNet": -1500000,
        "incomeBeforeTax": 2200000,
        "incomeBeforeTaxRatio": 0.1013824885,
        "incomeTaxExpense": 400000,
        "netIncome": 1800000,
        "netIncomeRatio": 0.0829493088,
        "eps": 0.045,
        "epsdiluted": 0.045,
        "weightedAverageShsOut": 40000000,
        "weightedAverageShsOutDil": 40000000,
        "link": "",
        "finalLink": ""
    },
    {
        "date": "1996-09-30",
        "symbol": "FLIR",
        "reportedCurrency": "USD",
        "cik": "0000354908",
        "fillingDate": "1996-11-13",
        "acceptedDate": "1996-11-13 00:00:00",
        "calendarYear": "1996",
        "period": "Q3",
        "revenue": 17900000,
        "costOfRevenue": 7700000,
        "grossProfit": 10200000,
        "grossProfitRatio": 0.5698324022,
        "researchAndDevelopmentExpenses": 2300000,
        "generalAndAdministrativeExpenses": 4400000,
        "sellingAndMarketingExpenses": 600000,
        "sellingGeneralAndAdministrativeExpenses": 5000000,
        "otherExpenses": 0,
        "operatingExpenses": 7300000,
        "costAndExpenses": 15000000,
        "interestIncome": 0,
        "interestExpense": 300000,
        "depreciationAndAmortization": 600000,
        "ebitda": 3600000,
        "ebitdaratio": 0.2011173184,
        "operatingIncome": 2900000,
        "operatingIncomeRatio": 0.1620111732,
        "totalOtherIncomeExpensesNet": -200000,
        "incomeBeforeTax": 2700000,
        "incomeBeforeTaxRatio": 0.1508379888,
        "incomeTaxExpense": 600000,
        "netIncome": 2100000,
        "netIncomeRatio": 0.1173184358,
        "eps": 0.0488,
        "epsdiluted": 0.0475,
        "weightedAverageShsOut": 43076923,
        "weightedAverageShsOutDil": 44210526,
        "link": "https://www.sec.gov/Archives/edgar/data/354908/000089102096001405/0000891020-96-001405-index.html",
        "finalLink": "https://www.sec.gov/Archives/edgar/data/354908/0000891020-96-001405.txt"
    },
    {
        "date": "1996-06-30",
        "symbol": "FLIR",
        "reportedCurrency": "USD",
        "cik": "0000354908",
        "fillingDate": "1996-08-14",
        "acceptedDate": "1996-08-14 00:00:00",
        "calendarYear": "1996",
        "period": "Q2",
        "revenue": 15100000,
        "costOfRevenue": 6900000,
        "grossProfit": 8200000,
        "grossProfitRatio": 0.5430463576,
        "researchAndDevelopmentExpenses": 2200000,
        "generalAndAdministrativeExpenses": 4000000,
        "sellingAndMarketingExpenses": 500000,
        "sellingGeneralAndAdministrativeExpenses": 4500000,
        "otherExpenses": 0,
        "operatingExpenses": 6700000,
        "costAndExpenses": 13600000,
        "interestIncome": 0,
        "interestExpense": 0,
        "depreciationAndAmortization": 500000,
        "ebitda": 1900000,
        "ebitdaratio": 0.1258278146,
        "operatingIncome": 1500000,
        "operatingIncomeRatio": 0.0993377483,
        "totalOtherIncomeExpensesNet": -100000,
        "incomeBeforeTax": 1400000,
        "incomeBeforeTaxRatio": 0.0927152318,
        "incomeTaxExpense": 300000,
        "netIncome": 1100000,
        "netIncomeRatio": 0.0728476821,
        "eps": 0.0262,
        "epsdiluted": 0.025,
        "weightedAverageShsOut": 41904762,
        "weightedAverageShsOutDil": 44000000,
        "link": "https://www.sec.gov/Archives/edgar/data/354908/000089102096000935/0000891020-96-000935-index.html",
        "finalLink": "https://www.sec.gov/Archives/edgar/data/354908/0000891020-96-000935.txt"
    }
]