[
    {
        "date": "2025-04-30",
        "symbol": "FMY",
        "reportedCurrency": "USD",
        "cik": "0001319183",
        "fillingDate": "2025-04-30",
        "acceptedDate": "2025-04-30 00:00:00",
        "calendarYear": "2025",
        "period": "Q2",
        "revenue": 721271,
        "costOfRevenue": 324257,
        "grossProfit": 721271,
        "grossProfitRatio": 1,
        "researchAndDevelopmentExpenses": 0,
        "generalAndAdministrativeExpenses": 184722,
        "sellingAndMarketingExpenses": 0,
        "sellingGeneralAndAdministrativeExpenses": 184722,
        "otherExpenses": 0,
        "operatingExpenses": 184722,
        "costAndExpenses": 184722,
        "interestIncome": 0,
        "interestExpense": 0,
        "depreciationAndAmortization": -536549,
        "ebitda": 0,
        "ebitdaratio": 0,
        "operatingIncome": 536549,
        "operatingIncomeRatio": 0.7438937653,
        "totalOtherIncomeExpensesNet": 591688,
        "incomeBeforeTax": 1128237,
        "incomeBeforeTaxRatio": 1.5642345249,
        "incomeTaxExpense": 0,
        "netIncome": 1128237,
        "netIncomeRatio": 1.5642345249,
        "eps": 0.27,
        "epsdiluted": 0.27,
        "weightedAverageShsOut": 4213125,
        "weightedAverageShsOutDil": 4213115,
        "link": null,
        "finalLink": null
    },
    {
        "date": "2024-10-31",
        "symbol": "FMY",
        "reportedCurrency": "USD",
        "cik": "0001319183",
        "fillingDate": "2024-10-31",
        "acceptedDate": "2024-10-31 00:00:00",
        "calendarYear": "2024",
        "period": "Q4",
        "revenue": 2316213,
        "costOfRevenue": 34448,
        "grossProfit": 2316213,
        "grossProfitRatio": 1,
        "researchAndDevelopmentExpenses": 0,
        "generalAndAdministrativeExpenses": 399485,
        "sellingAndMarketingExpenses": 0,
        "sellingGeneralAndAdministrativeExpenses": 399485,
        "otherExpenses": 0,
        "operatingExpenses": 399485,
        "costAndExpenses": 399485,
        "interestIncome": 0,
        "interestExpense": 0,
        "depreciationAndAmortization": -1916728,
        "ebitda": 0,
        "ebitdaratio": 0,
        "operatingIncome": 1916728,
        "operatingIncomeRatio": 0.8275266567,
        "totalOtherIncomeExpensesNet": 1376329,
        "incomeBeforeTax": 3293057,
        "incomeBeforeTaxRatio": 1.4217418692,
        "incomeTaxExpense": 0,
        "netIncome": 3293057,
        "netIncomeRatio": 1.4217418692,
        "eps": 0.78,
        "epsdiluted": 0.78,
        "weightedAverageShsOut": 4213117,
        "weightedAverageShsOutDil": 4213115,
        "link": null,
        "finalLink": null
    },
    {
        "date": "2024-04-30",
        "symbol": "FMY",
        "reportedCurrency": "USD",
        "cik": "0001319183",
        "fillingDate": "2024-04-30",
        "acceptedDate": "2024-04-30 00:00:00",
        "calendarYear": "2024",
        "period": "Q2",
        "revenue": 2361112,
        "costOfRevenue": 622784,
        "grossProfit": 1738328,
        "grossProfitRatio": 0.7362327581,
        "researchAndDevelopmentExpenses": 0,
        "generalAndAdministrativeExpenses": 355474,
        "sellingAndMarketingExpenses": 0,
        "sellingGeneralAndAdministrativeExpenses": 355474,
        "otherExpenses": -451428,
        "operatingExpenses": -95954,
        "costAndExpenses": 177737,
        "interestIncome": 0,
        "interestExpense": 0,
        "depreciationAndAmortization": -1002818,
        "ebitda": 4727579,
        "ebitdaratio": 2.0022679991,
        "operatingIncome": 2005636,
        "operatingIncomeRatio": 0.8494455155,
        "totalOtherIncomeExpensesNet": 7449522,
        "incomeBeforeTax": 9455158,
        "incomeBeforeTaxRatio": 4.0045359983,
        "incomeTaxExpense": 0,
        "netIncome": 4727580,
        "netIncomeRatio": 2.0022684227,
        "eps": 2.24,
        "epsdiluted": 2.24,
        "weightedAverageShsOut": 4213115,
        "weightedAverageShsOutDil": 4213115,
        "link": null,
        "finalLink": null
    },
    {
        "date": "2023-10-31",
        "symbol": "FMY",
        "reportedCurrency": "USD",
        "cik": "0001319183",
        "fillingDate": "2023-10-31",
        "acceptedDate": "2023-10-30 20:00:00",
        "calendarYear": "2023",
        "period": "Q4",
        "revenue": -134805,
        "costOfRevenue": 290831,
        "grossProfit": 1084807,
        "grossProfitRatio": -8.0472311858,
        "researchAndDevelopmentExpenses": 0,
        "generalAndAdministrativeExpenses": 349326,
        "sellingAndMarketingExpenses": 0,
        "sellingGeneralAndAdministrativeExpenses": 349326,
        "otherExpenses": 3563758,
        "operatingExpenses": 3913084,
        "costAndExpenses": 1608665,
        "interestIncome": 0,
        "interestExpense": 0,
        "depreciationAndAmortization": -1820290,
        "ebitda": -3563760,
        "ebitdaratio": 26.4364081451,
        "operatingIncome": 910144,
        "operatingIncomeRatio": -6.7515596602,
        "totalOtherIncomeExpensesNet": -1781879,
        "incomeBeforeTax": -871735,
        "incomeBeforeTaxRatio": 6.4666369942,
        "incomeTaxExpense": 0,
        "netIncome": -1743470,
        "netIncomeRatio": 12.9332739884,
        "eps": -0.41,
        "epsdiluted": -0.41,
        "weightedAverageShsOut": 4213132,
        "weightedAverageShsOutDil": 4213115,
        "link": null,
        "finalLink": null
    },
    {
        "date": "2023-04-30",
        "symbol": "FMY",
        "reportedCurrency": "USD",
        "cik": "0001319183",
        "fillingDate": "2023-04-30",
        "acceptedDate": "2023-04-30 00:00:00",
        "calendarYear": "2023",
        "period": "Q2",
        "revenue": 2022751,
        "costOfRevenue": 303395,
        "grossProfit": 1719356,
        "grossProfitRatio": 0.8500087257,
        "researchAndDevelopmentExpenses": 0,
        "generalAndAdministrativeExpenses": 176111,
        "sellingAndMarketingExpenses": 0,
        "sellingGeneralAndAdministrativeExpenses": 176111,
        "otherExpenses": 1.5215085791577905,
        "operatingExpenses": 680548,
        "costAndExpenses": -1054882,
        "interestIncome": 0,
        "interestExpense": 0,
        "depreciationAndAmortization": -682158,
        "ebitda": 3077630,
        "ebitdaratio": 1.521507096,
        "operatingIncome": 3077630,
        "operatingIncomeRatio": 1.521507096,
        "totalOtherIncomeExpensesNet": 0,
        "incomeBeforeTax": 3077633,
        "incomeBeforeTaxRatio": 1.5215085792,
        "incomeTaxExpense": 0.7305,
        "netIncome": 3077633,
        "netIncomeRatio": 1.5215085792,
        "eps": 0.73,
        "epsdiluted": 0.73,
        "weightedAverageShsOut": 4213115,
        "weightedAverageShsOutDil": 4213115,
        "link": null,
        "finalLink": null
    },
    {
        "date": "2022-10-31",
        "symbol": "FMY",
        "reportedCurrency": "USD",
        "cik": "0001319183",
        "fillingDate": "2022-10-31",
        "acceptedDate": "2022-10-31 00:00:00",
        "calendarYear": "2022",
        "period": "Q4",
        "revenue": 14055,
        "costOfRevenue": 298202,
        "grossProfit": -284147,
        "grossProfitRatio": -20.2167911775,
        "researchAndDevelopmentExpenses": 0,
        "generalAndAdministrativeExpenses": 174639,
        "sellingAndMarketingExpenses": 0,
        "sellingGeneralAndAdministrativeExpenses": 174639,
        "otherExpenses": -181.07762362148702,
        "operatingExpenses": 2034569,
        "costAndExpenses": 2559101,
        "interestIncome": 0,
        "interestExpense": 0,
        "depreciationAndAmortization": -587407,
        "ebitda": -2545040,
        "ebitdaratio": -181.0771967271,
        "operatingIncome": -2545040,
        "operatingIncomeRatio": -181.0771967271,
        "totalOtherIncomeExpensesNet": 0,
        "incomeBeforeTax": -2545046,
        "incomeBeforeTaxRatio": -181.0776236215,
        "incomeTaxExpense": -0.6041,
        "netIncome": -2545046,
        "netIncomeRatio": -181.0776236215,
        "eps": -0.6,
        "epsdiluted": -0.6,
        "weightedAverageShsOut": 4213115,
        "weightedAverageShsOutDil": 4213115,
        "link": null,
        "finalLink": null
    },
    {
        "date": "2022-04-30",
        "symbol": "FMY",
        "reportedCurrency": "USD",
        "cik": "0001319183",
        "fillingDate": "2022-04-30",
        "acceptedDate": "2022-04-30 00:00:00",
        "calendarYear": "2022",
        "period": "Q2",
        "revenue": 1421319,
        "costOfRevenue": 333503,
        "grossProfit": 1087816,
        "grossProfitRatio": 0.7653566863,
        "researchAndDevelopmentExpenses": 0,
        "generalAndAdministrativeExpenses": 191207,
        "sellingAndMarketingExpenses": 0,
        "sellingGeneralAndAdministrativeExpenses": 191207,
        "otherExpenses": -3479780,
        "operatingExpenses": 1861237,
        "costAndExpenses": 3813282,
        "interestIncome": 0,
        "interestExpense": 0,
        "depreciationAndAmortization": -474048,
        "ebitda": -2391960,
        "ebitdaratio": -1.6829156579,
        "operatingIncome": -2391960,
        "operatingIncomeRatio": -1.6829156579,
        "totalOtherIncomeExpensesNet": 0,
        "incomeBeforeTax": -2391963,
        "incomeBeforeTaxRatio": -1.6829177686,
        "incomeTaxExpense": 0,
        "netIncome": -2391963,
        "netIncomeRatio": -1.6829177686,
        "eps": -0.57,
        "epsdiluted": -0.57,
        "weightedAverageShsOut": 4213115,
        "weightedAverageShsOutDil": 4213115,
        "link": null,
        "finalLink": null
    },
    {
        "date": "2021-10-31",
        "symbol": "FMY",
        "reportedCurrency": "USD",
        "cik": "0001319183",
        "fillingDate": "2021-10-31",
        "acceptedDate": "2021-10-31 00:00:00",
        "calendarYear": "2021",
        "period": "Q4",
        "revenue": 1032351,
        "costOfRevenue": 342060,
        "grossProfit": 690291,
        "grossProfitRatio": 0.668659206,
        "researchAndDevelopmentExpenses": 0,
        "generalAndAdministrativeExpenses": 196553,
        "sellingAndMarketingExpenses": 0,
        "sellingGeneralAndAdministrativeExpenses": 196553,
        "otherExpenses": 0,
        "operatingExpenses": 508070,
        "costAndExpenses": 765808,
        "interestIncome": 0,
        "interestExpense": 0,
        "depreciationAndAmortization": -444790,
        "ebitda": -311519,
        "ebitdaratio": -0.3017568637,
        "operatingIncome": 266540,
        "operatingIncomeRatio": 0.2581873801,
        "totalOtherIncomeExpensesNet": 3,
        "incomeBeforeTax": 266543,
        "incomeBeforeTaxRatio": 0.2581902861,
        "incomeTaxExpense": 0,
        "netIncome": 266543,
        "netIncomeRatio": 0.2581902861,
        "eps": 0.0633,
        "epsdiluted": 0.0633,
        "weightedAverageShsOut": 4213115,
        "weightedAverageShsOutDil": 4213115,
        "link": null,
        "finalLink": null
    },
    {
        "date": "2021-04-30",
        "symbol": "FMY",
        "reportedCurrency": "USD",
        "cik": "0001319183",
        "fillingDate": "2021-04-30",
        "acceptedDate": "2021-04-30 00:00:00",
        "calendarYear": "2021",
        "period": "Q2",
        "revenue": 1582069,
        "costOfRevenue": 344769,
        "grossProfit": 1237300,
        "grossProfitRatio": 0.7820771408,
        "researchAndDevelopmentExpenses": 0,
        "generalAndAdministrativeExpenses": 194683,
        "sellingAndMarketingExpenses": 0,
        "sellingGeneralAndAdministrativeExpenses": 194683,
        "otherExpenses": 0,
        "operatingExpenses": 412384,
        "costAndExpenses": 1045998,
        "interestIncome": 0,
        "interestExpense": 0,
        "depreciationAndAmortization": -485737,
        "ebitda": -217701,
        "ebitdaratio": -0.1376052498,
        "operatingIncome": 536070,
        "operatingIncomeRatio": 0.3388410999,
        "totalOtherIncomeExpensesNet": 0,
        "incomeBeforeTax": 536071,
        "incomeBeforeTaxRatio": 0.3388417319,
        "incomeTaxExpense": 0,
        "netIncome": 536071,
        "netIncomeRatio": 0.3388417319,
        "eps": 0.13,
        "epsdiluted": 0.13,
        "weightedAverageShsOut": 4213115,
        "weightedAverageShsOutDil": 4213115,
        "link": null,
        "finalLink": null
    },
    {
        "date": "2020-10-31",
        "symbol": "FMY",
        "reportedCurrency": "USD",
        "cik": "0001319183",
        "fillingDate": "2020-10-31",
        "acceptedDate": "2020-10-31 00:00:00",
        "calendarYear": "2020",
        "period": "Q4",
        "revenue": 1467414,
        "costOfRevenue": 367613,
        "grossProfit": 1099801,
        "grossProfitRatio": 0.7494824228,
        "researchAndDevelopmentExpenses": 0,
        "generalAndAdministrativeExpenses": 209735,
        "sellingAndMarketingExpenses": 0,
        "sellingGeneralAndAdministrativeExpenses": 209735,
        "otherExpenses": 0,
        "operatingExpenses": 60489,
        "costAndExpenses": 241582,
        "interestIncome": 0,
        "interestExpense": 0,
        "depreciationAndAmortization": -463671,
        "ebitda": 1225830,
        "ebitdaratio": 0.8353675241,
        "operatingIncome": 1225830,
        "operatingIncomeRatio": 0.8353675241,
        "totalOtherIncomeExpensesNet": 2,
        "incomeBeforeTax": 1225832,
        "incomeBeforeTaxRatio": 0.835368887,
        "incomeTaxExpense": 0,
        "netIncome": 1225832,
        "netIncomeRatio": 0.835368887,
        "eps": 0.29,
        "epsdiluted": 0.29,
        "weightedAverageShsOut": 4213115,
        "weightedAverageShsOutDil": 4213115,
        "link": null,
        "finalLink": null
    },
    {
        "date": "2020-04-30",
        "symbol": "FMY",
        "reportedCurrency": "USD",
        "cik": "0001319183",
        "fillingDate": "2020-04-30",
        "acceptedDate": "2020-04-30 00:00:00",
        "calendarYear": "2020",
        "period": "Q2",
        "revenue": 1067827,
        "costOfRevenue": 358715,
        "grossProfit": 709112,
        "grossProfitRatio": 0.6640701162,
        "researchAndDevelopmentExpenses": 0,
        "generalAndAdministrativeExpenses": 200955,
        "sellingAndMarketingExpenses": 0,
        "sellingGeneralAndAdministrativeExpenses": 200955,
        "otherExpenses": 0,
        "operatingExpenses": 744843,
        "costAndExpenses": 1214085,
        "interestIncome": 0,
        "interestExpense": 0,
        "depreciationAndAmortization": -470759,
        "ebitda": -543888,
        "ebitdaratio": -0.5093409326,
        "operatingIncome": -146260,
        "operatingIncomeRatio": -0.1369697526,
        "totalOtherIncomeExpensesNet": -617017,
        "incomeBeforeTax": -146258,
        "incomeBeforeTaxRatio": -0.1369678796,
        "incomeTaxExpense": 470759,
        "netIncome": -146258,
        "netIncomeRatio": -0.1369678796,
        "eps": -0.0347,
        "epsdiluted": -0.0347,
        "weightedAverageShsOut": 4213115,
        "weightedAverageShsOutDil": 4213115,
        "link": null,
        "finalLink": null
    },
    {
        "date": "2019-10-31",
        "symbol": "FMY",
        "reportedCurrency": "USD",
        "cik": "0001319183",
        "fillingDate": "2019-10-31",
        "acceptedDate": "2019-10-31 00:00:00",
        "calendarYear": "2019",
        "period": "Q4",
        "revenue": 1041865,
        "costOfRevenue": 382538,
        "grossProfit": 659327,
        "grossProfitRatio": 0.6328334285,
        "researchAndDevelopmentExpenses": 0,
        "generalAndAdministrativeExpenses": 213746,
        "sellingAndMarketingExpenses": 0,
        "sellingGeneralAndAdministrativeExpenses": 213746,
        "otherExpenses": 0,
        "operatingExpenses": 114490,
        "costAndExpenses": -113220,
        "interestIncome": 0,
        "interestExpense": 0,
        "depreciationAndAmortization": -249307,
        "ebitda": 1155080,
        "ebitdaratio": 1.10866571,
        "operatingIncome": 1155080,
        "operatingIncomeRatio": 1.10866571,
        "totalOtherIncomeExpensesNet": 0,
        "incomeBeforeTax": 1155085,
        "incomeBeforeTaxRatio": 1.1086705091,
        "incomeTaxExpense": 0,
        "netIncome": 1155085,
        "netIncomeRatio": 1.1086705091,
        "eps": 0.27,
        "epsdiluted": 0.27,
        "weightedAverageShsOut": 4213115,
        "weightedAverageShsOutDil": 4213115,
        "link": null,
        "finalLink": null
    },
    {
        "date": "2019-04-30",
        "symbol": "FMY",
        "reportedCurrency": "USD",
        "cik": "0001319183",
        "fillingDate": "2019-04-30",
        "acceptedDate": "2019-04-30 00:00:00",
        "calendarYear": "2019",
        "period": "Q2",
        "revenue": 1357668,
        "costOfRevenue": 0,
        "grossProfit": 1357668,
        "grossProfitRatio": 1,
        "researchAndDevelopmentExpenses": 0,
        "generalAndAdministrativeExpenses": 411466,
        "sellingAndMarketingExpenses": 0,
        "sellingGeneralAndAdministrativeExpenses": 411466,
        "otherExpenses": 0,
        "operatingExpenses": 305584,
        "costAndExpenses": 305584,
        "interestIncome": 0,
        "interestExpense": 0,
        "depreciationAndAmortization": -946202,
        "ebitda": 717052,
        "ebitdaratio": 0.5281497391,
        "operatingIncome": 946202,
        "operatingIncomeRatio": 0.6969317978,
        "totalOtherIncomeExpensesNet": 2380306,
        "incomeBeforeTax": 1663254,
        "incomeBeforeTaxRatio": 1.2250815369,
        "incomeTaxExpense": 717052,
        "netIncome": 1663254,
        "netIncomeRatio": 1.2250815369,
        "eps": 0.4,
        "epsdiluted": 0.4,
        "weightedAverageShsOut": 4213116,
        "weightedAverageShsOutDil": 4213115,
        "link": null,
        "finalLink": null
    },
    {
        "date": "2018-10-31",
        "symbol": "FMY",
        "reportedCurrency": "USD",
        "cik": "0001319183",
        "fillingDate": "2018-10-31",
        "acceptedDate": "2018-10-31 00:00:00",
        "calendarYear": "2018",
        "period": "Q4",
        "revenue": 1527172,
        "costOfRevenue": 0,
        "grossProfit": 1527172,
        "grossProfitRatio": 1,
        "researchAndDevelopmentExpenses": 0,
        "generalAndAdministrativeExpenses": 594460,
        "sellingAndMarketingExpenses": 0,
        "sellingGeneralAndAdministrativeExpenses": 594460,
        "otherExpenses": 0,
        "operatingExpenses": 969178,
        "costAndExpenses": 969178,
        "interestIncome": 0,
        "interestExpense": 0,
        "depreciationAndAmortization": -932712,
        "ebitda": -374720,
        "ebitdaratio": -0.2453685636,
        "operatingIncome": 932712,
        "operatingIncomeRatio": 0.6107445658,
        "totalOtherIncomeExpensesNet": -374720,
        "incomeBeforeTax": 557992,
        "incomeBeforeTaxRatio": 0.3653760022,
        "incomeTaxExpense": -374720,
        "netIncome": 557992,
        "netIncomeRatio": 0.3653760022,
        "eps": 0.1324,
        "epsdiluted": 0.1324,
        "weightedAverageShsOut": 4213168,
        "weightedAverageShsOutDil": 4213115,
        "link": null,
        "finalLink": null
    },
    {
        "date": "2018-04-30",
        "symbol": "FMY",
        "reportedCurrency": "USD",
        "cik": "0001319183",
        "fillingDate": "2018-04-30",
        "acceptedDate": "2018-04-30 00:00:00",
        "calendarYear": "2018",
        "period": "Q2",
        "revenue": 1376968,
        "costOfRevenue": 0,
        "grossProfit": 1376968,
        "grossProfitRatio": 1,
        "researchAndDevelopmentExpenses": 0,
        "generalAndAdministrativeExpenses": 422526,
        "sellingAndMarketingExpenses": 0,
        "sellingGeneralAndAdministrativeExpenses": 422526,
        "otherExpenses": 0,
        "operatingExpenses": 924616,
        "costAndExpenses": 924616,
        "interestIncome": 0,
        "interestExpense": 0,
        "depreciationAndAmortization": -954442,
        "ebitda": -502092,
        "ebitdaratio": -0.3646359247,
        "operatingIncome": 954442,
        "operatingIncomeRatio": 0.6931475532,
        "totalOtherIncomeExpensesNet": -502092,
        "incomeBeforeTax": 452350,
        "incomeBeforeTaxRatio": 0.3285116284,
        "incomeTaxExpense": -502092,
        "netIncome": 452350,
        "netIncomeRatio": 0.3285116284,
        "eps": 0.1074,
        "epsdiluted": 0.1074,
        "weightedAverageShsOut": 4213158,
        "weightedAverageShsOutDil": 4213115,
        "link": null,
        "finalLink": null
    },
    {
        "date": "2017-10-31",
        "symbol": "FMY",
        "reportedCurrency": "USD",
        "cik": "0001319183",
        "fillingDate": "2017-10-31",
        "acceptedDate": "2017-10-30 20:00:00",
        "calendarYear": "2017",
        "period": "Q4",
        "revenue": 1129194,
        "costOfRevenue": 0,
        "grossProfit": 1129194,
        "grossProfitRatio": 1,
        "researchAndDevelopmentExpenses": 0,
        "generalAndAdministrativeExpenses": 422774,
        "sellingAndMarketingExpenses": 0,
        "sellingGeneralAndAdministrativeExpenses": 422774,
        "otherExpenses": 0,
        "operatingExpenses": 459894,
        "costAndExpenses": 459894,
        "interestIncome": 0,
        "interestExpense": 0,
        "depreciationAndAmortization": -706420,
        "ebitda": 882670,
        "ebitdaratio": 0.7816814471,
        "operatingIncome": 706420,
        "operatingIncomeRatio": 0.6255966645,
        "totalOtherIncomeExpensesNet": 2471760,
        "incomeBeforeTax": 1589090,
        "incomeBeforeTaxRatio": 1.4072781116,
        "incomeTaxExpense": 882670,
        "netIncome": 1589090,
        "netIncomeRatio": 1.4072781116,
        "eps": 0.38,
        "epsdiluted": 0.38,
        "weightedAverageShsOut": 4213125,
        "weightedAverageShsOutDil": 4213115,
        "link": null,
        "finalLink": null
    },
    {
        "date": "2017-04-30",
        "symbol": "FMY",
        "reportedCurrency": "USD",
        "cik": "0001319183",
        "fillingDate": "2017-04-30",
        "acceptedDate": "2017-04-29 20:00:00",
        "calendarYear": "2017",
        "period": "Q2",
        "revenue": 417642,
        "costOfRevenue": 0,
        "grossProfit": 417642,
        "grossProfitRatio": 1,
        "researchAndDevelopmentExpenses": 0,
        "generalAndAdministrativeExpenses": 395012,
        "sellingAndMarketingExpenses": 0,
        "sellingGeneralAndAdministrativeExpenses": 395012,
        "otherExpenses": 0,
        "operatingExpenses": 1038796,
        "costAndExpenses": 1038796,
        "interestIncome": 0,
        "interestExpense": 0,
        "depreciationAndAmortization": -22630,
        "ebitda": 2912878,
        "ebitdaratio": 6.9745811006,
        "operatingIncome": 22630,
        "operatingIncomeRatio": 0.0541851634,
        "totalOtherIncomeExpensesNet": 2890248,
        "incomeBeforeTax": 1456440,
        "incomeBeforeTaxRatio": 3.4872929447,
        "incomeTaxExpense": 1433810,
        "netIncome": 1456440,
        "netIncomeRatio": 3.4872929447,
        "eps": 0.34,
        "epsdiluted": 0.34,
        "weightedAverageShsOut": 4213138,
        "weightedAverageShsOutDil": 4213115,
        "link": null,
        "finalLink": null
    },
    {
        "date": "2016-10-31",
        "symbol": "FMY",
        "reportedCurrency": "USD",
        "cik": "0001319183",
        "fillingDate": "2016-10-31",
        "acceptedDate": "2016-10-30 20:00:00",
        "calendarYear": "2016",
        "period": "Q4",
        "revenue": 651296,
        "costOfRevenue": 0,
        "grossProfit": 651296,
        "grossProfitRatio": 1,
        "researchAndDevelopmentExpenses": 0,
        "generalAndAdministrativeExpenses": 458842,
        "sellingAndMarketingExpenses": 0,
        "sellingGeneralAndAdministrativeExpenses": 458842,
        "otherExpenses": 0,
        "operatingExpenses": 953422,
        "costAndExpenses": 953422,
        "interestIncome": 8162.000000000001,
        "interestExpense": 0,
        "depreciationAndAmortization": -192454,
        "ebitda": 1404104,
        "ebitdaratio": 2.1558615438,
        "operatingIncome": 192454,
        "operatingIncomeRatio": 0.2954939075,
        "totalOtherIncomeExpensesNet": 1404104,
        "incomeBeforeTax": 1596558,
        "incomeBeforeTaxRatio": 2.4513554513,
        "incomeTaxExpense": 0,
        "netIncome": 1596558,
        "netIncomeRatio": 2.4513554513,
        "eps": 0.38,
        "epsdiluted": 0.38,
        "weightedAverageShsOut": 4213132,
        "weightedAverageShsOutDil": 4213115,
        "link": null,
        "finalLink": null
    },
    {
        "date": "2016-04-30",
        "symbol": "FMY",
        "reportedCurrency": "USD",
        "cik": "0001319183",
        "fillingDate": "2016-04-30",
        "acceptedDate": "2016-04-29 20:00:00",
        "calendarYear": "2016",
        "period": "Q2",
        "revenue": 241870,
        "costOfRevenue": 0,
        "grossProfit": 241870,
        "grossProfitRatio": 1,
        "researchAndDevelopmentExpenses": 0,
        "generalAndAdministrativeExpenses": 481644,
        "sellingAndMarketingExpenses": 0,
        "sellingGeneralAndAdministrativeExpenses": 481644,
        "otherExpenses": 0,
        "operatingExpenses": 190024,
        "costAndExpenses": 190024,
        "interestIncome": 16912,
        "interestExpense": 0,
        "depreciationAndAmortization": 239774,
        "ebitda": 274708,
        "ebitdaratio": 1.1357671476,
        "operatingIncome": -239774,
        "operatingIncomeRatio": -0.9913341878,
        "totalOtherIncomeExpensesNet": 274708,
        "incomeBeforeTax": 34934,
        "incomeBeforeTaxRatio": 0.1444329599,
        "incomeTaxExpense": 0,
        "netIncome": 34934,
        "netIncomeRatio": 0.1444329599,
        "eps": 0.0082,
        "epsdiluted": 0.0082,
        "weightedAverageShsOut": 4213992,
        "weightedAverageShsOutDil": 4213115,
        "link": null,
        "finalLink": null
    },
    {
        "date": "2015-10-31",
        "symbol": "FMY",
        "reportedCurrency": "USD",
        "cik": "0001319183",
        "fillingDate": "2015-10-31",
        "acceptedDate": "2015-10-30 20:00:00",
        "calendarYear": "2015",
        "period": "Q4",
        "revenue": 2054386,
        "costOfRevenue": 0,
        "grossProfit": 2054386,
        "grossProfitRatio": 1,
        "researchAndDevelopmentExpenses": 0,
        "generalAndAdministrativeExpenses": 502140,
        "sellingAndMarketingExpenses": 0,
        "sellingGeneralAndAdministrativeExpenses": 502140,
        "otherExpenses": 0,
        "operatingExpenses": 1975564,
        "costAndExpenses": 1975564,
        "interestIncome": 13326,
        "interestExpense": 0,
        "depreciationAndAmortization": -1552246,
        "ebitda": -1486750,
        "ebitdaratio": -0.723695547,
        "operatingIncome": 1552246,
        "operatingIncomeRatio": 0.7555766054,
        "totalOtherIncomeExpensesNet": -1486750,
        "incomeBeforeTax": 65496,
        "incomeBeforeTaxRatio": 0.0318810584,
        "incomeTaxExpense": 0,
        "netIncome": 65496,
        "netIncomeRatio": 0.0318810584,
        "eps": 0.0156,
        "epsdiluted": 0.0156,
        "weightedAverageShsOut": 4213587,
        "weightedAverageShsOutDil": 4213115,
        "link": null,
        "finalLink": null
    },
    {
        "date": "2015-04-30",
        "symbol": "FMY",
        "reportedCurrency": "USD",
        "cik": "0001319183",
        "fillingDate": "2015-04-30",
        "acceptedDate": "2015-04-29 20:00:00",
        "calendarYear": "2015",
        "period": "Q2",
        "revenue": 3321738,
        "costOfRevenue": 0,
        "grossProfit": 3321738,
        "grossProfitRatio": 1,
        "researchAndDevelopmentExpenses": 0,
        "generalAndAdministrativeExpenses": 545132,
        "sellingAndMarketingExpenses": 0,
        "sellingGeneralAndAdministrativeExpenses": 545132,
        "otherExpenses": 0,
        "operatingExpenses": 3140148,
        "costAndExpenses": 3140148,
        "interestIncome": 18686,
        "interestExpense": 0,
        "depreciationAndAmortization": -2776606,
        "ebitda": -2613702,
        "ebitdaratio": -0.7868477285,
        "operatingIncome": 2776606,
        "operatingIncomeRatio": 0.8358895253,
        "totalOtherIncomeExpensesNet": -2613702,
        "incomeBeforeTax": 162904,
        "incomeBeforeTaxRatio": 0.0490417968,
        "incomeTaxExpense": 0,
        "netIncome": 162904,
        "netIncomeRatio": 0.0490417968,
        "eps": 0.0386,
        "epsdiluted": 0.0386,
        "weightedAverageShsOut": 4213325,
        "weightedAverageShsOutDil": 4213115,
        "link": null,
        "finalLink": null
    },
    {
        "date": "2014-10-31",
        "symbol": "FMY",
        "reportedCurrency": "USD",
        "cik": "0001319183",
        "fillingDate": "2014-10-31",
        "acceptedDate": "2014-10-30 20:00:00",
        "calendarYear": "2014",
        "period": "Q4",
        "revenue": 2691490,
        "costOfRevenue": 0,
        "grossProfit": 2691490,
        "grossProfitRatio": 1,
        "researchAndDevelopmentExpenses": 0,
        "generalAndAdministrativeExpenses": 576230,
        "sellingAndMarketingExpenses": 0,
        "sellingGeneralAndAdministrativeExpenses": 576230,
        "otherExpenses": 0,
        "operatingExpenses": 2829400,
        "costAndExpenses": 2829400,
        "interestIncome": 21864,
        "interestExpense": 0,
        "depreciationAndAmortization": -2115260,
        "ebitda": -2275034,
        "ebitdaratio": -0.8452693489,
        "operatingIncome": 2115260,
        "operatingIncomeRatio": 0.7859066911,
        "totalOtherIncomeExpensesNet": -2275034,
        "incomeBeforeTax": -159774,
        "incomeBeforeTaxRatio": -0.0593626579,
        "incomeTaxExpense": 0,
        "netIncome": -159774,
        "netIncomeRatio": -0.0593626579,
        "eps": -0.038,
        "epsdiluted": -0.038,
        "weightedAverageShsOut": 4213227,
        "weightedAverageShsOutDil": 4213115,
        "link": null,
        "finalLink": null
    },
    {
        "date": "2014-04-30",
        "symbol": "FMY",
        "reportedCurrency": "USD",
        "cik": "0001319183",
        "fillingDate": "2014-04-30",
        "acceptedDate": "2014-04-29 20:00:00",
        "calendarYear": "2014",
        "period": "Q2",
        "revenue": 2933462,
        "costOfRevenue": 0,
        "grossProfit": 2933462,
        "grossProfitRatio": 1,
        "researchAndDevelopmentExpenses": 0,
        "generalAndAdministrativeExpenses": 579096,
        "sellingAndMarketingExpenses": 0,
        "sellingGeneralAndAdministrativeExpenses": 579096,
        "otherExpenses": 0,
        "operatingExpenses": 888442,
        "costAndExpenses": 888442,
        "interestIncome": 27438,
        "interestExpense": 0,
        "depreciationAndAmortization": -2354366,
        "ebitda": -336784,
        "ebitdaratio": -0.1148076914,
        "operatingIncome": 2354366,
        "operatingIncomeRatio": 0.8025895682,
        "totalOtherIncomeExpensesNet": -336784,
        "incomeBeforeTax": 2017582,
        "incomeBeforeTaxRatio": 0.6877818768,
        "incomeTaxExpense": 110924,
        "netIncome": 1906658,
        "netIncomeRatio": 0.6499685355,
        "eps": 0.46,
        "epsdiluted": 0.46,
        "weightedAverageShsOut": 4213124,
        "weightedAverageShsOutDil": 4213115,
        "link": null,
        "finalLink": null
    },
    {
        "date": "2013-10-31",
        "symbol": "FMY",
        "reportedCurrency": "USD",
        "cik": "0001319183",
        "fillingDate": "2013-10-31",
        "acceptedDate": "2013-10-30 20:00:00",
        "calendarYear": "2013",
        "period": "Q4",
        "revenue": 3273768,
        "costOfRevenue": 0,
        "grossProfit": 3273768,
        "grossProfitRatio": 1,
        "researchAndDevelopmentExpenses": 0,
        "generalAndAdministrativeExpenses": 625926,
        "sellingAndMarketingExpenses": 0,
        "sellingGeneralAndAdministrativeExpenses": 625926,
        "otherExpenses": 0,
        "operatingExpenses": 1902416,
        "costAndExpenses": 1902416,
        "interestIncome": 27376,
        "interestExpense": 0,
        "depreciationAndAmortization": -2647842,
        "ebitda": -1303866,
        "ebitdaratio": -0.398276848,
        "operatingIncome": 2647842,
        "operatingIncomeRatio": 0.8088056331,
        "totalOtherIncomeExpensesNet": -1303866,
        "incomeBeforeTax": 1343976,
        "incomeBeforeTaxRatio": 0.4105287852,
        "incomeTaxExpense": 0,
        "netIncome": 1343976,
        "netIncomeRatio": 0.4105287852,
        "eps": 0.32,
        "epsdiluted": 0.32,
        "weightedAverageShsOut": 4213117,
        "weightedAverageShsOutDil": 4213115,
        "link": null,
        "finalLink": null
    },
    {
        "date": "2013-04-30",
        "symbol": "FMY",
        "reportedCurrency": "USD",
        "cik": "0001319183",
        "fillingDate": "2013-04-30",
        "acceptedDate": "2013-04-29 20:00:00",
        "calendarYear": "2013",
        "period": "Q2",
        "revenue": 3418970,
        "costOfRevenue": 0,
        "grossProfit": 3418970,
        "grossProfitRatio": 1,
        "researchAndDevelopmentExpenses": 0,
        "generalAndAdministrativeExpenses": 737406,
        "sellingAndMarketingExpenses": 0,
        "sellingGeneralAndAdministrativeExpenses": 737406,
        "otherExpenses": 0,
        "operatingExpenses": 660574,
        "costAndExpenses": 660574,
        "interestIncome": 73000,
        "interestExpense": 0,
        "depreciationAndAmortization": -2681566,
        "ebitda": 3828,
        "ebitdaratio": 0.0011196354,
        "operatingIncome": 2681566,
        "operatingIncomeRatio": 0.784319839,
        "totalOtherIncomeExpensesNet": 3828,
        "incomeBeforeTax": 2685394,
        "incomeBeforeTaxRatio": 0.7854394745,
        "incomeTaxExpense": 3828,
        "netIncome": 2685394,
        "netIncomeRatio": 0.7854394745,
        "eps": 0.64,
        "epsdiluted": 0.64,
        "weightedAverageShsOut": 4213122,
        "weightedAverageShsOutDil": 4213115,
        "link": null,
        "finalLink": null
    },
    {
        "date": "2012-10-31",
        "symbol": "FMY",
        "reportedCurrency": "USD",
        "cik": "0001319183",
        "fillingDate": "2012-10-31",
        "acceptedDate": "2012-10-30 20:00:00",
        "calendarYear": "2012",
        "period": "Q4",
        "revenue": 6244230,
        "costOfRevenue": 0,
        "grossProfit": 6244230,
        "grossProfitRatio": 1,
        "researchAndDevelopmentExpenses": 0,
        "generalAndAdministrativeExpenses": 720080,
        "sellingAndMarketingExpenses": 0,
        "sellingGeneralAndAdministrativeExpenses": 720080,
        "otherExpenses": 0,
        "operatingExpenses": 1514196,
        "costAndExpenses": 1514196,
        "interestIncome": 104222,
        "interestExpense": 0,
        "depreciationAndAmortization": -5524150,
        "ebitda": -898338,
        "ebitdaratio": -0.1438668979,
        "operatingIncome": 5524150,
        "operatingIncomeRatio": 0.8846807373,
        "totalOtherIncomeExpensesNet": -898338,
        "incomeBeforeTax": 4625812,
        "incomeBeforeTaxRatio": 0.7408138393,
        "incomeTaxExpense": 0,
        "netIncome": 4625812,
        "netIncomeRatio": 0.7408138393,
        "eps": 1.1,
        "epsdiluted": 1.1,
        "weightedAverageShsOut": 4211133,
        "weightedAverageShsOutDil": 4211129,
        "link": null,
        "finalLink": null
    },
    {
        "date": "2012-04-30",
        "symbol": "FMY",
        "reportedCurrency": "USD",
        "cik": "0001319183",
        "fillingDate": "2012-04-30",
        "acceptedDate": "2012-04-30 20:00:00",
        "calendarYear": "2012",
        "period": "Q2",
        "revenue": 857886,
        "costOfRevenue": 0,
        "grossProfit": 857886,
        "grossProfitRatio": 1,
        "researchAndDevelopmentExpenses": 0,
        "generalAndAdministrativeExpenses": 651310,
        "sellingAndMarketingExpenses": 0,
        "sellingGeneralAndAdministrativeExpenses": 651310,
        "otherExpenses": 0,
        "operatingExpenses": -855714,
        "costAndExpenses": -855714,
        "interestIncome": 94481,
        "interestExpense": 0,
        "depreciationAndAmortization": -206576,
        "ebitda": 1412542,
        "ebitdaratio": 1.6465381181,
        "operatingIncome": 206576,
        "operatingIncomeRatio": 0.2407965627,
        "totalOtherIncomeExpensesNet": 1412542,
        "incomeBeforeTax": 1619118,
        "incomeBeforeTaxRatio": 1.8873346808,
        "incomeTaxExpense": 1127582,
        "netIncome": 1389874,
        "netIncomeRatio": 1.6201150269,
        "eps": 0.32999999999999985,
        "epsdiluted": 0.32999999999999985,
        "weightedAverageShsOut": 4211133,
        "weightedAverageShsOutDil": 4211129,
        "link": null,
        "finalLink": null
    }
]