[
    {
        "date": "2025-09-30",
        "symbol": "FNB",
        "reportedCurrency": "USD",
        "cik": "0000037808",
        "fillingDate": "2025-10-17",
        "acceptedDate": "2025-10-17 07:30:57",
        "calendarYear": "2025",
        "period": "Q3",
        "revenue": 595972000,
        "costOfRevenue": 0,
        "grossProfit": 0,
        "grossProfitRatio": 0,
        "researchAndDevelopmentExpenses": 0,
        "generalAndAdministrativeExpenses": 0,
        "sellingAndMarketingExpenses": 5517000,
        "sellingGeneralAndAdministrativeExpenses": 5517000,
        "otherExpenses": 0,
        "operatingExpenses": 5517000,
        "costAndExpenses": 0,
        "interestIncome": 0,
        "interestExpense": 236700000,
        "depreciationAndAmortization": 0,
        "ebitda": 189916000,
        "ebitdaratio": 0.3186659776,
        "operatingIncome": 189916000,
        "operatingIncomeRatio": 0.3186659776,
        "totalOtherIncomeExpensesNet": 0,
        "incomeBeforeTax": 189916000,
        "incomeBeforeTaxRatio": 0.3186659776,
        "incomeTaxExpense": 40407000,
        "netIncome": 149509000,
        "netIncomeRatio": 0.2508658125,
        "eps": -0.69,
        "epsdiluted": 0.41,
        "weightedAverageShsOut": 359123010,
        "weightedAverageShsOutDil": 361669618,
        "link": "https://www.sec.gov/Archives/edgar/data/37808/000003780825000133/0000037808-25-000133-index.htm",
        "finalLink": "https://www.sec.gov/Archives/edgar/data/37808/000003780825000133/fnbex991earningsreleaseq32.htm"
    },
    {
        "date": "2025-06-30",
        "symbol": "FNB",
        "reportedCurrency": "USD",
        "cik": "0000037808",
        "fillingDate": "2025-08-06",
        "acceptedDate": "2025-08-06 12:47:21",
        "calendarYear": "2025",
        "period": "Q2",
        "revenue": 673656000,
        "costOfRevenue": 261046000,
        "grossProfit": 412610000,
        "grossProfitRatio": 0.6124936169,
        "researchAndDevelopmentExpenses": 0,
        "generalAndAdministrativeExpenses": 129842000,
        "sellingAndMarketingExpenses": 5000000,
        "sellingGeneralAndAdministrativeExpenses": 134432000,
        "otherExpenses": 111793000,
        "operatingExpenses": 246225000,
        "costAndExpenses": 507271000,
        "interestIncome": 582641000,
        "interestExpense": 235445000,
        "depreciationAndAmortization": 19000000,
        "ebitda": 185000000,
        "ebitdaratio": 0.2746208747,
        "operatingIncome": 166385000,
        "operatingIncomeRatio": 0.246988077,
        "totalOtherIncomeExpensesNet": -1000000,
        "incomeBeforeTax": 166385000,
        "incomeBeforeTaxRatio": 0.246988077,
        "incomeTaxExpense": 35715000,
        "netIncome": 130670000,
        "netIncomeRatio": 0.1939714038,
        "eps": 0.36,
        "epsdiluted": 0.36,
        "weightedAverageShsOut": 359123010,
        "weightedAverageShsOutDil": 362258964,
        "link": "https://www.sec.gov/Archives/edgar/data/37808/000003780825000129/0000037808-25-000129-index.htm",
        "finalLink": "https://www.sec.gov/Archives/edgar/data/37808/000003780825000129/fnb-20250630.htm"
    },
    {
        "date": "2025-03-31",
        "symbol": "FNB",
        "reportedCurrency": "USD",
        "cik": "0000037808",
        "fillingDate": "2025-05-07",
        "acceptedDate": "2025-05-07 14:08:21",
        "calendarYear": "2025",
        "period": "Q1",
        "revenue": 647203000,
        "costOfRevenue": 253000000,
        "grossProfit": 394000000,
        "grossProfitRatio": 0.6087734451,
        "researchAndDevelopmentExpenses": 0,
        "generalAndAdministrativeExpenses": 143000000,
        "sellingAndMarketingExpenses": 5000000,
        "sellingGeneralAndAdministrativeExpenses": 148000000,
        "otherExpenses": 98000000,
        "operatingExpenses": 246000000,
        "costAndExpenses": 499892000,
        "interestIncome": 559000000,
        "interestExpense": 236000000,
        "depreciationAndAmortization": 18000000,
        "ebitda": 166000000,
        "ebitdaratio": 0.2564883043,
        "operatingIncome": 147311000,
        "operatingIncomeRatio": 0.2276117385,
        "totalOtherIncomeExpensesNet": 0,
        "incomeBeforeTax": 147311000,
        "incomeBeforeTaxRatio": 0.2276117385,
        "incomeTaxExpense": 30796000,
        "netIncome": 116515000,
        "netIncomeRatio": 0.1800285227,
        "eps": 0.32,
        "epsdiluted": 0.32,
        "weightedAverageShsOut": 364109000,
        "weightedAverageShsOutDil": 364109000,
        "link": "https://www.sec.gov/Archives/edgar/data/37808/000003780825000091/0000037808-25-000091-index.htm",
        "finalLink": "https://www.sec.gov/Archives/edgar/data/37808/000003780825000091/fnb-20250331.htm"
    },
    {
        "date": "2024-12-31",
        "symbol": "FNB",
        "reportedCurrency": "USD",
        "cik": "0000037808",
        "fillingDate": "2025-02-27",
        "acceptedDate": "2025-02-27 17:24:14",
        "calendarYear": "2024",
        "period": "Q4",
        "revenue": 620000000,
        "costOfRevenue": 270000000,
        "grossProfit": 350000000,
        "grossProfitRatio": 0.564516129,
        "researchAndDevelopmentExpenses": 0,
        "generalAndAdministrativeExpenses": 136000000,
        "sellingAndMarketingExpenses": 6000000,
        "sellingGeneralAndAdministrativeExpenses": 142000000,
        "otherExpenses": 106000000,
        "operatingExpenses": 248000000,
        "costAndExpenses": 518000000,
        "interestIncome": 569000000,
        "interestExpense": 247000000,
        "depreciationAndAmortization": 18000000,
        "ebitda": 120000000,
        "ebitdaratio": 0.1935483871,
        "operatingIncome": 102000000,
        "operatingIncomeRatio": 0.164516129,
        "totalOtherIncomeExpensesNet": 0,
        "incomeBeforeTax": 102000000,
        "incomeBeforeTaxRatio": 0.164516129,
        "incomeTaxExpense": -8000000,
        "netIncome": 110000000,
        "netIncomeRatio": 0.1774193548,
        "eps": 0.3,
        "epsdiluted": 0.3,
        "weightedAverageShsOut": 366203000,
        "weightedAverageShsOutDil": 366203000,
        "link": "https://www.sec.gov/Archives/edgar/data/37808/000003780825000071/0000037808-25-000071-index.htm",
        "finalLink": "https://www.sec.gov/Archives/edgar/data/37808/000003780825000071/fnb-20241231.htm"
    },
    {
        "date": "2024-09-30",
        "symbol": "FNB",
        "reportedCurrency": "USD",
        "cik": "0000037808",
        "fillingDate": "2024-11-05",
        "acceptedDate": "2024-11-05 14:55:32",
        "calendarYear": "2024",
        "period": "Q3",
        "revenue": 672000000,
        "costOfRevenue": 283000000,
        "grossProfit": 389000000,
        "grossProfitRatio": 0.5788690476,
        "researchAndDevelopmentExpenses": 0,
        "generalAndAdministrativeExpenses": 136000000,
        "sellingAndMarketingExpenses": 6000000,
        "sellingGeneralAndAdministrativeExpenses": 142000000,
        "otherExpenses": 107000000,
        "operatingExpenses": 249000000,
        "costAndExpenses": 532000000,
        "interestIncome": 583000000,
        "interestExpense": 260000000,
        "depreciationAndAmortization": 17000000,
        "ebitda": 157000000,
        "ebitdaratio": 0.2336309524,
        "operatingIncome": 140000000,
        "operatingIncomeRatio": 0.2083333333,
        "totalOtherIncomeExpensesNet": 0,
        "incomeBeforeTax": 140000000,
        "incomeBeforeTaxRatio": 0.2083333333,
        "incomeTaxExpense": 30000000,
        "netIncome": 110000000,
        "netIncomeRatio": 0.1636904762,
        "eps": 0.3,
        "epsdiluted": 0.3,
        "weightedAverageShsOut": 361273000,
        "weightedAverageShsOutDil": 362426000,
        "link": "https://www.sec.gov/Archives/edgar/data/37808/000003780824000027/0000037808-24-000027-index.htm",
        "finalLink": "https://www.sec.gov/Archives/edgar/data/37808/000003780824000027/fnb-20240930.htm"
    },
    {
        "date": "2024-06-30",
        "symbol": "FNB",
        "reportedCurrency": "USD",
        "cik": "0000037808",
        "fillingDate": "2024-08-06",
        "acceptedDate": "2024-08-06 16:31:52",
        "calendarYear": "2024",
        "period": "Q2",
        "revenue": 645110000,
        "costOfRevenue": 261000000,
        "grossProfit": 384000000,
        "grossProfitRatio": 0.5952473222,
        "researchAndDevelopmentExpenses": 0,
        "generalAndAdministrativeExpenses": 131000000,
        "sellingAndMarketingExpenses": 4000000,
        "sellingGeneralAndAdministrativeExpenses": 135000000,
        "otherExpenses": 92000000,
        "operatingExpenses": 227000000,
        "costAndExpenses": 488099000,
        "interestIncome": 557000000,
        "interestExpense": 241000000,
        "depreciationAndAmortization": 18000000,
        "ebitda": 175000000,
        "ebitdaratio": 0.2712715661,
        "operatingIncome": 157000000,
        "operatingIncomeRatio": 0.2433693479,
        "totalOtherIncomeExpensesNet": 0,
        "incomeBeforeTax": 157011000,
        "incomeBeforeTaxRatio": 0.2433863992,
        "incomeTaxExpense": 33974000,
        "netIncome": 123000000,
        "netIncomeRatio": 0.1906651579,
        "eps": 0.34,
        "epsdiluted": 0.34,
        "weightedAverageShsOut": 361246000,
        "weightedAverageShsOutDil": 362701000,
        "link": "https://www.sec.gov/Archives/edgar/data/37808/000003780824000022/0000037808-24-000022-index.htm",
        "finalLink": "https://www.sec.gov/Archives/edgar/data/37808/000003780824000022/fnb-20240630.htm"
    },
    {
        "date": "2024-03-31",
        "symbol": "FNB",
        "reportedCurrency": "USD",
        "cik": "0000037808",
        "fillingDate": "2024-05-08",
        "acceptedDate": "2024-05-08 12:31:57",
        "calendarYear": "2024",
        "period": "Q1",
        "revenue": 631359000,
        "costOfRevenue": 238000000,
        "grossProfit": 392800000,
        "grossProfitRatio": 0.6221499971,
        "researchAndDevelopmentExpenses": 0,
        "generalAndAdministrativeExpenses": 142000000,
        "sellingAndMarketingExpenses": 5000000,
        "sellingGeneralAndAdministrativeExpenses": 147000000,
        "otherExpenses": 90000000,
        "operatingExpenses": 237000000,
        "costAndExpenses": 475475000,
        "interestIncome": 543000000,
        "interestExpense": 224000000,
        "depreciationAndAmortization": 14000000,
        "ebitda": 170000000,
        "ebitdaratio": 0.2692604366,
        "operatingIncome": 156000000,
        "operatingIncomeRatio": 0.2470860477,
        "totalOtherIncomeExpensesNet": 0,
        "incomeBeforeTax": 156000000,
        "incomeBeforeTaxRatio": 0.2470860477,
        "incomeTaxExpense": 34000000,
        "netIncome": 122000000,
        "netIncomeRatio": 0.1932339604,
        "eps": 0.32,
        "epsdiluted": 0.32,
        "weightedAverageShsOut": 361246000,
        "weightedAverageShsOutDil": 362619000,
        "link": "https://www.sec.gov/Archives/edgar/data/37808/000003780824000011/0000037808-24-000011-index.htm",
        "finalLink": "https://www.sec.gov/Archives/edgar/data/37808/000003780824000011/fnb-20240331.htm"
    },
    {
        "date": "2023-12-31",
        "symbol": "FNB",
        "reportedCurrency": "USD",
        "cik": "0000037808",
        "fillingDate": "2024-02-26",
        "acceptedDate": "2024-02-26 17:29:49",
        "calendarYear": "2023",
        "period": "Q4",
        "revenue": 544670000,
        "costOfRevenue": 221000000,
        "grossProfit": 324000000,
        "grossProfitRatio": 0.5948556006,
        "researchAndDevelopmentExpenses": 0,
        "generalAndAdministrativeExpenses": 152000000,
        "sellingAndMarketingExpenses": 4000000,
        "sellingGeneralAndAdministrativeExpenses": 156000000,
        "otherExpenses": 109000000,
        "operatingExpenses": 265000000,
        "costAndExpenses": 486371000,
        "interestIncome": 532000000,
        "interestExpense": 207000000,
        "depreciationAndAmortization": 17000000,
        "ebitda": 76000000,
        "ebitdaratio": 0.1395340298,
        "operatingIncome": 59000000,
        "operatingIncomeRatio": 0.1083224705,
        "totalOtherIncomeExpensesNet": 0,
        "incomeBeforeTax": 59000000,
        "incomeBeforeTaxRatio": 0.1083224705,
        "incomeTaxExpense": 8000000,
        "netIncome": 51000000,
        "netIncomeRatio": 0.0936346779,
        "eps": 0.13,
        "epsdiluted": 0.13,
        "weightedAverageShsOut": 374323000,
        "weightedAverageShsOutDil": 374323000,
        "link": "https://www.sec.gov/Archives/edgar/data/37808/000003780824000006/0000037808-24-000006-index.htm",
        "finalLink": "https://www.sec.gov/Archives/edgar/data/37808/000003780824000006/fnb-20231231.htm"
    },
    {
        "date": "2023-09-30",
        "symbol": "FNB",
        "reportedCurrency": "USD",
        "cik": "0000037808",
        "fillingDate": "2023-11-03",
        "acceptedDate": "2023-11-03 12:06:32",
        "calendarYear": "2023",
        "period": "Q3",
        "revenue": 594000000,
        "costOfRevenue": 212000000,
        "grossProfit": 382000000,
        "grossProfitRatio": 0.6430976431,
        "researchAndDevelopmentExpenses": 0,
        "generalAndAdministrativeExpenses": 121617000,
        "sellingAndMarketingExpenses": 5000000,
        "sellingGeneralAndAdministrativeExpenses": 127036000,
        "otherExpenses": 91000000,
        "operatingExpenses": 218000000,
        "costAndExpenses": 430000000,
        "interestIncome": 513361000,
        "interestExpense": 186780000,
        "depreciationAndAmortization": 19000000,
        "ebitda": 183000000,
        "ebitdaratio": 0.3080808081,
        "operatingIncome": 164000000,
        "operatingIncomeRatio": 0.2760942761,
        "totalOtherIncomeExpensesNet": 0,
        "incomeBeforeTax": 164000000,
        "incomeBeforeTaxRatio": 0.2760942761,
        "incomeTaxExpense": 19000000,
        "netIncome": 145000000,
        "netIncomeRatio": 0.2441077441,
        "eps": 0.4,
        "epsdiluted": 0.4,
        "weightedAverageShsOut": 360847000,
        "weightedAverageShsOutDil": 361778000,
        "link": "https://www.sec.gov/Archives/edgar/data/37808/000003780823000024/0000037808-23-000024-index.htm",
        "finalLink": "https://www.sec.gov/Archives/edgar/data/37808/000003780823000024/fnb-20230930.htm"
    },
    {
        "date": "2023-06-30",
        "symbol": "FNB",
        "reportedCurrency": "USD",
        "cik": "0000037808",
        "fillingDate": "2023-08-04",
        "acceptedDate": "2023-08-04 12:41:27",
        "calendarYear": "2023",
        "period": "Q2",
        "revenue": 565000000,
        "costOfRevenue": 174000000,
        "grossProfit": 391000000,
        "grossProfitRatio": 0.6920353982,
        "researchAndDevelopmentExpenses": 0,
        "generalAndAdministrativeExpenses": 121663000,
        "sellingAndMarketingExpenses": 4000000,
        "sellingGeneralAndAdministrativeExpenses": 125606000,
        "otherExpenses": 86000000,
        "operatingExpenses": 212000000,
        "costAndExpenses": 386000000,
        "interestIncome": 484200000,
        "interestExpense": 154956000,
        "depreciationAndAmortization": 21000000,
        "ebitda": 200000000,
        "ebitdaratio": 0.3539823009,
        "operatingIncome": 179000000,
        "operatingIncomeRatio": 0.3168141593,
        "totalOtherIncomeExpensesNet": 0,
        "incomeBeforeTax": 179000000,
        "incomeBeforeTaxRatio": 0.3168141593,
        "incomeTaxExpense": 37000000,
        "netIncome": 142000000,
        "netIncomeRatio": 0.2513274336,
        "eps": 0.39,
        "epsdiluted": 0.39,
        "weightedAverageShsOut": 360124000,
        "weightedAverageShsOutDil": 362626000,
        "link": "https://www.sec.gov/Archives/edgar/data/37808/000003780823000020/0000037808-23-000020-index.htm",
        "finalLink": "https://www.sec.gov/Archives/edgar/data/37808/000003780823000020/fnb-20230630.htm"
    },
    {
        "date": "2023-03-31",
        "symbol": "FNB",
        "reportedCurrency": "USD",
        "cik": "0000037808",
        "fillingDate": "2023-05-05",
        "acceptedDate": "2023-05-05 11:57:35",
        "calendarYear": "2023",
        "period": "Q1",
        "revenue": 523000000,
        "costOfRevenue": 121000000,
        "grossProfit": 402000000,
        "grossProfitRatio": 0.7686424474,
        "researchAndDevelopmentExpenses": 0,
        "generalAndAdministrativeExpenses": 127000000,
        "sellingAndMarketingExpenses": 4000000,
        "sellingGeneralAndAdministrativeExpenses": 131000000,
        "otherExpenses": 89000000,
        "operatingExpenses": 220000000,
        "costAndExpenses": 341000000,
        "interestIncome": 443503000,
        "interestExpense": 106849000,
        "depreciationAndAmortization": 21000000,
        "ebitda": 203000000,
        "ebitdaratio": 0.3881453155,
        "operatingIncome": 182000000,
        "operatingIncomeRatio": 0.3479923518,
        "totalOtherIncomeExpensesNet": 0,
        "incomeBeforeTax": 182065000,
        "incomeBeforeTaxRatio": 0.3481166348,
        "incomeTaxExpense": 35000000,
        "netIncome": 147000000,
        "netIncomeRatio": 0.2810707457,
        "eps": 0.4,
        "epsdiluted": 0.4,
        "weightedAverageShsOut": 360859000,
        "weightedAverageShsOutDil": 364930000,
        "link": "https://www.sec.gov/Archives/edgar/data/37808/000003780823000009/0000037808-23-000009-index.htm",
        "finalLink": "https://www.sec.gov/Archives/edgar/data/37808/000003780823000009/fnb-20230331.htm"
    },
    {
        "date": "2022-12-31",
        "symbol": "FNB",
        "reportedCurrency": "USD",
        "cik": "0000037808",
        "fillingDate": "2023-02-24",
        "acceptedDate": "2023-02-24 15:47:39",
        "calendarYear": "2022",
        "period": "Q4",
        "revenue": 488000000,
        "costOfRevenue": 101000000,
        "grossProfit": 387000000,
        "grossProfitRatio": 0.7930327869,
        "researchAndDevelopmentExpenses": 0,
        "generalAndAdministrativeExpenses": 108000000,
        "sellingAndMarketingExpenses": 5000000,
        "sellingGeneralAndAdministrativeExpenses": 113000000,
        "otherExpenses": 98000000,
        "operatingExpenses": 211000000,
        "costAndExpenses": 312000000,
        "interestIncome": 407882000,
        "interestExpense": 72993000,
        "depreciationAndAmortization": 19000000,
        "ebitda": 195000000,
        "ebitdaratio": 0.3995901639,
        "operatingIncome": 176000000,
        "operatingIncomeRatio": 0.3606557377,
        "totalOtherIncomeExpensesNet": 0,
        "incomeBeforeTax": 175730000,
        "incomeBeforeTaxRatio": 0.360102459,
        "incomeTaxExpense": 37000000,
        "netIncome": 139000000,
        "netIncomeRatio": 0.2848360656,
        "eps": 0.39,
        "epsdiluted": 0.38,
        "weightedAverageShsOut": 352462000,
        "weightedAverageShsOutDil": 357791000,
        "link": "https://www.sec.gov/Archives/edgar/data/37808/000003780823000005/0000037808-23-000005-index.htm",
        "finalLink": "https://www.sec.gov/Archives/edgar/data/37808/000003780823000005/fnb-20221231.htm"
    },
    {
        "date": "2022-09-30",
        "symbol": "FNB",
        "reportedCurrency": "USD",
        "cik": "0000037808",
        "fillingDate": "2022-11-04",
        "acceptedDate": "2022-11-04 14:39:55",
        "calendarYear": "2022",
        "period": "Q3",
        "revenue": 426000000,
        "costOfRevenue": 58000000,
        "grossProfit": 368000000,
        "grossProfitRatio": 0.8638497653,
        "researchAndDevelopmentExpenses": 0,
        "generalAndAdministrativeExpenses": 112000000,
        "sellingAndMarketingExpenses": 3000000,
        "sellingGeneralAndAdministrativeExpenses": 115000000,
        "otherExpenses": 80000000,
        "operatingExpenses": 195000000,
        "costAndExpenses": 253000000,
        "interestIncome": 342714000,
        "interestExpense": 45589000,
        "depreciationAndAmortization": 19000000,
        "ebitda": 192000000,
        "ebitdaratio": 0.4507042254,
        "operatingIncome": 173000000,
        "operatingIncomeRatio": 0.4061032864,
        "totalOtherIncomeExpensesNet": 0,
        "incomeBeforeTax": 173344000,
        "incomeBeforeTaxRatio": 0.4069107981,
        "incomeTaxExpense": 35000000,
        "netIncome": 137498000,
        "netIncomeRatio": 0.3227652582,
        "eps": 0.39,
        "epsdiluted": 0.38,
        "weightedAverageShsOut": 347405000,
        "weightedAverageShsOutDil": 354654000,
        "link": "https://www.sec.gov/Archives/edgar/data/37808/000003780822000023/0000037808-22-000023-index.htm",
        "finalLink": "https://www.sec.gov/Archives/edgar/data/37808/000003780822000023/fnb-20220930.htm"
    },
    {
        "date": "2022-06-30",
        "symbol": "FNB",
        "reportedCurrency": "USD",
        "cik": "0000037808",
        "fillingDate": "2022-08-05",
        "acceptedDate": "2022-08-05 10:14:30",
        "calendarYear": "2022",
        "period": "Q2",
        "revenue": 362000000,
        "costOfRevenue": 32000000,
        "grossProfit": 329800000,
        "grossProfitRatio": 0.9110497238,
        "researchAndDevelopmentExpenses": 0,
        "generalAndAdministrativeExpenses": 109000000,
        "sellingAndMarketingExpenses": 5000000,
        "sellingGeneralAndAdministrativeExpenses": 114000000,
        "otherExpenses": 79000000,
        "operatingExpenses": 193000000,
        "costAndExpenses": 225000000,
        "interestIncome": 280778000,
        "interestExpense": 26000000,
        "depreciationAndAmortization": 20000000,
        "ebitda": 157000000,
        "ebitdaratio": 0.4337016575,
        "operatingIncome": 137000000,
        "operatingIncomeRatio": 0.3784530387,
        "totalOtherIncomeExpensesNet": 0,
        "incomeBeforeTax": 136648000,
        "incomeBeforeTaxRatio": 0.377480663,
        "incomeTaxExpense": 28000000,
        "netIncome": 109142000,
        "netIncomeRatio": 0.3014972376,
        "eps": 0.3,
        "epsdiluted": 0.3,
        "weightedAverageShsOut": 354687000,
        "weightedAverageShsOutDil": 354687000,
        "link": "https://www.sec.gov/Archives/edgar/data/37808/000003780822000018/0000037808-22-000018-index.htm",
        "finalLink": "https://www.sec.gov/Archives/edgar/data/37808/000003780822000018/fnb-20220630.htm"
    },
    {
        "date": "2022-03-31",
        "symbol": "FNB",
        "reportedCurrency": "USD",
        "cik": "0000037808",
        "fillingDate": "2022-05-05",
        "acceptedDate": "2022-05-05 16:50:47",
        "calendarYear": "2022",
        "period": "Q1",
        "revenue": 332000000,
        "costOfRevenue": 38000000,
        "grossProfit": 294000000,
        "grossProfitRatio": 0.8855421687,
        "researchAndDevelopmentExpenses": 0,
        "generalAndAdministrativeExpenses": 117000000,
        "sellingAndMarketingExpenses": 3000000,
        "sellingGeneralAndAdministrativeExpenses": 120000000,
        "otherExpenses": 107000000,
        "operatingExpenses": 227000000,
        "costAndExpenses": 265000000,
        "interestIncome": 253580000,
        "interestExpense": 20000000,
        "depreciationAndAmortization": 15000000,
        "ebitda": 82000000,
        "ebitdaratio": 0.2469879518,
        "operatingIncome": 67000000,
        "operatingIncomeRatio": 0.2018072289,
        "totalOtherIncomeExpensesNet": 0,
        "incomeBeforeTax": 67013000,
        "incomeBeforeTaxRatio": 0.2018463855,
        "incomeTaxExpense": 14015000,
        "netIncome": 52998000,
        "netIncomeRatio": 0.1596325301,
        "eps": 0.15,
        "epsdiluted": 0.15,
        "weightedAverageShsOut": 339920000,
        "weightedAverageShsOutDil": 348926000,
        "link": "https://www.sec.gov/Archives/edgar/data/37808/000003780822000010/0000037808-22-000010-index.htm",
        "finalLink": "https://www.sec.gov/Archives/edgar/data/37808/000003780822000010/fnb-20220331.htm"
    },
    {
        "date": "2021-12-31",
        "symbol": "FNB",
        "reportedCurrency": "USD",
        "cik": "0000037808",
        "fillingDate": "2022-02-24",
        "acceptedDate": "2022-02-24 17:13:33",
        "calendarYear": "2021",
        "period": "Q4",
        "revenue": 324000000,
        "costOfRevenue": 19000000,
        "grossProfit": 302264000,
        "grossProfitRatio": 0.9329135802,
        "researchAndDevelopmentExpenses": 0,
        "generalAndAdministrativeExpenses": 109000000,
        "sellingAndMarketingExpenses": 14000000,
        "sellingGeneralAndAdministrativeExpenses": 123000000,
        "otherExpenses": 59000000,
        "operatingExpenses": 182000000,
        "costAndExpenses": 201000000,
        "interestIncome": 244752000,
        "interestExpense": 21000000,
        "depreciationAndAmortization": 11000000,
        "ebitda": 134000000,
        "ebitdaratio": 0.4135802469,
        "operatingIncome": 123000000,
        "operatingIncomeRatio": 0.3796296296,
        "totalOtherIncomeExpensesNet": 0,
        "incomeBeforeTax": 123034000,
        "incomeBeforeTaxRatio": 0.3797345679,
        "incomeTaxExpense": 24000000,
        "netIncome": 98467000,
        "netIncomeRatio": 0.3039104938,
        "eps": 0.3,
        "epsdiluted": 0.3,
        "weightedAverageShsOut": 321520000,
        "weightedAverageShsOutDil": 323025000,
        "link": "https://www.sec.gov/Archives/edgar/data/37808/000003780822000005/0000037808-22-000005-index.htm",
        "finalLink": "https://www.sec.gov/Archives/edgar/data/37808/000003780822000005/fnb-20211231.htm"
    },
    {
        "date": "2021-09-30",
        "symbol": "FNB",
        "reportedCurrency": "USD",
        "cik": "0000037808",
        "fillingDate": "2021-11-04",
        "acceptedDate": "2021-11-04 13:32:06",
        "calendarYear": "2021",
        "period": "Q3",
        "revenue": 344000000,
        "costOfRevenue": 22000000,
        "grossProfit": 320000000,
        "grossProfitRatio": 0.9302325581,
        "researchAndDevelopmentExpenses": 0,
        "generalAndAdministrativeExpenses": 109000000,
        "sellingAndMarketingExpenses": 4000000,
        "sellingGeneralAndAdministrativeExpenses": 113000000,
        "otherExpenses": 71000000,
        "operatingExpenses": 184000000,
        "costAndExpenses": 206000000,
        "interestIncome": 255640000,
        "interestExpense": 24000000,
        "depreciationAndAmortization": -3000000,
        "ebitda": 135000000,
        "ebitdaratio": 0.3924418605,
        "operatingIncome": 138000000,
        "operatingIncomeRatio": 0.4011627907,
        "totalOtherIncomeExpensesNet": 0,
        "incomeBeforeTax": 138840000,
        "incomeBeforeTaxRatio": 0.4036046512,
        "incomeTaxExpense": 27000000,
        "netIncome": 111513000,
        "netIncomeRatio": 0.3241656977,
        "eps": 0.34,
        "epsdiluted": 0.34,
        "weightedAverageShsOut": 319513000,
        "weightedAverageShsOutDil": 322861000,
        "link": "https://www.sec.gov/Archives/edgar/data/37808/000003780821000032/0000037808-21-000032-index.htm",
        "finalLink": "https://www.sec.gov/Archives/edgar/data/37808/000003780821000032/fnb-20210930.htm"
    },
    {
        "date": "2021-06-30",
        "symbol": "FNB",
        "reportedCurrency": "USD",
        "cik": "0000037808",
        "fillingDate": "2021-08-05",
        "acceptedDate": "2021-08-05 11:46:59",
        "calendarYear": "2021",
        "period": "Q2",
        "revenue": 333000000,
        "costOfRevenue": 24000000,
        "grossProfit": 307643000,
        "grossProfitRatio": 0.9238528529,
        "researchAndDevelopmentExpenses": 0,
        "generalAndAdministrativeExpenses": 106000000,
        "sellingAndMarketingExpenses": 4000000,
        "sellingGeneralAndAdministrativeExpenses": 110000000,
        "otherExpenses": 72000000,
        "operatingExpenses": 182000000,
        "costAndExpenses": 206000000,
        "interestIncome": 252846000,
        "interestExpense": 24975000,
        "depreciationAndAmortization": 1000000,
        "ebitda": 128000000,
        "ebitdaratio": 0.3843843844,
        "operatingIncome": 127000000,
        "operatingIncomeRatio": 0.3813813814,
        "totalOtherIncomeExpensesNet": 0,
        "incomeBeforeTax": 126269000,
        "incomeBeforeTaxRatio": 0.3791861862,
        "incomeTaxExpense": 24882000,
        "netIncome": 101387000,
        "netIncomeRatio": 0.3044654655,
        "eps": 0.31,
        "epsdiluted": 0.31,
        "weightedAverageShsOut": 319599000,
        "weightedAverageShsOutDil": 323328000,
        "link": "https://www.sec.gov/Archives/edgar/data/37808/000003780821000027/0000037808-21-000027-index.htm",
        "finalLink": "https://www.sec.gov/Archives/edgar/data/37808/000003780821000027/fnb-20210630.htm"
    },
    {
        "date": "2021-03-31",
        "symbol": "FNB",
        "reportedCurrency": "USD",
        "cik": "0000037808",
        "fillingDate": "2021-05-06",
        "acceptedDate": "2021-05-06 11:17:45",
        "calendarYear": "2021",
        "period": "Q1",
        "revenue": 334000000,
        "costOfRevenue": 34000000,
        "grossProfit": 297500000,
        "grossProfitRatio": 0.8907185629,
        "researchAndDevelopmentExpenses": 0,
        "generalAndAdministrativeExpenses": 112000000,
        "sellingAndMarketingExpenses": 3000000,
        "sellingGeneralAndAdministrativeExpenses": 115000000,
        "otherExpenses": 70000000,
        "operatingExpenses": 185000000,
        "costAndExpenses": 219000000,
        "interestIncome": 251472000,
        "interestExpense": 28000000,
        "depreciationAndAmortization": 1000000,
        "ebitda": 116000000,
        "ebitdaratio": 0.3473053892,
        "operatingIncome": 115000000,
        "operatingIncomeRatio": 0.3443113772,
        "totalOtherIncomeExpensesNet": 0,
        "incomeBeforeTax": 114955000,
        "incomeBeforeTaxRatio": 0.3441766467,
        "incomeTaxExpense": 22000000,
        "netIncome": 93235000,
        "netIncomeRatio": 0.2791467066,
        "eps": 0.28,
        "epsdiluted": 0.28,
        "weightedAverageShsOut": 324745000,
        "weightedAverageShsOutDil": 324745000,
        "link": "https://www.sec.gov/Archives/edgar/data/37808/000003780821000015/0000037808-21-000015-index.htm",
        "finalLink": "https://www.sec.gov/Archives/edgar/data/37808/000003780821000015/fnb-20210331.htm"
    },
    {
        "date": "2020-12-31",
        "symbol": "FNB",
        "reportedCurrency": "USD",
        "cik": "0000037808",
        "fillingDate": "2021-02-25",
        "acceptedDate": "2021-02-25 16:45:21",
        "calendarYear": "2020",
        "period": "Q4",
        "revenue": 355000000,
        "costOfRevenue": 54000000,
        "grossProfit": 301000000,
        "grossProfitRatio": 0.8478873239,
        "researchAndDevelopmentExpenses": 0,
        "generalAndAdministrativeExpenses": 113000000,
        "sellingAndMarketingExpenses": 0,
        "sellingGeneralAndAdministrativeExpenses": 113000000,
        "otherExpenses": 103000000,
        "operatingExpenses": 216000000,
        "costAndExpenses": 270000000,
        "interestIncome": 270889000,
        "interestExpense": 36000000,
        "depreciationAndAmortization": -8000000,
        "ebitda": 77000000,
        "ebitdaratio": 0.2169014085,
        "operatingIncome": 85000000,
        "operatingIncomeRatio": 0.2394366197,
        "totalOtherIncomeExpensesNet": 0,
        "incomeBeforeTax": 85000000,
        "incomeBeforeTaxRatio": 0.2394366197,
        "incomeTaxExpense": 13000000,
        "netIncome": 72203000,
        "netIncomeRatio": 0.2033887324,
        "eps": 0.22,
        "epsdiluted": 0.22,
        "weightedAverageShsOut": 319055000,
        "weightedAverageShsOutDil": 324877000,
        "link": "https://www.sec.gov/Archives/edgar/data/37808/000003780821000011/0000037808-21-000011-index.htm",
        "finalLink": "https://www.sec.gov/Archives/edgar/data/37808/000003780821000011/fnb-20201231.htm"
    },
    {
        "date": "2020-09-30",
        "symbol": "FNB",
        "reportedCurrency": "USD",
        "cik": "0000037808",
        "fillingDate": "2020-11-03",
        "acceptedDate": "2020-11-03 16:10:40",
        "calendarYear": "2020",
        "period": "Q3",
        "revenue": 357000000,
        "costOfRevenue": 73000000,
        "grossProfit": 284000000,
        "grossProfitRatio": 0.7955182073,
        "researchAndDevelopmentExpenses": 0,
        "generalAndAdministrativeExpenses": 104000000,
        "sellingAndMarketingExpenses": 0,
        "sellingGeneralAndAdministrativeExpenses": 104000000,
        "otherExpenses": 80000000,
        "operatingExpenses": 184000000,
        "costAndExpenses": 257000000,
        "interestIncome": 272431000,
        "interestExpense": 46000000,
        "depreciationAndAmortization": 0,
        "ebitda": 100000000,
        "ebitdaratio": 0.2801120448,
        "operatingIncome": 100000000,
        "operatingIncomeRatio": 0.2801120448,
        "totalOtherIncomeExpensesNet": 0,
        "incomeBeforeTax": 99700000,
        "incomeBeforeTaxRatio": 0.2792717087,
        "incomeTaxExpense": 16924000,
        "netIncome": 82776000,
        "netIncomeRatio": 0.2318655462,
        "eps": 0.25,
        "epsdiluted": 0.25,
        "weightedAverageShsOut": 323380000,
        "weightedAverageShsOutDil": 325663000,
        "link": "https://www.sec.gov/Archives/edgar/data/37808/000003780820000031/0000037808-20-000031-index.htm",
        "finalLink": "https://www.sec.gov/Archives/edgar/data/37808/000003780820000031/fnb-20200930.htm"
    },
    {
        "date": "2020-06-30",
        "symbol": "FNB",
        "reportedCurrency": "USD",
        "cik": "0000037808",
        "fillingDate": "2020-08-05",
        "acceptedDate": "2020-08-05 16:02:01",
        "calendarYear": "2020",
        "period": "Q2",
        "revenue": 358000000,
        "costOfRevenue": 82000000,
        "grossProfit": 276000000,
        "grossProfitRatio": 0.7709497207,
        "researchAndDevelopmentExpenses": 0,
        "generalAndAdministrativeExpenses": 99000000,
        "sellingAndMarketingExpenses": 0,
        "sellingGeneralAndAdministrativeExpenses": 99000000,
        "otherExpenses": 77000000,
        "operatingExpenses": 176000000,
        "costAndExpenses": 258000000,
        "interestIncome": 280846000,
        "interestExpense": 52000000,
        "depreciationAndAmortization": 1000000,
        "ebitda": 101000000,
        "ebitdaratio": 0.282122905,
        "operatingIncome": 100000000,
        "operatingIncomeRatio": 0.2793296089,
        "totalOtherIncomeExpensesNet": 0,
        "incomeBeforeTax": 99480000,
        "incomeBeforeTaxRatio": 0.277877095,
        "incomeTaxExpense": 15870000,
        "netIncome": 83610000,
        "netIncomeRatio": 0.233547486,
        "eps": 0.25,
        "epsdiluted": 0.25,
        "weightedAverageShsOut": 323304000,
        "weightedAverageShsOutDil": 325153000,
        "link": "https://www.sec.gov/Archives/edgar/data/37808/000003780820000022/0000037808-20-000022-index.htm",
        "finalLink": "https://www.sec.gov/Archives/edgar/data/37808/000003780820000022/fnb-20200630.htm"
    },
    {
        "date": "2020-03-31",
        "symbol": "FNB",
        "reportedCurrency": "USD",
        "cik": "0000037808",
        "fillingDate": "2020-05-07",
        "acceptedDate": "2020-05-07 15:54:46",
        "calendarYear": "2020",
        "period": "Q1",
        "revenue": 375000000,
        "costOfRevenue": 122000000,
        "grossProfit": 253000000,
        "grossProfitRatio": 0.6746666667,
        "researchAndDevelopmentExpenses": 0,
        "generalAndAdministrativeExpenses": 110000000,
        "sellingAndMarketingExpenses": 0,
        "sellingGeneralAndAdministrativeExpenses": 110000000,
        "otherExpenses": 85000000,
        "operatingExpenses": 195000000,
        "costAndExpenses": 317000000,
        "interestIncome": 306140000,
        "interestExpense": 73509000,
        "depreciationAndAmortization": 4000000,
        "ebitda": 62000000,
        "ebitdaratio": 0.1653333333,
        "operatingIncome": 58000000,
        "operatingIncomeRatio": 0.1546666667,
        "totalOtherIncomeExpensesNet": 0,
        "incomeBeforeTax": 58427000,
        "incomeBeforeTaxRatio": 0.1558053333,
        "incomeTaxExpense": 11010000,
        "netIncome": 47417000,
        "netIncomeRatio": 0.1264453333,
        "eps": 0.14,
        "epsdiluted": 0.14,
        "weightedAverageShsOut": 324248000,
        "weightedAverageShsOutDil": 326045000,
        "link": "https://www.sec.gov/Archives/edgar/data/37808/000003780820000009/0000037808-20-000009-index.htm",
        "finalLink": "https://www.sec.gov/Archives/edgar/data/37808/000003780820000009/fnb10-qq12020.htm"
    },
    {
        "date": "2019-12-31",
        "symbol": "FNB",
        "reportedCurrency": "USD",
        "cik": "0000037808",
        "fillingDate": "2020-02-27",
        "acceptedDate": "2020-02-27 17:23:42",
        "calendarYear": "2019",
        "period": "Q4",
        "revenue": 380000000,
        "costOfRevenue": 87000000,
        "grossProfit": 293000000,
        "grossProfitRatio": 0.7710526316,
        "researchAndDevelopmentExpenses": 0,
        "generalAndAdministrativeExpenses": 101000000,
        "sellingAndMarketingExpenses": 0,
        "sellingGeneralAndAdministrativeExpenses": 101000000,
        "otherExpenses": 76000000,
        "operatingExpenses": 177000000,
        "costAndExpenses": 264000000,
        "interestIncome": 306064000,
        "interestExpense": 79627000,
        "depreciationAndAmortization": 12000000,
        "ebitda": 128000000,
        "ebitdaratio": 0.3368421053,
        "operatingIncome": 116000000,
        "operatingIncomeRatio": 0.3052631579,
        "totalOtherIncomeExpensesNet": 0,
        "incomeBeforeTax": 115569000,
        "incomeBeforeTaxRatio": 0.3041289474,
        "incomeTaxExpense": 21000000,
        "netIncome": 95193000,
        "netIncomeRatio": 0.2505078947,
        "eps": 0.29,
        "epsdiluted": 0.29,
        "weightedAverageShsOut": 321317000,
        "weightedAverageShsOutDil": 326516000,
        "link": "https://www.sec.gov/Archives/edgar/data/37808/000003780820000004/0000037808-20-000004-index.htm",
        "finalLink": "https://www.sec.gov/Archives/edgar/data/37808/000003780820000004/fnb-10xk2019xq4.htm"
    },
    {
        "date": "2019-09-30",
        "symbol": "FNB",
        "reportedCurrency": "USD",
        "cik": "0000037808",
        "fillingDate": "2019-11-07",
        "acceptedDate": "2019-11-07 15:21:38",
        "calendarYear": "2019",
        "period": "Q3",
        "revenue": 394000000,
        "costOfRevenue": 96000000,
        "grossProfit": 295100000,
        "grossProfitRatio": 0.7489847716,
        "researchAndDevelopmentExpenses": 0,
        "generalAndAdministrativeExpenses": 99000000,
        "sellingAndMarketingExpenses": 0,
        "sellingGeneralAndAdministrativeExpenses": 99000000,
        "otherExpenses": 79000000,
        "operatingExpenses": 178000000,
        "costAndExpenses": 274000000,
        "interestIncome": 314411000,
        "interestExpense": 84609000,
        "depreciationAndAmortization": 13000000,
        "ebitda": 133000000,
        "ebitdaratio": 0.3375634518,
        "operatingIncome": 120000000,
        "operatingIncomeRatio": 0.3045685279,
        "totalOtherIncomeExpensesNet": 0,
        "incomeBeforeTax": 120108000,
        "incomeBeforeTaxRatio": 0.3048426396,
        "incomeTaxExpense": 17000000,
        "netIncome": 102742000,
        "netIncomeRatio": 0.2607664975,
        "eps": 0.31,
        "epsdiluted": 0.31,
        "weightedAverageShsOut": 325031000,
        "weightedAverageShsOutDil": 326100000,
        "link": "https://www.sec.gov/Archives/edgar/data/37808/000003780819000026/0000037808-19-000026-index.htm",
        "finalLink": "https://www.sec.gov/Archives/edgar/data/37808/000003780819000026/fnb10-qq32019.htm"
    },
    {
        "date": "2019-06-30",
        "symbol": "FNB",
        "reportedCurrency": "USD",
        "cik": "0000037808",
        "fillingDate": "2019-08-06",
        "acceptedDate": "2019-08-06 17:25:29",
        "calendarYear": "2019",
        "period": "Q2",
        "revenue": 392000000,
        "costOfRevenue": 98000000,
        "grossProfit": 294000000,
        "grossProfitRatio": 0.75,
        "researchAndDevelopmentExpenses": 0,
        "generalAndAdministrativeExpenses": 101000000,
        "sellingAndMarketingExpenses": 0,
        "sellingGeneralAndAdministrativeExpenses": 101000000,
        "otherExpenses": 74000000,
        "operatingExpenses": 175000000,
        "costAndExpenses": 273000000,
        "interestIncome": 316234000,
        "interestExpense": 87000000,
        "depreciationAndAmortization": 13000000,
        "ebitda": 132000000,
        "ebitdaratio": 0.3367346939,
        "operatingIncome": 119000000,
        "operatingIncomeRatio": 0.3035714286,
        "totalOtherIncomeExpensesNet": 0,
        "incomeBeforeTax": 118532000,
        "incomeBeforeTaxRatio": 0.302377551,
        "incomeTaxExpense": 24000000,
        "netIncome": 95187000,
        "netIncomeRatio": 0.2428239796,
        "eps": 0.29,
        "epsdiluted": 0.29,
        "weightedAverageShsOut": 321300000,
        "weightedAverageShsOutDil": 325949000,
        "link": "https://www.sec.gov/Archives/edgar/data/37808/000003780819000021/0000037808-19-000021-index.htm",
        "finalLink": "https://www.sec.gov/Archives/edgar/data/37808/000003780819000021/fnb10-qq22019.htm"
    },
    {
        "date": "2019-03-31",
        "symbol": "FNB",
        "reportedCurrency": "USD",
        "cik": "0000037808",
        "fillingDate": "2019-05-07",
        "acceptedDate": "2019-05-07 11:59:44",
        "calendarYear": "2019",
        "period": "Q1",
        "revenue": 375000000,
        "costOfRevenue": 93000000,
        "grossProfit": 282000000,
        "grossProfitRatio": 0.752,
        "researchAndDevelopmentExpenses": 0,
        "generalAndAdministrativeExpenses": 97000000,
        "sellingAndMarketingExpenses": 0,
        "sellingGeneralAndAdministrativeExpenses": 97000000,
        "otherExpenses": 69000000,
        "operatingExpenses": 166000000,
        "costAndExpenses": 259000000,
        "interestIncome": 310310000,
        "interestExpense": 79717000,
        "depreciationAndAmortization": 7000000,
        "ebitda": 123000000,
        "ebitdaratio": 0.328,
        "operatingIncome": 116000000,
        "operatingIncomeRatio": 0.3093333333,
        "totalOtherIncomeExpensesNet": 0,
        "incomeBeforeTax": 116607000,
        "incomeBeforeTaxRatio": 0.310952,
        "incomeTaxExpense": 22000000,
        "netIncome": 94127000,
        "netIncomeRatio": 0.2510053333,
        "eps": 0.28,
        "epsdiluted": 0.28,
        "weightedAverageShsOut": 325829000,
        "weightedAverageShsOutDil": 325829000,
        "link": "https://www.sec.gov/Archives/edgar/data/37808/000003780819000010/0000037808-19-000010-index.htm",
        "finalLink": "https://www.sec.gov/Archives/edgar/data/37808/000003780819000010/fnb10-qq12019.htm"
    },
    {
        "date": "2018-12-31",
        "symbol": "FNB",
        "reportedCurrency": "USD",
        "cik": "0000037808",
        "fillingDate": "2019-02-26",
        "acceptedDate": "2019-02-26 16:07:43",
        "calendarYear": "2018",
        "period": "Q4",
        "revenue": 373915000,
        "costOfRevenue": 88364000,
        "grossProfit": 285551000,
        "grossProfitRatio": 0.763678911,
        "researchAndDevelopmentExpenses": 0,
        "generalAndAdministrativeExpenses": 98646000,
        "sellingAndMarketingExpenses": 0,
        "sellingGeneralAndAdministrativeExpenses": 98646000,
        "otherExpenses": 71529000,
        "operatingExpenses": 170175000,
        "costAndExpenses": 258539000,
        "interestIncome": 305340000,
        "interestExpense": 73098000,
        "depreciationAndAmortization": 26926000,
        "ebitda": 142302000,
        "ebitdaratio": 0.3805731249,
        "operatingIncome": 115376000,
        "operatingIncomeRatio": 0.3085621064,
        "totalOtherIncomeExpensesNet": 0,
        "incomeBeforeTax": 115757000,
        "incomeBeforeTaxRatio": 0.3095810545,
        "incomeTaxExpense": 15107000,
        "netIncome": 100127000,
        "netIncomeRatio": 0.2677801105,
        "eps": 0.3,
        "epsdiluted": 0.3,
        "weightedAverageShsOut": 327053000,
        "weightedAverageShsOutDil": 327053000,
        "link": "https://www.sec.gov/Archives/edgar/data/37808/000003780819000005/0000037808-19-000005-index.htm",
        "finalLink": "https://www.sec.gov/Archives/edgar/data/37808/000003780819000005/fnb-10xk2018xq4.htm"
    },
    {
        "date": "2018-09-30",
        "symbol": "FNB",
        "reportedCurrency": "USD",
        "cik": "0000037808",
        "fillingDate": "2018-11-07",
        "acceptedDate": "2018-11-07 12:49:02",
        "calendarYear": "2018",
        "period": "Q3",
        "revenue": 373000000,
        "costOfRevenue": 79000000,
        "grossProfit": 294000000,
        "grossProfitRatio": 0.7882037534,
        "researchAndDevelopmentExpenses": 0,
        "generalAndAdministrativeExpenses": 98356000,
        "sellingAndMarketingExpenses": 0,
        "sellingGeneralAndAdministrativeExpenses": 98356000,
        "otherExpenses": 72000000,
        "operatingExpenses": 171000000,
        "costAndExpenses": 250000000,
        "interestIncome": 297815000,
        "interestExpense": 63028000,
        "depreciationAndAmortization": 25000000,
        "ebitda": 148000000,
        "ebitdaratio": 0.3967828418,
        "operatingIncome": 123000000,
        "operatingIncomeRatio": 0.3297587131,
        "totalOtherIncomeExpensesNet": 0,
        "incomeBeforeTax": 122917000,
        "incomeBeforeTaxRatio": 0.329536193,
        "incomeTaxExpense": 22154000,
        "netIncome": 100763000,
        "netIncomeRatio": 0.2701420912,
        "eps": 0.3,
        "epsdiluted": 0.3,
        "weightedAverageShsOut": 329177000,
        "weightedAverageShsOutDil": 329177000,
        "link": "https://www.sec.gov/Archives/edgar/data/37808/000003780818000028/0000037808-18-000028-index.htm",
        "finalLink": "https://www.sec.gov/Archives/edgar/data/37808/000003780818000028/fnb10-qq32018.htm"
    },
    {
        "date": "2018-06-30",
        "symbol": "FNB",
        "reportedCurrency": "USD",
        "cik": "0000037808",
        "fillingDate": "2018-08-07",
        "acceptedDate": "2018-08-07 14:38:19",
        "calendarYear": "2018",
        "period": "Q2",
        "revenue": 359000000,
        "costOfRevenue": 70000000,
        "grossProfit": 289000000,
        "grossProfitRatio": 0.8050139276,
        "researchAndDevelopmentExpenses": 0,
        "generalAndAdministrativeExpenses": 107838000,
        "sellingAndMarketingExpenses": 0,
        "sellingGeneralAndAdministrativeExpenses": 107838000,
        "otherExpenses": 75000000,
        "operatingExpenses": 183000000,
        "costAndExpenses": 253000000,
        "interestIncome": 294117000,
        "interestExpense": 54000000,
        "depreciationAndAmortization": 33000000,
        "ebitda": 139000000,
        "ebitdaratio": 0.3871866295,
        "operatingIncome": 106000000,
        "operatingIncomeRatio": 0.295264624,
        "totalOtherIncomeExpensesNet": 0,
        "incomeBeforeTax": 105677000,
        "incomeBeforeTaxRatio": 0.2943649025,
        "incomeTaxExpense": 21000000,
        "netIncome": 85206000,
        "netIncomeRatio": 0.2373426184,
        "eps": 0.26,
        "epsdiluted": 0.26,
        "weightedAverageShsOut": 319985000,
        "weightedAverageShsOutDil": 325730000,
        "link": "https://www.sec.gov/Archives/edgar/data/37808/000003780818000024/0000037808-18-000024-index.htm",
        "finalLink": "https://www.sec.gov/Archives/edgar/data/37808/000003780818000024/fnb10-qq22018.htm"
    },
    {
        "date": "2018-03-31",
        "symbol": "FNB",
        "reportedCurrency": "USD",
        "cik": "0000037808",
        "fillingDate": "2018-05-10",
        "acceptedDate": "2018-05-10 12:00:15",
        "calendarYear": "2018",
        "period": "Q1",
        "revenue": 340000000,
        "costOfRevenue": 61000000,
        "grossProfit": 279000000,
        "grossProfitRatio": 0.8205882353,
        "researchAndDevelopmentExpenses": 0,
        "generalAndAdministrativeExpenses": 98160000,
        "sellingAndMarketingExpenses": 0,
        "sellingGeneralAndAdministrativeExpenses": 98160000,
        "otherExpenses": 73000000,
        "operatingExpenses": 171000000,
        "costAndExpenses": 232000000,
        "interestIncome": 272927000,
        "interestExpense": 46822000,
        "depreciationAndAmortization": 24000000,
        "ebitda": 132000000,
        "ebitdaratio": 0.3882352941,
        "operatingIncome": 108000000,
        "operatingIncomeRatio": 0.3176470588,
        "totalOtherIncomeExpensesNet": 0,
        "incomeBeforeTax": 108030000,
        "incomeBeforeTaxRatio": 0.3177352941,
        "incomeTaxExpense": 21000000,
        "netIncome": 86762000,
        "netIncomeRatio": 0.2551823529,
        "eps": 0.26,
        "epsdiluted": 0.26,
        "weightedAverageShsOut": 325969000,
        "weightedAverageShsOutDil": 325969000,
        "link": "https://www.sec.gov/Archives/edgar/data/37808/000003780818000012/0000037808-18-000012-index.htm",
        "finalLink": "https://www.sec.gov/Archives/edgar/data/37808/000003780818000012/fnb10-qq12018.htm"
    },
    {
        "date": "2017-12-31",
        "symbol": "FNB",
        "reportedCurrency": "USD",
        "cik": "0000037808",
        "fillingDate": "2018-02-28",
        "acceptedDate": "2018-02-28 11:36:12",
        "calendarYear": "2017",
        "period": "Q4",
        "revenue": 336189000,
        "costOfRevenue": 57748000,
        "grossProfit": 277581000,
        "grossProfitRatio": 0.8256694895,
        "researchAndDevelopmentExpenses": 0,
        "generalAndAdministrativeExpenses": 0,
        "sellingAndMarketingExpenses": 0,
        "sellingGeneralAndAdministrativeExpenses": 0,
        "otherExpenses": 48086000,
        "operatingExpenses": 166529000,
        "costAndExpenses": 224277000,
        "interestIncome": 271085000,
        "interestExpense": 41049000,
        "depreciationAndAmortization": 28448000,
        "ebitda": 140360000,
        "ebitdaratio": 0.4175032497,
        "operatingIncome": 111912000,
        "operatingIncomeRatio": 0.3328841812,
        "totalOtherIncomeExpensesNet": 0,
        "incomeBeforeTax": 111912000,
        "incomeBeforeTaxRatio": 0.3328841812,
        "incomeTaxExpense": 87786000,
        "netIncome": 24126000,
        "netIncomeRatio": 0.0717632046,
        "eps": 0.07,
        "epsdiluted": 0.07,
        "weightedAverageShsOut": 315929000,
        "weightedAverageShsOutDil": 325229000,
        "link": "https://www.sec.gov/Archives/edgar/data/37808/000003780818000005/0000037808-18-000005-index.htm",
        "finalLink": "https://www.sec.gov/Archives/edgar/data/37808/000003780818000005/fnb-10xk2017xq4.htm"
    },
    {
        "date": "2017-09-30",
        "symbol": "FNB",
        "reportedCurrency": "USD",
        "cik": "0000037808",
        "fillingDate": "2017-11-06",
        "acceptedDate": "2017-11-06 17:31:58",
        "calendarYear": "2017",
        "period": "Q3",
        "revenue": 329665000,
        "costOfRevenue": 55051000,
        "grossProfit": 274614000,
        "grossProfitRatio": 0.833009267,
        "researchAndDevelopmentExpenses": 0,
        "generalAndAdministrativeExpenses": 91566000,
        "sellingAndMarketingExpenses": 0,
        "sellingGeneralAndAdministrativeExpenses": 91566000,
        "otherExpenses": 72177000,
        "operatingExpenses": 163743000,
        "costAndExpenses": 218794000,
        "interestIncome": 263514000,
        "interestExpense": 38283000,
        "depreciationAndAmortization": 23957000,
        "ebitda": 134828000,
        "ebitdaratio": 0.4089848786,
        "operatingIncome": 110871000,
        "operatingIncomeRatio": 0.3363141371,
        "totalOtherIncomeExpensesNet": 0,
        "incomeBeforeTax": 110871000,
        "incomeBeforeTaxRatio": 0.3363141371,
        "incomeTaxExpense": 33178000,
        "netIncome": 77693000,
        "netIncomeRatio": 0.2356725767,
        "eps": 0.23,
        "epsdiluted": 0.23,
        "weightedAverageShsOut": 329057000,
        "weightedAverageShsOutDil": 329057000,
        "link": "https://www.sec.gov/Archives/edgar/data/37808/000003780817000009/0000037808-17-000009-index.htm",
        "finalLink": "https://www.sec.gov/Archives/edgar/data/37808/000003780817000009/fnb10qq32017.htm"
    },
    {
        "date": "2017-06-30",
        "symbol": "FNB",
        "reportedCurrency": "USD",
        "cik": "0000037808",
        "fillingDate": "2017-08-04",
        "acceptedDate": "2017-08-04 16:22:07",
        "calendarYear": "2017",
        "period": "Q2",
        "revenue": 317112000,
        "costOfRevenue": 49375000,
        "grossProfit": 267737000,
        "grossProfitRatio": 0.8442979137,
        "researchAndDevelopmentExpenses": 0,
        "generalAndAdministrativeExpenses": 94275000,
        "sellingAndMarketingExpenses": 0,
        "sellingGeneralAndAdministrativeExpenses": 94275000,
        "otherExpenses": 69439000,
        "operatingExpenses": 163714000,
        "costAndExpenses": 213089000,
        "interestIncome": 251034000,
        "interestExpense": 32619000,
        "depreciationAndAmortization": 19116000,
        "ebitda": 123139000,
        "ebitdaratio": 0.388313908,
        "operatingIncome": 104023000,
        "operatingIncomeRatio": 0.3280323671,
        "totalOtherIncomeExpensesNet": 0,
        "incomeBeforeTax": 104023000,
        "incomeBeforeTaxRatio": 0.3280323671,
        "incomeTaxExpense": 29617000,
        "netIncome": 74406000,
        "netIncomeRatio": 0.234636343,
        "eps": 0.22,
        "epsdiluted": 0.22,
        "weightedAverageShsOut": 329073000,
        "weightedAverageShsOutDil": 329073000,
        "link": "https://www.sec.gov/Archives/edgar/data/37808/000003780817000003/0000037808-17-000003-index.htm",
        "finalLink": "https://www.sec.gov/Archives/edgar/data/37808/000003780817000003/fnb10qq22017.htm"
    },
    {
        "date": "2017-03-31",
        "symbol": "FNB",
        "reportedCurrency": "USD",
        "cik": "0000037808",
        "fillingDate": "2017-05-08",
        "acceptedDate": "2017-05-08 17:29:19",
        "calendarYear": "2017",
        "period": "Q1",
        "revenue": 249809000,
        "costOfRevenue": 32791000,
        "grossProfit": 217018000,
        "grossProfitRatio": 0.8687357141,
        "researchAndDevelopmentExpenses": 0,
        "generalAndAdministrativeExpenses": 81161000,
        "sellingAndMarketingExpenses": 0,
        "sellingGeneralAndAdministrativeExpenses": 81161000,
        "otherExpenses": 106394000,
        "operatingExpenses": 187555000,
        "costAndExpenses": 220346000,
        "interestIncome": 194693000,
        "interestExpense": 21941000,
        "depreciationAndAmortization": 17276000,
        "ebitda": 46739000,
        "ebitdaratio": 0.1870989436,
        "operatingIncome": 29463000,
        "operatingIncomeRatio": 0.1179421078,
        "totalOtherIncomeExpensesNet": 0,
        "incomeBeforeTax": 29463000,
        "incomeBeforeTaxRatio": 0.1179421078,
        "incomeTaxExpense": 6484000,
        "netIncome": 22979000,
        "netIncomeRatio": 0.0919862775,
        "eps": 0.09,
        "epsdiluted": 0.09,
        "weightedAverageShsOut": 232989000,
        "weightedAverageShsOutDil": 239255000,
        "link": "https://www.sec.gov/Archives/edgar/data/37808/000119312517162835/0001193125-17-162835-index.htm",
        "finalLink": "https://www.sec.gov/Archives/edgar/data/37808/000119312517162835/d380030d10q.htm"
    },
    {
        "date": "2016-12-31",
        "symbol": "FNB",
        "reportedCurrency": "USD",
        "cik": "0000037808",
        "fillingDate": "2017-02-23",
        "acceptedDate": "2017-02-23 11:24:54",
        "calendarYear": "2016",
        "period": "Q4",
        "revenue": 220064000,
        "costOfRevenue": 30590000,
        "grossProfit": 189474000,
        "grossProfitRatio": 0.8609949833,
        "researchAndDevelopmentExpenses": 0,
        "generalAndAdministrativeExpenses": 83968000,
        "sellingAndMarketingExpenses": 10141000,
        "sellingGeneralAndAdministrativeExpenses": 94109000,
        "otherExpenses": 21527000,
        "operatingExpenses": 115636000,
        "costAndExpenses": 146226000,
        "interestIncome": 177168000,
        "interestExpense": 17885000,
        "depreciationAndAmortization": 15444000,
        "ebitda": 89282000,
        "ebitdaratio": 0.4057092482,
        "operatingIncome": 73838000,
        "operatingIncomeRatio": 0.3355296641,
        "totalOtherIncomeExpensesNet": 0,
        "incomeBeforeTax": 73838000,
        "incomeBeforeTaxRatio": 0.3355296641,
        "incomeTaxExpense": 22547000,
        "netIncome": 51291000,
        "netIncomeRatio": 0.233073106,
        "eps": 0.23,
        "epsdiluted": 0.23,
        "weightedAverageShsOut": 214261000,
        "weightedAverageShsOutDil": 214261000,
        "link": "https://www.sec.gov/Archives/edgar/data/37808/000119312517053369/0001193125-17-053369-index.htm",
        "finalLink": "https://www.sec.gov/Archives/edgar/data/37808/000119312517053369/d280128d10k.htm"
    },
    {
        "date": "2016-09-30",
        "symbol": "FNB",
        "reportedCurrency": "USD",
        "cik": "0000037808",
        "fillingDate": "2016-11-07",
        "acceptedDate": "2016-11-07 11:54:18",
        "calendarYear": "2016",
        "period": "Q3",
        "revenue": 228350000,
        "costOfRevenue": 32243000,
        "grossProfit": 196107000,
        "grossProfitRatio": 0.8588000876,
        "researchAndDevelopmentExpenses": 0,
        "generalAndAdministrativeExpenses": 68988000,
        "sellingAndMarketingExpenses": 0,
        "sellingGeneralAndAdministrativeExpenses": 68988000,
        "otherExpenses": 52062000,
        "operatingExpenses": 121050000,
        "costAndExpenses": 153293000,
        "interestIncome": 175110000,
        "interestExpense": 17604000,
        "depreciationAndAmortization": 19167000,
        "ebitda": 94224000,
        "ebitdaratio": 0.4126297351,
        "operatingIncome": 75057000,
        "operatingIncomeRatio": 0.3286927961,
        "totalOtherIncomeExpensesNet": 0,
        "incomeBeforeTax": 75057000,
        "incomeBeforeTaxRatio": 0.3286927961,
        "incomeTaxExpense": 22889000,
        "netIncome": 52168000,
        "netIncomeRatio": 0.2284563171,
        "eps": 0.24,
        "epsdiluted": 0.24,
        "weightedAverageShsOut": 208992000,
        "weightedAverageShsOutDil": 211791000,
        "link": "https://www.sec.gov/Archives/edgar/data/37808/000119312516761240/0001193125-16-761240-index.htm",
        "finalLink": "https://www.sec.gov/Archives/edgar/data/37808/000119312516761240/d263177d10q.htm"
    },
    {
        "date": "2016-06-30",
        "symbol": "FNB",
        "reportedCurrency": "USD",
        "cik": "0000037808",
        "fillingDate": "2016-08-05",
        "acceptedDate": "2016-08-05 10:56:43",
        "calendarYear": "2016",
        "period": "Q2",
        "revenue": 222342000,
        "costOfRevenue": 33202000,
        "grossProfit": 189140000,
        "grossProfitRatio": 0.8506714881,
        "researchAndDevelopmentExpenses": 0,
        "generalAndAdministrativeExpenses": 69186000,
        "sellingAndMarketingExpenses": 0,
        "sellingGeneralAndAdministrativeExpenses": 69186000,
        "otherExpenses": 60443000,
        "operatingExpenses": 129629000,
        "costAndExpenses": 162831000,
        "interestIncome": 170931000,
        "interestExpense": 16562000,
        "depreciationAndAmortization": 14133000,
        "ebitda": 73644000,
        "ebitdaratio": 0.3312194727,
        "operatingIncome": 59511000,
        "operatingIncomeRatio": 0.2676552338,
        "totalOtherIncomeExpensesNet": 0,
        "incomeBeforeTax": 59511000,
        "incomeBeforeTaxRatio": 0.2676552338,
        "incomeTaxExpense": 18211000,
        "netIncome": 41300000,
        "netIncomeRatio": 0.1857498808,
        "eps": 0.19,
        "epsdiluted": 0.19,
        "weightedAverageShsOut": 206789000,
        "weightedAverageShsOutDil": 211675000,
        "link": "https://www.sec.gov/Archives/edgar/data/37808/000119312516672912/0001193125-16-672912-index.htm",
        "finalLink": "https://www.sec.gov/Archives/edgar/data/37808/000119312516672912/d222107d10q.htm"
    },
    {
        "date": "2016-03-31",
        "symbol": "FNB",
        "reportedCurrency": "USD",
        "cik": "0000037808",
        "fillingDate": "2016-05-06",
        "acceptedDate": "2016-05-06 11:45:27",
        "calendarYear": "2016",
        "period": "Q1",
        "revenue": 201798000,
        "costOfRevenue": 27168000,
        "grossProfit": 174630000,
        "grossProfitRatio": 0.8653703208,
        "researchAndDevelopmentExpenses": 0,
        "generalAndAdministrativeExpenses": 63047000,
        "sellingAndMarketingExpenses": 0,
        "sellingGeneralAndAdministrativeExpenses": 63047000,
        "otherExpenses": 73601000,
        "operatingExpenses": 136648000,
        "costAndExpenses": 163816000,
        "interestIncome": 155754000,
        "interestExpense": 15400000,
        "depreciationAndAmortization": 11759000,
        "ebitda": 49741000,
        "ebitdaratio": 0.2464890633,
        "operatingIncome": 37982000,
        "operatingIncomeRatio": 0.1882179209,
        "totalOtherIncomeExpensesNet": 0,
        "incomeBeforeTax": 37982000,
        "incomeBeforeTaxRatio": 0.1882179209,
        "incomeTaxExpense": 11850000,
        "netIncome": 26132000,
        "netIncomeRatio": 0.1294958325,
        "eps": 0.12,
        "epsdiluted": 0.12,
        "weightedAverageShsOut": 201017000,
        "weightedAverageShsOutDil": 201017000,
        "link": "https://www.sec.gov/Archives/edgar/data/37808/000119312516581346/0001193125-16-581346-index.htm",
        "finalLink": "https://www.sec.gov/Archives/edgar/data/37808/000119312516581346/d147713d10q.htm"
    },
    {
        "date": "2015-12-31",
        "symbol": "FNB",
        "reportedCurrency": "USD",
        "cik": "0000037808",
        "fillingDate": "2016-02-26",
        "acceptedDate": "2016-02-26 13:56:16",
        "calendarYear": "2015",
        "period": "Q4",
        "revenue": 177737000,
        "costOfRevenue": 26112000,
        "grossProfit": 151625000,
        "grossProfitRatio": 0.8530863017,
        "researchAndDevelopmentExpenses": 0,
        "generalAndAdministrativeExpenses": 68065000,
        "sellingAndMarketingExpenses": 8396000,
        "sellingGeneralAndAdministrativeExpenses": 76461000,
        "otherExpenses": 18624000,
        "operatingExpenses": 95085000,
        "costAndExpenses": 121197000,
        "interestIncome": 140781000,
        "interestExpense": 13448000,
        "depreciationAndAmortization": 12537000,
        "ebitda": 69077000,
        "ebitdaratio": 0.388647271,
        "operatingIncome": 56540000,
        "operatingIncomeRatio": 0.3181104666,
        "totalOtherIncomeExpensesNet": 0,
        "incomeBeforeTax": 56540000,
        "incomeBeforeTaxRatio": 0.3181104666,
        "incomeTaxExpense": 17418000,
        "netIncome": 39122000,
        "netIncomeRatio": 0.2201117381,
        "eps": 0.21,
        "epsdiluted": 0.21,
        "weightedAverageShsOut": 176719000,
        "weightedAverageShsOutDil": 176907000,
        "link": "https://www.sec.gov/Archives/edgar/data/37808/000119312516481147/0001193125-16-481147-index.htm",
        "finalLink": "https://www.sec.gov/Archives/edgar/data/37808/000119312516481147/d95476d10k.htm"
    },
    {
        "date": "2015-09-30",
        "symbol": "FNB",
        "reportedCurrency": "USD",
        "cik": "0000037808",
        "fillingDate": "2015-11-06",
        "acceptedDate": "2015-11-06 12:19:01",
        "calendarYear": "2015",
        "period": "Q3",
        "revenue": 178556000,
        "costOfRevenue": 22773000,
        "grossProfit": 155783000,
        "grossProfitRatio": 0.8724601806,
        "researchAndDevelopmentExpenses": 0,
        "generalAndAdministrativeExpenses": 54917000,
        "sellingAndMarketingExpenses": 0,
        "sellingGeneralAndAdministrativeExpenses": 54917000,
        "otherExpenses": 43132000,
        "operatingExpenses": 98149000,
        "costAndExpenses": 120922000,
        "interestIncome": 137197000,
        "interestExpense": 11996000,
        "depreciationAndAmortization": 9541000,
        "ebitda": 67175000,
        "ebitdaratio": 0.3762125048,
        "operatingIncome": 57634000,
        "operatingIncomeRatio": 0.322778288,
        "totalOtherIncomeExpensesNet": 0,
        "incomeBeforeTax": 57634000,
        "incomeBeforeTaxRatio": 0.322778288,
        "incomeTaxExpense": 17581000,
        "netIncome": 40053000,
        "netIncomeRatio": 0.2243161809,
        "eps": 0.22,
        "epsdiluted": 0.22,
        "weightedAverageShsOut": 172923000,
        "weightedAverageShsOutDil": 176513000,
        "link": "https://www.sec.gov/Archives/edgar/data/37808/000119312515369631/0001193125-15-369631-index.htm",
        "finalLink": "https://www.sec.gov/Archives/edgar/data/37808/000119312515369631/d47774d10q.htm"
    },
    {
        "date": "2015-06-30",
        "symbol": "FNB",
        "reportedCurrency": "USD",
        "cik": "0000037808",
        "fillingDate": "2015-08-07",
        "acceptedDate": "2015-08-07 10:09:28",
        "calendarYear": "2015",
        "period": "Q2",
        "revenue": 175200000,
        "costOfRevenue": 20545000,
        "grossProfit": 154655000,
        "grossProfitRatio": 0.8827340183,
        "researchAndDevelopmentExpenses": 0,
        "generalAndAdministrativeExpenses": 53214000,
        "sellingAndMarketingExpenses": 0,
        "sellingGeneralAndAdministrativeExpenses": 53214000,
        "otherExpenses": 43285000,
        "operatingExpenses": 96499000,
        "costAndExpenses": 117044000,
        "interestIncome": 135448000,
        "interestExpense": 11681000,
        "depreciationAndAmortization": 10146000,
        "ebitda": 68302000,
        "ebitdaratio": 0.3898515982,
        "operatingIncome": 58156000,
        "operatingIncomeRatio": 0.3319406393,
        "totalOtherIncomeExpensesNet": 0,
        "incomeBeforeTax": 58156000,
        "incomeBeforeTaxRatio": 0.3319406393,
        "incomeTaxExpense": 18025000,
        "netIncome": 40131000,
        "netIncomeRatio": 0.2290582192,
        "eps": 0.22,
        "epsdiluted": 0.22,
        "weightedAverageShsOut": 173277000,
        "weightedAverageShsOutDil": 176362000,
        "link": "https://www.sec.gov/Archives/edgar/data/37808/000119312515282321/0001193125-15-282321-index.htm",
        "finalLink": "https://www.sec.gov/Archives/edgar/data/37808/000119312515282321/d83501d10q.htm"
    },
    {
        "date": "2015-03-31",
        "symbol": "FNB",
        "reportedCurrency": "USD",
        "cik": "0000037808",
        "fillingDate": "2015-05-08",
        "acceptedDate": "2015-05-08 14:29:41",
        "calendarYear": "2015",
        "period": "Q1",
        "revenue": 171551000,
        "costOfRevenue": 19584000,
        "grossProfit": 151967000,
        "grossProfitRatio": 0.8858415282,
        "researchAndDevelopmentExpenses": 0,
        "generalAndAdministrativeExpenses": 52958000,
        "sellingAndMarketingExpenses": 0,
        "sellingGeneralAndAdministrativeExpenses": 52958000,
        "otherExpenses": 41697000,
        "operatingExpenses": 94655000,
        "costAndExpenses": 114239000,
        "interestIncome": 133369000,
        "interestExpense": 11448000,
        "depreciationAndAmortization": 11725000,
        "ebitda": 69037000,
        "ebitdaratio": 0.4024284324,
        "operatingIncome": 57312000,
        "operatingIncomeRatio": 0.3340814102,
        "totalOtherIncomeExpensesNet": 0,
        "incomeBeforeTax": 57312000,
        "incomeBeforeTaxRatio": 0.3340814102,
        "incomeTaxExpense": 16969000,
        "netIncome": 40343000,
        "netIncomeRatio": 0.2351662188,
        "eps": 0.22,
        "epsdiluted": 0.22,
        "weightedAverageShsOut": 174241000,
        "weightedAverageShsOutDil": 175826000,
        "link": "https://www.sec.gov/Archives/edgar/data/37808/000119312515179253/0001193125-15-179253-index.htm",
        "finalLink": "https://www.sec.gov/Archives/edgar/data/37808/000119312515179253/d901376d10q.htm"
    },
    {
        "date": "2014-12-31",
        "symbol": "FNB",
        "reportedCurrency": "USD",
        "cik": "0000037808",
        "fillingDate": "2015-02-27",
        "acceptedDate": "2015-02-27 16:32:53",
        "calendarYear": "2014",
        "period": "Q4",
        "revenue": 169626000,
        "costOfRevenue": 21476000,
        "grossProfit": 148150000,
        "grossProfitRatio": 0.8733920507,
        "researchAndDevelopmentExpenses": 0,
        "generalAndAdministrativeExpenses": 64479000,
        "sellingAndMarketingExpenses": 7824000,
        "sellingGeneralAndAdministrativeExpenses": 72303000,
        "otherExpenses": 19420000,
        "operatingExpenses": 91723000,
        "costAndExpenses": 113199000,
        "interestIncome": 135097000,
        "interestExpense": 11436000,
        "depreciationAndAmortization": 11112000,
        "ebitda": 67539000,
        "ebitdaratio": 0.3981641965,
        "operatingIncome": 56427000,
        "operatingIncomeRatio": 0.3326553712,
        "totalOtherIncomeExpensesNet": 0,
        "incomeBeforeTax": 56427000,
        "incomeBeforeTaxRatio": 0.3326553712,
        "incomeTaxExpense": 17123000,
        "netIncome": 39304000,
        "netIncomeRatio": 0.2317097615,
        "eps": 0.21,
        "epsdiluted": 0.21,
        "weightedAverageShsOut": 177590000,
        "weightedAverageShsOutDil": 177590000,
        "link": "https://www.sec.gov/Archives/edgar/data/37808/000119312515069940/0001193125-15-069940-index.htm",
        "finalLink": "https://www.sec.gov/Archives/edgar/data/37808/000119312515069940/d837410d10k.htm"
    },
    {
        "date": "2014-09-30",
        "symbol": "FNB",
        "reportedCurrency": "USD",
        "cik": "0000037808",
        "fillingDate": "2014-11-07",
        "acceptedDate": "2014-11-07 15:46:30",
        "calendarYear": "2014",
        "period": "Q3",
        "revenue": 169118000,
        "costOfRevenue": 22144000,
        "grossProfit": 146974000,
        "grossProfitRatio": 0.8690618385,
        "researchAndDevelopmentExpenses": 0,
        "generalAndAdministrativeExpenses": 52796000,
        "sellingAndMarketingExpenses": 0,
        "sellingGeneralAndAdministrativeExpenses": 52796000,
        "otherExpenses": 43051000,
        "operatingExpenses": 95847000,
        "costAndExpenses": 117991000,
        "interestIncome": 131566000,
        "interestExpense": 10947000,
        "depreciationAndAmortization": 12717000,
        "ebitda": 63844000,
        "ebitdaratio": 0.37751156,
        "operatingIncome": 51127000,
        "operatingIncomeRatio": 0.302315543,
        "totalOtherIncomeExpensesNet": 0,
        "incomeBeforeTax": 51127000,
        "incomeBeforeTaxRatio": 0.302315543,
        "incomeTaxExpense": 15736000,
        "netIncome": 35391000,
        "netIncomeRatio": 0.209268085,
        "eps": 0.2,
        "epsdiluted": 0.2,
        "weightedAverageShsOut": 166905000,
        "weightedAverageShsOutDil": 168884000,
        "link": "https://www.sec.gov/Archives/edgar/data/37808/000119312514403235/0001193125-14-403235-index.htm",
        "finalLink": "https://www.sec.gov/Archives/edgar/data/37808/000119312514403235/d808525d10q.htm"
    },
    {
        "date": "2014-06-30",
        "symbol": "FNB",
        "reportedCurrency": "USD",
        "cik": "0000037808",
        "fillingDate": "2014-08-08",
        "acceptedDate": "2014-08-08 15:13:31",
        "calendarYear": "2014",
        "period": "Q2",
        "revenue": 163630000,
        "costOfRevenue": 20653000,
        "grossProfit": 142977000,
        "grossProfitRatio": 0.8737823138,
        "researchAndDevelopmentExpenses": 0,
        "generalAndAdministrativeExpenses": 51865000,
        "sellingAndMarketingExpenses": 0,
        "sellingGeneralAndAdministrativeExpenses": 51865000,
        "otherExpenses": 40720000,
        "operatingExpenses": 92584000,
        "costAndExpenses": 113237000,
        "interestIncome": 124440000,
        "interestExpense": 10248000,
        "depreciationAndAmortization": 7951000,
        "ebitda": 58344000,
        "ebitdaratio": 0.3565605329,
        "operatingIncome": 50393000,
        "operatingIncomeRatio": 0.3079691988,
        "totalOtherIncomeExpensesNet": 0,
        "incomeBeforeTax": 50393000,
        "incomeBeforeTaxRatio": 0.3079691988,
        "incomeTaxExpense": 15562000,
        "netIncome": 34831000,
        "netIncomeRatio": 0.2128643892,
        "eps": 0.2,
        "epsdiluted": 0.2,
        "weightedAverageShsOut": 164105000,
        "weightedAverageShsOutDil": 167868000,
        "link": "https://www.sec.gov/Archives/edgar/data/37808/000119312514302938/0001193125-14-302938-index.htm",
        "finalLink": "https://www.sec.gov/Archives/edgar/data/37808/000119312514302938/d753375d10q.htm"
    },
    {
        "date": "2014-03-31",
        "symbol": "FNB",
        "reportedCurrency": "USD",
        "cik": "0000037808",
        "fillingDate": "2014-05-09",
        "acceptedDate": "2014-05-09 16:46:35",
        "calendarYear": "2014",
        "period": "Q1",
        "revenue": 159950000,
        "costOfRevenue": 17061000,
        "grossProfit": 142889000,
        "grossProfitRatio": 0.8933354173,
        "researchAndDevelopmentExpenses": 0,
        "generalAndAdministrativeExpenses": 51947000,
        "sellingAndMarketingExpenses": 0,
        "sellingGeneralAndAdministrativeExpenses": 51947000,
        "otherExpenses": 42219000,
        "operatingExpenses": 94166000,
        "costAndExpenses": 111227000,
        "interestIncome": 117880000,
        "interestExpense": 10055000,
        "depreciationAndAmortization": 8339000,
        "ebitda": 57062000,
        "ebitdaratio": 0.3567489841,
        "operatingIncome": 48723000,
        "operatingIncomeRatio": 0.3046139419,
        "totalOtherIncomeExpensesNet": 0,
        "incomeBeforeTax": 48723000,
        "incomeBeforeTaxRatio": 0.3046139419,
        "incomeTaxExpense": 14199000,
        "netIncome": 34524000,
        "netIncomeRatio": 0.2158424508,
        "eps": 0.2,
        "epsdiluted": 0.2,
        "weightedAverageShsOut": 161015000,
        "weightedAverageShsOutDil": 161015000,
        "link": "https://www.sec.gov/Archives/edgar/data/37808/000119312514192625/0001193125-14-192625-index.htm",
        "finalLink": "https://www.sec.gov/Archives/edgar/data/37808/000119312514192625/d714655d10q.htm"
    },
    {
        "date": "2013-12-31",
        "symbol": "FNB",
        "reportedCurrency": "USD",
        "cik": "0000037808",
        "fillingDate": "2014-02-28",
        "acceptedDate": "2014-02-28 15:32:04",
        "calendarYear": "2013",
        "period": "Q4",
        "revenue": 146188000,
        "costOfRevenue": 19057000,
        "grossProfit": 127131000,
        "grossProfitRatio": 0.869640463,
        "researchAndDevelopmentExpenses": 0,
        "generalAndAdministrativeExpenses": 61655000,
        "sellingAndMarketingExpenses": 6349000,
        "sellingGeneralAndAdministrativeExpenses": 68004000,
        "otherExpenses": 19956000,
        "operatingExpenses": 87960000,
        "costAndExpenses": 107017000,
        "interestIncome": 117637000,
        "interestExpense": 10691000,
        "depreciationAndAmortization": 48914000,
        "ebitda": 88085000,
        "ebitdaratio": 0.6025460366,
        "operatingIncome": 39171000,
        "operatingIncomeRatio": 0.2679494897,
        "totalOtherIncomeExpensesNet": 0,
        "incomeBeforeTax": 39171000,
        "incomeBeforeTaxRatio": 0.2679494897,
        "incomeTaxExpense": 10732000,
        "netIncome": 28439000,
        "netIncomeRatio": 0.1945371713,
        "eps": 0.18,
        "epsdiluted": 0.18,
        "weightedAverageShsOut": 157994000,
        "weightedAverageShsOutDil": 157994000,
        "link": "https://www.sec.gov/Archives/edgar/data/37808/000119312514077045/0001193125-14-077045-index.htm",
        "finalLink": "https://www.sec.gov/Archives/edgar/data/37808/000119312514077045/d656848d10k.htm"
    },
    {
        "date": "2013-09-30",
        "symbol": "FNB",
        "reportedCurrency": "USD",
        "cik": "0000037808",
        "fillingDate": "2013-11-08",
        "acceptedDate": "2013-11-08 14:25:26",
        "calendarYear": "2013",
        "period": "Q3",
        "revenue": 142600000,
        "costOfRevenue": 17816000,
        "grossProfit": 124784000,
        "grossProfitRatio": 0.8750631136,
        "researchAndDevelopmentExpenses": 0,
        "generalAndAdministrativeExpenses": 48316000,
        "sellingAndMarketingExpenses": 0,
        "sellingGeneralAndAdministrativeExpenses": 48316000,
        "otherExpenses": 34857000,
        "operatingExpenses": 83173000,
        "costAndExpenses": 100989000,
        "interestIncome": 109790000,
        "interestExpense": 10536000,
        "depreciationAndAmortization": 6399000,
        "ebitda": 48010000,
        "ebitdaratio": 0.3366760168,
        "operatingIncome": 41611000,
        "operatingIncomeRatio": 0.291802244,
        "totalOtherIncomeExpensesNet": 0,
        "incomeBeforeTax": 41611000,
        "incomeBeforeTaxRatio": 0.291802244,
        "incomeTaxExpense": 9977000,
        "netIncome": 31634000,
        "netIncomeRatio": 0.2218373072,
        "eps": 0.22,
        "epsdiluted": 0.22,
        "weightedAverageShsOut": 144760000,
        "weightedAverageShsOutDil": 146446000,
        "link": "https://www.sec.gov/Archives/edgar/data/37808/000119312513434899/0001193125-13-434899-index.htm",
        "finalLink": "https://www.sec.gov/Archives/edgar/data/37808/000119312513434899/d602607d10q.htm"
    },
    {
        "date": "2013-06-30",
        "symbol": "FNB",
        "reportedCurrency": "USD",
        "cik": "0000037808",
        "fillingDate": "2013-08-08",
        "acceptedDate": "2013-08-08 10:44:54",
        "calendarYear": "2013",
        "period": "Q2",
        "revenue": 144538000,
        "costOfRevenue": 18998000,
        "grossProfit": 125540000,
        "grossProfitRatio": 0.868560517,
        "researchAndDevelopmentExpenses": 0,
        "generalAndAdministrativeExpenses": 45873000,
        "sellingAndMarketingExpenses": 0,
        "sellingGeneralAndAdministrativeExpenses": 45873000,
        "otherExpenses": 38254000,
        "operatingExpenses": 84127000,
        "costAndExpenses": 103125000,
        "interestIncome": 107841000,
        "interestExpense": 11095000,
        "depreciationAndAmortization": 7265000,
        "ebitda": 48678000,
        "ebitdaratio": 0.3367834064,
        "operatingIncome": 41413000,
        "operatingIncomeRatio": 0.2865198079,
        "totalOtherIncomeExpensesNet": 0,
        "incomeBeforeTax": 41413000,
        "incomeBeforeTaxRatio": 0.2865198079,
        "incomeTaxExpense": 12220000,
        "netIncome": 29193000,
        "netIncomeRatio": 0.2019745672,
        "eps": 0.2,
        "epsdiluted": 0.2,
        "weightedAverageShsOut": 144381000,
        "weightedAverageShsOutDil": 145844000,
        "link": "https://www.sec.gov/Archives/edgar/data/37808/000119312513325948/0001193125-13-325948-index.htm",
        "finalLink": "https://www.sec.gov/Archives/edgar/data/37808/000119312513325948/d554221d10q.htm"
    },
    {
        "date": "2013-03-31",
        "symbol": "FNB",
        "reportedCurrency": "USD",
        "cik": "0000037808",
        "fillingDate": "2013-05-09",
        "acceptedDate": "2013-05-09 10:47:55",
        "calendarYear": "2013",
        "period": "Q1",
        "revenue": 138730000,
        "costOfRevenue": 19563000,
        "grossProfit": 119167000,
        "grossProfitRatio": 0.8589850789,
        "researchAndDevelopmentExpenses": 0,
        "generalAndAdministrativeExpenses": 46269000,
        "sellingAndMarketingExpenses": 0,
        "sellingGeneralAndAdministrativeExpenses": 46269000,
        "otherExpenses": 32533000,
        "operatingExpenses": 78802000,
        "costAndExpenses": 98365000,
        "interestIncome": 105118000,
        "interestExpense": 12022000,
        "depreciationAndAmortization": 8181000,
        "ebitda": 48546000,
        "ebitdaratio": 0.3499315217,
        "operatingIncome": 40365000,
        "operatingIncomeRatio": 0.2909608592,
        "totalOtherIncomeExpensesNet": 0,
        "incomeBeforeTax": 40365000,
        "incomeBeforeTaxRatio": 0.2909608592,
        "incomeTaxExpense": 11827000,
        "netIncome": 28538000,
        "netIncomeRatio": 0.205708931,
        "eps": 0.2,
        "epsdiluted": 0.2,
        "weightedAverageShsOut": 139650000,
        "weightedAverageShsOutDil": 141066000,
        "link": "https://www.sec.gov/Archives/edgar/data/37808/000119312513209625/0001193125-13-209625-index.htm",
        "finalLink": "https://www.sec.gov/Archives/edgar/data/37808/000119312513209625/d512245d10q.htm"
    },
    {
        "date": "2012-12-31",
        "symbol": "FNB",
        "reportedCurrency": "USD",
        "cik": "0000037808",
        "fillingDate": "2013-02-28",
        "acceptedDate": "2013-02-28 16:02:35",
        "calendarYear": "2012",
        "period": "Q4",
        "revenue": 136223000,
        "costOfRevenue": 22934000,
        "grossProfit": 113289000,
        "grossProfitRatio": 0.8316437019,
        "researchAndDevelopmentExpenses": 0,
        "generalAndAdministrativeExpenses": 50207000,
        "sellingAndMarketingExpenses": 4991000,
        "sellingGeneralAndAdministrativeExpenses": 55198000,
        "otherExpenses": 17912000,
        "operatingExpenses": 73110000,
        "costAndExpenses": 96044000,
        "interestIncome": 107578000,
        "interestExpense": 13660000,
        "depreciationAndAmortization": 9838000,
        "ebitda": 50017000,
        "ebitdaratio": 0.367170008,
        "operatingIncome": 40179000,
        "operatingIncomeRatio": 0.294950192,
        "totalOtherIncomeExpensesNet": 0,
        "incomeBeforeTax": 40179000,
        "incomeBeforeTaxRatio": 0.294950192,
        "incomeTaxExpense": 11224000,
        "netIncome": 28955000,
        "netIncomeRatio": 0.2125558826,
        "eps": 0.21,
        "epsdiluted": 0.21,
        "weightedAverageShsOut": 139317000,
        "weightedAverageShsOutDil": 140923000,
        "link": "https://www.sec.gov/Archives/edgar/data/37808/000119312513084078/0001193125-13-084078-index.htm",
        "finalLink": "https://www.sec.gov/Archives/edgar/data/37808/000119312513084078/d434498d10k.htm"
    },
    {
        "date": "2012-09-30",
        "symbol": "FNB",
        "reportedCurrency": "USD",
        "cik": "0000037808",
        "fillingDate": "2012-11-08",
        "acceptedDate": "2012-11-08 15:44:20",
        "calendarYear": "2012",
        "period": "Q3",
        "revenue": 142569000,
        "costOfRevenue": 22654000,
        "grossProfit": 119915000,
        "grossProfitRatio": 0.8411015017,
        "researchAndDevelopmentExpenses": 0,
        "generalAndAdministrativeExpenses": 43593000,
        "sellingAndMarketingExpenses": 0,
        "sellingGeneralAndAdministrativeExpenses": 43593000,
        "otherExpenses": 33489000,
        "operatingExpenses": 77082000,
        "costAndExpenses": 99736000,
        "interestIncome": 107744000,
        "interestExpense": 14225000,
        "depreciationAndAmortization": 8319000,
        "ebitda": 51152000,
        "ebitdaratio": 0.3587876747,
        "operatingIncome": 42833000,
        "operatingIncomeRatio": 0.3004369814,
        "totalOtherIncomeExpensesNet": 0,
        "incomeBeforeTax": 42833000,
        "incomeBeforeTaxRatio": 0.3004369814,
        "incomeTaxExpense": 12090000,
        "netIncome": 30743000,
        "netIncomeRatio": 0.2156359377,
        "eps": 0.22,
        "epsdiluted": 0.22,
        "weightedAverageShsOut": 139229000,
        "weightedAverageShsOutDil": 140764000,
        "link": "https://www.sec.gov/Archives/edgar/data/37808/000119312512460283/0001193125-12-460283-index.htm",
        "finalLink": "https://www.sec.gov/Archives/edgar/data/37808/000119312512460283/d414997d10q.htm"
    },
    {
        "date": "2012-06-30",
        "symbol": "FNB",
        "reportedCurrency": "USD",
        "cik": "0000037808",
        "fillingDate": "2012-08-08",
        "acceptedDate": "2012-08-08 15:10:03",
        "calendarYear": "2012",
        "period": "Q2",
        "revenue": 142063000,
        "costOfRevenue": 21831000,
        "grossProfit": 120232000,
        "grossProfitRatio": 0.8463287415,
        "researchAndDevelopmentExpenses": 0,
        "generalAndAdministrativeExpenses": 43257000,
        "sellingAndMarketingExpenses": 0,
        "sellingGeneralAndAdministrativeExpenses": 43257000,
        "otherExpenses": 35225000,
        "operatingExpenses": 78482000,
        "costAndExpenses": 100313000,
        "interestIncome": 109271000,
        "interestExpense": 14804000,
        "depreciationAndAmortization": 8203000,
        "ebitda": 49953000,
        "ebitdaratio": 0.3516256872,
        "operatingIncome": 41750000,
        "operatingIncomeRatio": 0.2938836995,
        "totalOtherIncomeExpensesNet": 0,
        "incomeBeforeTax": 41750000,
        "incomeBeforeTaxRatio": 0.2938836995,
        "incomeTaxExpense": 12620000,
        "netIncome": 29130000,
        "netIncomeRatio": 0.2050498722,
        "eps": 0.21,
        "epsdiluted": 0.21,
        "weightedAverageShsOut": 139094000,
        "weightedAverageShsOutDil": 140534000,
        "link": "https://www.sec.gov/Archives/edgar/data/37808/000119312512343765/0001193125-12-343765-index.htm",
        "finalLink": "https://www.sec.gov/Archives/edgar/data/37808/000119312512343765/d366112d10q.htm"
    },
    {
        "date": "2012-03-31",
        "symbol": "FNB",
        "reportedCurrency": "USD",
        "cik": "0000037808",
        "fillingDate": "2012-05-09",
        "acceptedDate": "2012-05-09 12:18:10",
        "calendarYear": "2012",
        "period": "Q1",
        "revenue": 139032000,
        "costOfRevenue": 22938000,
        "grossProfit": 116094000,
        "grossProfitRatio": 0.8350163991,
        "researchAndDevelopmentExpenses": 0,
        "generalAndAdministrativeExpenses": 46577000,
        "sellingAndMarketingExpenses": 0,
        "sellingGeneralAndAdministrativeExpenses": 46577000,
        "otherExpenses": 40096000,
        "operatingExpenses": 86673000,
        "costAndExpenses": 109611000,
        "interestIncome": 106952000,
        "interestExpense": 16366000,
        "depreciationAndAmortization": 5467000,
        "ebitda": 34888000,
        "ebitdaratio": 0.2509350365,
        "operatingIncome": 29421000,
        "operatingIncomeRatio": 0.2116131538,
        "totalOtherIncomeExpensesNet": 0,
        "incomeBeforeTax": 29421000,
        "incomeBeforeTaxRatio": 0.2116131538,
        "incomeTaxExpense": 7839000,
        "netIncome": 21582000,
        "netIncomeRatio": 0.1552304505,
        "eps": 0.16,
        "epsdiluted": 0.15,
        "weightedAverageShsOut": 138899000,
        "weightedAverageShsOutDil": 140387000,
        "link": "https://www.sec.gov/Archives/edgar/data/37808/000119312512221061/0001193125-12-221061-index.htm",
        "finalLink": "https://www.sec.gov/Archives/edgar/data/37808/000119312512221061/d326867d10q.htm"
    },
    {
        "date": "2011-12-31",
        "symbol": "FNB",
        "reportedCurrency": "USD",
        "cik": "0000037808",
        "fillingDate": "2012-02-28",
        "acceptedDate": "2012-02-28 17:03:48",
        "calendarYear": "2011",
        "period": "Q4",
        "revenue": 129524000,
        "costOfRevenue": 25057000,
        "grossProfit": 104467000,
        "grossProfitRatio": 0.8065455051,
        "researchAndDevelopmentExpenses": 0,
        "generalAndAdministrativeExpenses": 51427000,
        "sellingAndMarketingExpenses": 6375000,
        "sellingGeneralAndAdministrativeExpenses": 57802000,
        "otherExpenses": 13818000,
        "operatingExpenses": 71620000,
        "costAndExpenses": 96677000,
        "interestIncome": 96884000,
        "interestExpense": 16768000,
        "depreciationAndAmortization": 5506000,
        "ebitda": 38353000,
        "ebitdaratio": 0.2961072851,
        "operatingIncome": 32847000,
        "operatingIncomeRatio": 0.2535977888,
        "totalOtherIncomeExpensesNet": 0,
        "incomeBeforeTax": 32847000,
        "incomeBeforeTaxRatio": 0.2535977888,
        "incomeTaxExpense": 9110000,
        "netIncome": 23737000,
        "netIncomeRatio": 0.1832633334,
        "eps": 0.17,
        "epsdiluted": 0.17,
        "weightedAverageShsOut": 138899000,
        "weightedAverageShsOutDil": 138899000,
        "link": "https://www.sec.gov/Archives/edgar/data/37808/000119312512085669/0001193125-12-085669-index.htm",
        "finalLink": "https://www.sec.gov/Archives/edgar/data/37808/000119312512085669/d267789d10k.htm"
    },
    {
        "date": "2011-09-30",
        "symbol": "FNB",
        "reportedCurrency": "USD",
        "cik": "0000037808",
        "fillingDate": "2011-11-08",
        "acceptedDate": "2011-11-08 13:39:36",
        "calendarYear": "2011",
        "period": "Q3",
        "revenue": 128369000,
        "costOfRevenue": 26873000,
        "grossProfit": 101496000,
        "grossProfitRatio": 0.7906581807,
        "researchAndDevelopmentExpenses": 0,
        "generalAndAdministrativeExpenses": 40871000,
        "sellingAndMarketingExpenses": 0,
        "sellingGeneralAndAdministrativeExpenses": 40871000,
        "otherExpenses": 28383000,
        "operatingExpenses": 69254000,
        "costAndExpenses": 96127000,
        "interestIncome": 98689000,
        "interestExpense": 18300000,
        "depreciationAndAmortization": 5041000,
        "ebitda": 37283000,
        "ebitdaratio": 0.2904361645,
        "operatingIncome": 32242000,
        "operatingIncomeRatio": 0.2511665589,
        "totalOtherIncomeExpensesNet": 0,
        "incomeBeforeTax": 32242000,
        "incomeBeforeTaxRatio": 0.2511665589,
        "incomeTaxExpense": 8469000,
        "netIncome": 23773000,
        "netIncomeRatio": 0.1851926867,
        "eps": 0.19,
        "epsdiluted": 0.19,
        "weightedAverageShsOut": 126473000,
        "weightedAverageShsOutDil": 127342000,
        "link": "https://www.sec.gov/Archives/edgar/data/37808/000119312511301709/0001193125-11-301709-index.htm",
        "finalLink": "https://www.sec.gov/Archives/edgar/data/37808/000119312511301709/d229258d10q.htm"
    },
    {
        "date": "2011-06-30",
        "symbol": "FNB",
        "reportedCurrency": "USD",
        "cik": "0000037808",
        "fillingDate": "2011-08-05",
        "acceptedDate": "2011-08-05 17:25:27",
        "calendarYear": "2011",
        "period": "Q2",
        "revenue": 127413000,
        "costOfRevenue": 28012000,
        "grossProfit": 99401000,
        "grossProfitRatio": 0.7801480226,
        "researchAndDevelopmentExpenses": 0,
        "generalAndAdministrativeExpenses": 40417000,
        "sellingAndMarketingExpenses": 0,
        "sellingGeneralAndAdministrativeExpenses": 40417000,
        "otherExpenses": 27952000,
        "operatingExpenses": 68369000,
        "costAndExpenses": 96381000,
        "interestIncome": 98143000,
        "interestExpense": 19461000,
        "depreciationAndAmortization": 4335000,
        "ebitda": 35367000,
        "ebitdaratio": 0.2775776412,
        "operatingIncome": 31032000,
        "operatingIncomeRatio": 0.2435544254,
        "totalOtherIncomeExpensesNet": 0,
        "incomeBeforeTax": 31032000,
        "incomeBeforeTaxRatio": 0.2435544254,
        "incomeTaxExpense": 8670000,
        "netIncome": 22362000,
        "netIncomeRatio": 0.1755079937,
        "eps": 0.18,
        "epsdiluted": 0.18,
        "weightedAverageShsOut": 123255000,
        "weightedAverageShsOutDil": 124095000,
        "link": "https://www.sec.gov/Archives/edgar/data/37808/000119312511212614/0001193125-11-212614-index.htm",
        "finalLink": "https://www.sec.gov/Archives/edgar/data/37808/000119312511212614/d10q.htm"
    },
    {
        "date": "2011-03-31",
        "symbol": "FNB",
        "reportedCurrency": "USD",
        "cik": "0000037808",
        "fillingDate": "2011-05-06",
        "acceptedDate": "2011-05-06 14:08:13",
        "calendarYear": "2011",
        "period": "Q1",
        "revenue": 125803000,
        "costOfRevenue": 28316000,
        "grossProfit": 97487000,
        "grossProfitRatio": 0.7749179272,
        "researchAndDevelopmentExpenses": 0,
        "generalAndAdministrativeExpenses": 43037000,
        "sellingAndMarketingExpenses": 0,
        "sellingGeneralAndAdministrativeExpenses": 43037000,
        "otherExpenses": 31520000,
        "operatingExpenses": 74557000,
        "costAndExpenses": 102873000,
        "interestIncome": 97252000,
        "interestExpense": 20088000,
        "depreciationAndAmortization": 7532000,
        "ebitda": 30462000,
        "ebitdaratio": 0.2421404895,
        "operatingIncome": 22930000,
        "operatingIncomeRatio": 0.1822691033,
        "totalOtherIncomeExpensesNet": 0,
        "incomeBeforeTax": 22930000,
        "incomeBeforeTaxRatio": 0.1822691033,
        "incomeTaxExpense": 5755000,
        "netIncome": 17175000,
        "netIncomeRatio": 0.1365229764,
        "eps": 0.14,
        "epsdiluted": 0.14,
        "weightedAverageShsOut": 120193000,
        "weightedAverageShsOutDil": 120953000,
        "link": "https://www.sec.gov/Archives/edgar/data/37808/000095012311046462/0000950123-11-046462-index.htm",
        "finalLink": "https://www.sec.gov/Archives/edgar/data/37808/000095012311046462/l42496e10vq.htm"
    },
    {
        "date": "2010-12-31",
        "symbol": "FNB",
        "reportedCurrency": "USD",
        "cik": "0000037808",
        "fillingDate": "2011-02-25",
        "acceptedDate": "2011-02-25 15:35:23",
        "calendarYear": "2010",
        "period": "Q4",
        "revenue": 122418000,
        "costOfRevenue": 30829000,
        "grossProfit": 91589000,
        "grossProfitRatio": 0.7481661194,
        "researchAndDevelopmentExpenses": 0,
        "generalAndAdministrativeExpenses": 23219000,
        "sellingAndMarketingExpenses": 5161000,
        "sellingGeneralAndAdministrativeExpenses": 28380000,
        "otherExpenses": 30000000,
        "operatingExpenses": 58380000,
        "costAndExpenses": 89209000,
        "interestIncome": 92850000,
        "interestExpense": 20022000,
        "depreciationAndAmortization": 6376000,
        "ebitda": 39585000,
        "ebitdaratio": 0.3233593099,
        "operatingIncome": 33209000,
        "operatingIncomeRatio": 0.271275466,
        "totalOtherIncomeExpensesNet": 0,
        "incomeBeforeTax": 33209000,
        "incomeBeforeTaxRatio": 0.271275466,
        "incomeTaxExpense": 9676000,
        "netIncome": 23533000,
        "netIncomeRatio": 0.1922348021,
        "eps": 0.2,
        "epsdiluted": 0.2,
        "weightedAverageShsOut": 120193000,
        "weightedAverageShsOutDil": 120193000,
        "link": "https://www.sec.gov/Archives/edgar/data/37808/000095012311018643/0000950123-11-018643-index.htm",
        "finalLink": "https://www.sec.gov/Archives/edgar/data/37808/000095012311018643/l40885e10vk.htm"
    },
    {
        "date": "2010-09-30",
        "symbol": "FNB",
        "reportedCurrency": "USD",
        "cik": "0000037808",
        "fillingDate": "2010-11-05",
        "acceptedDate": "2010-11-05 16:26:12",
        "calendarYear": "2010",
        "period": "Q3",
        "revenue": 121701000,
        "costOfRevenue": 34001000,
        "grossProfit": 87700000,
        "grossProfitRatio": 0.7206185652,
        "researchAndDevelopmentExpenses": 0,
        "generalAndAdministrativeExpenses": 36458000,
        "sellingAndMarketingExpenses": 0,
        "sellingGeneralAndAdministrativeExpenses": 36458000,
        "otherExpenses": 27789000,
        "operatingExpenses": 64247000,
        "costAndExpenses": 98248000,
        "interestIncome": 93947000,
        "interestExpense": 21688000,
        "depreciationAndAmortization": 6320000,
        "ebitda": 29773000,
        "ebitdaratio": 0.2446405535,
        "operatingIncome": 23453000,
        "operatingIncomeRatio": 0.1927100024,
        "totalOtherIncomeExpensesNet": 0,
        "incomeBeforeTax": 23453000,
        "incomeBeforeTaxRatio": 0.1927100024,
        "incomeTaxExpense": 6236000,
        "netIncome": 17217000,
        "netIncomeRatio": 0.1414696675,
        "eps": 0.15,
        "epsdiluted": 0.15,
        "weightedAverageShsOut": 113984000,
        "weightedAverageShsOutDil": 114486000,
        "link": "https://www.sec.gov/Archives/edgar/data/37808/000095012310101721/0000950123-10-101721-index.htm",
        "finalLink": "https://www.sec.gov/Archives/edgar/data/37808/000095012310101721/l40827e10vq.htm"
    },
    {
        "date": "2010-06-30",
        "symbol": "FNB",
        "reportedCurrency": "USD",
        "cik": "0000037808",
        "fillingDate": "2010-08-05",
        "acceptedDate": "2010-08-05 17:23:07",
        "calendarYear": "2010",
        "period": "Q2",
        "revenue": 123406000,
        "costOfRevenue": 35119000,
        "grossProfit": 88287000,
        "grossProfitRatio": 0.7154190234,
        "researchAndDevelopmentExpenses": 0,
        "generalAndAdministrativeExpenses": 36033000,
        "sellingAndMarketingExpenses": 0,
        "sellingGeneralAndAdministrativeExpenses": 36033000,
        "otherExpenses": 27653000,
        "operatingExpenses": 63686000,
        "costAndExpenses": 98805000,
        "interestIncome": 94343000,
        "interestExpense": 22880000,
        "depreciationAndAmortization": 5978000,
        "ebitda": 30579000,
        "ebitdaratio": 0.2477918416,
        "operatingIncome": 24601000,
        "operatingIncomeRatio": 0.1993501126,
        "totalOtherIncomeExpensesNet": 0,
        "incomeBeforeTax": 24601000,
        "incomeBeforeTaxRatio": 0.1993501126,
        "incomeTaxExpense": 6679000,
        "netIncome": 17922000,
        "netIncomeRatio": 0.1452279468,
        "eps": 0.16,
        "epsdiluted": 0.16,
        "weightedAverageShsOut": 113878000,
        "weightedAverageShsOutDil": 114315000,
        "link": "https://www.sec.gov/Archives/edgar/data/37808/000095012310073502/0000950123-10-073502-index.htm",
        "finalLink": "https://www.sec.gov/Archives/edgar/data/37808/000095012310073502/l40327e10vq.htm"
    },
    {
        "date": "2010-03-31",
        "symbol": "FNB",
        "reportedCurrency": "USD",
        "cik": "0000037808",
        "fillingDate": "2010-05-07",
        "acceptedDate": "2010-05-07 15:49:20",
        "calendarYear": "2010",
        "period": "Q1",
        "revenue": 124507000,
        "costOfRevenue": 36105000,
        "grossProfit": 88402000,
        "grossProfitRatio": 0.7100163043,
        "researchAndDevelopmentExpenses": 0,
        "generalAndAdministrativeExpenses": 35747000,
        "sellingAndMarketingExpenses": 0,
        "sellingGeneralAndAdministrativeExpenses": 35747000,
        "otherExpenses": 31382000,
        "operatingExpenses": 67129000,
        "costAndExpenses": 103234000,
        "interestIncome": 92527000,
        "interestExpense": 24141000,
        "depreciationAndAmortization": 9260000,
        "ebitda": 30533000,
        "ebitdaratio": 0.2452311918,
        "operatingIncome": 21273000,
        "operatingIncomeRatio": 0.1708578634,
        "totalOtherIncomeExpensesNet": 0,
        "incomeBeforeTax": 21273000,
        "incomeBeforeTaxRatio": 0.1708578634,
        "incomeTaxExpense": 5293000,
        "netIncome": 15980000,
        "netIncomeRatio": 0.1283461974,
        "eps": 0.14,
        "epsdiluted": 0.14,
        "weightedAverageShsOut": 113750000,
        "weightedAverageShsOutDil": 114065000,
        "link": "https://www.sec.gov/Archives/edgar/data/37808/000095012310046338/0000950123-10-046338-index.htm",
        "finalLink": "https://www.sec.gov/Archives/edgar/data/37808/000095012310046338/l39660e10vq.htm"
    },
    {
        "date": "2009-12-31",
        "symbol": "FNB",
        "reportedCurrency": "USD",
        "cik": "0000037808",
        "fillingDate": "2010-02-26",
        "acceptedDate": "2010-02-26 12:09:09",
        "calendarYear": "2009",
        "period": "Q4",
        "revenue": 129333000,
        "costOfRevenue": 52392000,
        "grossProfit": 76941000,
        "grossProfitRatio": 0.5949061724,
        "researchAndDevelopmentExpenses": 0,
        "generalAndAdministrativeExpenses": 66195000,
        "sellingAndMarketingExpenses": 5321000,
        "sellingGeneralAndAdministrativeExpenses": 71516000,
        "otherExpenses": 2158000,
        "operatingExpenses": 73674000,
        "costAndExpenses": 126066000,
        "interestIncome": 95907000,
        "interestExpense": 26468000,
        "depreciationAndAmortization": 5752000,
        "ebitda": 9019000,
        "ebitdaratio": 0.0697347158,
        "operatingIncome": 3267000,
        "operatingIncomeRatio": 0.0252603744,
        "totalOtherIncomeExpensesNet": 0,
        "incomeBeforeTax": 3267000,
        "incomeBeforeTaxRatio": 0.0252603744,
        "incomeTaxExpense": -1289000,
        "netIncome": 4556000,
        "netIncomeRatio": 0.0352268949,
        "eps": 0.0401,
        "epsdiluted": 0.0401,
        "weightedAverageShsOut": 113714000,
        "weightedAverageShsOutDil": 113750000,
        "link": "https://www.sec.gov/Archives/edgar/data/37808/000095012310017771/0000950123-10-017771-index.htm",
        "finalLink": "https://www.sec.gov/Archives/edgar/data/37808/000095012310017771/l38910e10vk.htm"
    },
    {
        "date": "2009-09-30",
        "symbol": "FNB",
        "reportedCurrency": "USD",
        "cik": "0000037808",
        "fillingDate": "2009-11-09",
        "acceptedDate": "2009-11-09 15:53:22",
        "calendarYear": "2009",
        "period": "Q3",
        "revenue": 123786000,
        "costOfRevenue": 45444000,
        "grossProfit": 78342000,
        "grossProfitRatio": 0.6328825554,
        "researchAndDevelopmentExpenses": 0,
        "generalAndAdministrativeExpenses": 39809000,
        "sellingAndMarketingExpenses": 0,
        "sellingGeneralAndAdministrativeExpenses": 39809000,
        "otherExpenses": 25803000,
        "operatingExpenses": 65612000,
        "costAndExpenses": 111056000,
        "interestIncome": 96533000,
        "interestExpense": 28989000,
        "depreciationAndAmortization": 5766000,
        "ebitda": 18496000,
        "ebitdaratio": 0.1494191589,
        "operatingIncome": 12730000,
        "operatingIncomeRatio": 0.1028387701,
        "totalOtherIncomeExpensesNet": 0,
        "incomeBeforeTax": 12730000,
        "incomeBeforeTaxRatio": 0.1028387701,
        "incomeTaxExpense": 2424000,
        "netIncome": 10306000,
        "netIncomeRatio": 0.083256588,
        "eps": 0.04,
        "epsdiluted": 0.04,
        "weightedAverageShsOut": 113572000,
        "weightedAverageShsOutDil": 113871000,
        "link": "https://www.sec.gov/Archives/edgar/data/37808/000095012309060122/0000950123-09-060122-index.htm",
        "finalLink": "https://www.sec.gov/Archives/edgar/data/37808/000095012309060122/l38028e10vq.htm"
    },
    {
        "date": "2009-06-30",
        "symbol": "FNB",
        "reportedCurrency": "USD",
        "cik": "0000037808",
        "fillingDate": "2009-08-10",
        "acceptedDate": "2009-08-10 14:57:24",
        "calendarYear": "2009",
        "period": "Q2",
        "revenue": 126224000,
        "costOfRevenue": 45611000,
        "grossProfit": 80613000,
        "grossProfitRatio": 0.6386503359,
        "researchAndDevelopmentExpenses": 0,
        "generalAndAdministrativeExpenses": 44675000,
        "sellingAndMarketingExpenses": 0,
        "sellingGeneralAndAdministrativeExpenses": 44675000,
        "otherExpenses": 22330000,
        "operatingExpenses": 67005000,
        "costAndExpenses": 112616000,
        "interestIncome": 96992000,
        "interestExpense": 31702000,
        "depreciationAndAmortization": 5848000,
        "ebitda": 19456000,
        "ebitdaratio": 0.1541386741,
        "operatingIncome": 13608000,
        "operatingIncomeRatio": 0.1078083407,
        "totalOtherIncomeExpensesNet": 0,
        "incomeBeforeTax": 13608000,
        "incomeBeforeTaxRatio": 0.1078083407,
        "incomeTaxExpense": 3010000,
        "netIncome": 10598000,
        "netIncomeRatio": 0.0839618456,
        "eps": 0.1,
        "epsdiluted": 0.1,
        "weightedAverageShsOut": 93387000,
        "weightedAverageShsOutDil": 93597000,
        "link": "https://www.sec.gov/Archives/edgar/data/37808/000095012309032783/0000950123-09-032783-index.htm",
        "finalLink": "https://www.sec.gov/Archives/edgar/data/37808/000095012309032783/l37282e10vq.htm"
    },
    {
        "date": "2009-03-31",
        "symbol": "FNB",
        "reportedCurrency": "USD",
        "cik": "0000037808",
        "fillingDate": "2009-05-11",
        "acceptedDate": "2009-05-11 16:35:11",
        "calendarYear": "2009",
        "period": "Q1",
        "revenue": 126484000,
        "costOfRevenue": 44534000,
        "grossProfit": 81950000,
        "grossProfitRatio": 0.6479080358,
        "researchAndDevelopmentExpenses": 0,
        "generalAndAdministrativeExpenses": 39450000,
        "sellingAndMarketingExpenses": 0,
        "sellingGeneralAndAdministrativeExpenses": 39450000,
        "otherExpenses": 21725000,
        "operatingExpenses": 61175000,
        "costAndExpenses": 105709000,
        "interestIncome": 98057000,
        "interestExpense": 34020000,
        "depreciationAndAmortization": 8492000,
        "ebitda": 29267000,
        "ebitdaratio": 0.2313889504,
        "operatingIncome": 20775000,
        "operatingIncomeRatio": 0.1642500237,
        "totalOtherIncomeExpensesNet": 0,
        "incomeBeforeTax": 20775000,
        "incomeBeforeTaxRatio": 0.1642500237,
        "incomeTaxExpense": 5124000,
        "netIncome": 15651000,
        "netIncomeRatio": 0.1237389709,
        "eps": 0.16,
        "epsdiluted": 0.16,
        "weightedAverageShsOut": 89383000,
        "weightedAverageShsOutDil": 89575000,
        "link": "https://www.sec.gov/Archives/edgar/data/37808/000095015209005084/0000950152-09-005084-index.htm",
        "finalLink": "https://www.sec.gov/Archives/edgar/data/37808/000095015209005084/l36449ae10vq.htm"
    },
    {
        "date": "2008-12-31",
        "symbol": "FNB",
        "reportedCurrency": "USD",
        "cik": "0000037808",
        "fillingDate": "2009-03-02",
        "acceptedDate": "2009-03-02 14:53:40",
        "calendarYear": "2008",
        "period": "Q4",
        "revenue": 132114000,
        "costOfRevenue": 90091000,
        "grossProfit": 42023000,
        "grossProfitRatio": 0.318081354,
        "researchAndDevelopmentExpenses": 0,
        "generalAndAdministrativeExpenses": 32304000,
        "sellingAndMarketingExpenses": 4589000,
        "sellingGeneralAndAdministrativeExpenses": 36893000,
        "otherExpenses": 38221000,
        "operatingExpenses": 75114000,
        "costAndExpenses": 165205000,
        "interestIncome": 107158000,
        "interestExpense": 38793000,
        "depreciationAndAmortization": 5134000,
        "ebitda": -27957000,
        "ebitdaratio": -0.2116126981,
        "operatingIncome": -33091000,
        "operatingIncomeRatio": -0.2504730763,
        "totalOtherIncomeExpensesNet": 0,
        "incomeBeforeTax": -33091000,
        "incomeBeforeTaxRatio": -0.2504730763,
        "incomeTaxExpense": -14185000,
        "netIncome": -18906000,
        "netIncomeRatio": -0.1431036832,
        "eps": -0.21,
        "epsdiluted": -0.21,
        "weightedAverageShsOut": 89368000,
        "weightedAverageShsOutDil": 89383000,
        "link": "https://www.sec.gov/Archives/edgar/data/37808/000095015209002050/0000950152-09-002050-index.htm",
        "finalLink": "https://www.sec.gov/Archives/edgar/data/37808/000095015209002050/l35059ae10vk.htm"
    },
    {
        "date": "2008-09-30",
        "symbol": "FNB",
        "reportedCurrency": "USD",
        "cik": "0000037808",
        "fillingDate": "2008-11-10",
        "acceptedDate": "2008-11-10 15:57:42",
        "calendarYear": "2008",
        "period": "Q3",
        "revenue": 137059000,
        "costOfRevenue": 46410000,
        "grossProfit": 90649000,
        "grossProfitRatio": 0.6613867021,
        "researchAndDevelopmentExpenses": 0,
        "generalAndAdministrativeExpenses": 29707000,
        "sellingAndMarketingExpenses": 0,
        "sellingGeneralAndAdministrativeExpenses": 29707000,
        "otherExpenses": 28229000,
        "operatingExpenses": 57936000,
        "costAndExpenses": 104346000,
        "interestIncome": 108801000,
        "interestExpense": 39896000,
        "depreciationAndAmortization": 4472000,
        "ebitda": 37185000,
        "ebitdaratio": 0.2713065176,
        "operatingIncome": 32713000,
        "operatingIncomeRatio": 0.2386782335,
        "totalOtherIncomeExpensesNet": 0,
        "incomeBeforeTax": 32713000,
        "incomeBeforeTaxRatio": 0.2386782335,
        "incomeTaxExpense": 9208000,
        "netIncome": 23505000,
        "netIncomeRatio": 0.1714954873,
        "eps": 0.27,
        "epsdiluted": 0.27,
        "weightedAverageShsOut": 87291000,
        "weightedAverageShsOutDil": 87575000,
        "link": "https://www.sec.gov/Archives/edgar/data/37808/000095015208009060/0000950152-08-009060-index.htm",
        "finalLink": "https://www.sec.gov/Archives/edgar/data/37808/000095015208009060/l34293ae10vq.htm"
    },
    {
        "date": "2008-06-30",
        "symbol": "FNB",
        "reportedCurrency": "USD",
        "cik": "0000037808",
        "fillingDate": "2008-08-11",
        "acceptedDate": "2008-08-11 15:02:08",
        "calendarYear": "2008",
        "period": "Q2",
        "revenue": 133209000,
        "costOfRevenue": 50716000,
        "grossProfit": 82493000,
        "grossProfitRatio": 0.6192749739,
        "researchAndDevelopmentExpenses": 0,
        "generalAndAdministrativeExpenses": 32320000,
        "sellingAndMarketingExpenses": 0,
        "sellingGeneralAndAdministrativeExpenses": 32320000,
        "otherExpenses": 30150000,
        "operatingExpenses": 62470000,
        "costAndExpenses": 113186000,
        "interestIncome": 105297000,
        "interestExpense": 39740000,
        "depreciationAndAmortization": 7925000,
        "ebitda": 27948000,
        "ebitdaratio": 0.2098056438,
        "operatingIncome": 20023000,
        "operatingIncomeRatio": 0.1503126666,
        "totalOtherIncomeExpensesNet": 0,
        "incomeBeforeTax": 20023000,
        "incomeBeforeTaxRatio": 0.1503126666,
        "incomeTaxExpense": 5518000,
        "netIncome": 14505000,
        "netIncomeRatio": 0.108889039,
        "eps": 0.17,
        "epsdiluted": 0.17,
        "weightedAverageShsOut": 85633000,
        "weightedAverageShsOutDil": 86054000,
        "link": "https://www.sec.gov/Archives/edgar/data/37808/000095015208006329/0000950152-08-006329-index.htm",
        "finalLink": "https://www.sec.gov/Archives/edgar/data/37808/000095015208006329/l32559ae10vq.htm"
    },
    {
        "date": "2008-03-31",
        "symbol": "FNB",
        "reportedCurrency": "USD",
        "cik": "0000037808",
        "fillingDate": "2008-05-12",
        "acceptedDate": "2008-05-12 14:35:39",
        "calendarYear": "2008",
        "period": "Q1",
        "revenue": 110693000,
        "costOfRevenue": 43143000,
        "grossProfit": 67550000,
        "grossProfitRatio": 0.610246357,
        "researchAndDevelopmentExpenses": 0,
        "generalAndAdministrativeExpenses": 25256000,
        "sellingAndMarketingExpenses": 0,
        "sellingGeneralAndAdministrativeExpenses": 25256000,
        "otherExpenses": 19107000,
        "operatingExpenses": 44363000,
        "costAndExpenses": 87506000,
        "interestIncome": 88525000,
        "interestExpense": 39560000,
        "depreciationAndAmortization": 3439000,
        "ebitda": 26626000,
        "ebitdaratio": 0.2405391488,
        "operatingIncome": 23187000,
        "operatingIncomeRatio": 0.2094712403,
        "totalOtherIncomeExpensesNet": 0,
        "incomeBeforeTax": 23187000,
        "incomeBeforeTaxRatio": 0.2094712403,
        "incomeTaxExpense": 6696000,
        "netIncome": 16491000,
        "netIncomeRatio": 0.1489796103,
        "eps": 0.27,
        "epsdiluted": 0.27,
        "weightedAverageShsOut": 61078000,
        "weightedAverageShsOutDil": 61078000,
        "link": "https://www.sec.gov/Archives/edgar/data/37808/000095015208003836/0000950152-08-003836-index.htm",
        "finalLink": "https://www.sec.gov/Archives/edgar/data/37808/000095015208003836/l31449ae10vq.htm"
    },
    {
        "date": "2007-12-31",
        "symbol": "FNB",
        "reportedCurrency": "USD",
        "cik": "0000037808",
        "fillingDate": "2008-02-29",
        "acceptedDate": "2008-02-29 14:59:03",
        "calendarYear": "2007",
        "period": "Q4",
        "revenue": 113588000,
        "costOfRevenue": 48656000,
        "grossProfit": 64932000,
        "grossProfitRatio": 0.5716448921,
        "researchAndDevelopmentExpenses": 0,
        "generalAndAdministrativeExpenses": 23757000,
        "sellingAndMarketingExpenses": 2914000,
        "sellingGeneralAndAdministrativeExpenses": 26671000,
        "otherExpenses": 14065000,
        "operatingExpenses": 40736000,
        "costAndExpenses": 89392000,
        "interestIncome": 92834000,
        "interestExpense": 43424000,
        "depreciationAndAmortization": 3148000,
        "ebitda": 27344000,
        "ebitdaratio": 0.2407296545,
        "operatingIncome": 24196000,
        "operatingIncomeRatio": 0.2130154594,
        "totalOtherIncomeExpensesNet": 0,
        "incomeBeforeTax": 24196000,
        "incomeBeforeTaxRatio": 0.2130154594,
        "incomeTaxExpense": 7134000,
        "netIncome": 17062000,
        "netIncomeRatio": 0.1502095292,
        "eps": 0.28,
        "epsdiluted": 0.28,
        "weightedAverageShsOut": 60156000,
        "weightedAverageShsOutDil": 61078000,
        "link": "https://www.sec.gov/Archives/edgar/data/37808/000095015208001560/0000950152-08-001560-index.htm",
        "finalLink": "https://www.sec.gov/Archives/edgar/data/37808/000095015208001560/l29845ae10vk.htm"
    },
    {
        "date": "2007-09-30",
        "symbol": "FNB",
        "reportedCurrency": "USD",
        "cik": "0000037808",
        "fillingDate": "2007-11-08",
        "acceptedDate": "2007-11-08 13:14:57",
        "calendarYear": "2007",
        "period": "Q3",
        "revenue": 113638000,
        "costOfRevenue": 48567000,
        "grossProfit": 65071000,
        "grossProfitRatio": 0.5726165543,
        "researchAndDevelopmentExpenses": 0,
        "generalAndAdministrativeExpenses": 22030000,
        "sellingAndMarketingExpenses": 0,
        "sellingGeneralAndAdministrativeExpenses": 22030000,
        "otherExpenses": 19255000,
        "operatingExpenses": 41285000,
        "costAndExpenses": 89852000,
        "interestIncome": 93949000,
        "interestExpense": 44791000,
        "depreciationAndAmortization": 3192000,
        "ebitda": 26978000,
        "ebitdaratio": 0.2374029814,
        "operatingIncome": 23786000,
        "operatingIncomeRatio": 0.2093137859,
        "totalOtherIncomeExpensesNet": 0,
        "incomeBeforeTax": 23786000,
        "incomeBeforeTaxRatio": 0.2093137859,
        "incomeTaxExpense": 6162000,
        "netIncome": 17624000,
        "netIncomeRatio": 0.1550889667,
        "eps": 0.29,
        "epsdiluted": 0.29,
        "weightedAverageShsOut": 60155000,
        "weightedAverageShsOutDil": 60640000,
        "link": "https://www.sec.gov/Archives/edgar/data/37808/000095015207008744/0000950152-07-008744-index.htm",
        "finalLink": "https://www.sec.gov/Archives/edgar/data/37808/000095015207008744/l28395ae10vq.htm"
    },
    {
        "date": "2007-06-30",
        "symbol": "FNB",
        "reportedCurrency": "USD",
        "cik": "0000037808",
        "fillingDate": "2007-08-08",
        "acceptedDate": "2007-08-08 16:51:17",
        "calendarYear": "2007",
        "period": "Q2",
        "revenue": 111995000,
        "costOfRevenue": 45109000,
        "grossProfit": 66886000,
        "grossProfitRatio": 0.5972230903,
        "researchAndDevelopmentExpenses": 0,
        "generalAndAdministrativeExpenses": 21475000,
        "sellingAndMarketingExpenses": 0,
        "sellingGeneralAndAdministrativeExpenses": 21475000,
        "otherExpenses": 20347000,
        "operatingExpenses": 41822000,
        "costAndExpenses": 86931000,
        "interestIncome": 91620000,
        "interestExpense": 43271000,
        "depreciationAndAmortization": 3198000,
        "ebitda": 28262000,
        "ebitdaratio": 0.2523505514,
        "operatingIncome": 25064000,
        "operatingIncomeRatio": 0.2237957052,
        "totalOtherIncomeExpensesNet": 0,
        "incomeBeforeTax": 25064000,
        "incomeBeforeTaxRatio": 0.2237957052,
        "incomeTaxExpense": 7442000,
        "netIncome": 17622000,
        "netIncomeRatio": 0.1573463101,
        "eps": 0.29,
        "epsdiluted": 0.29,
        "weightedAverageShsOut": 60127000,
        "weightedAverageShsOutDil": 60621000,
        "link": "https://www.sec.gov/Archives/edgar/data/37808/000095015207006589/0000950152-07-006589-index.htm",
        "finalLink": "https://www.sec.gov/Archives/edgar/data/37808/000095015207006589/l26998ae10vq.htm"
    },
    {
        "date": "2007-03-31",
        "symbol": "FNB",
        "reportedCurrency": "USD",
        "cik": "0000037808",
        "fillingDate": "2007-05-09",
        "acceptedDate": "2007-05-09 16:23:41",
        "calendarYear": "2007",
        "period": "Q1",
        "revenue": 111403000,
        "costOfRevenue": 44414000,
        "grossProfit": 66989000,
        "grossProfitRatio": 0.6013213289,
        "researchAndDevelopmentExpenses": 0,
        "generalAndAdministrativeExpenses": 22266000,
        "sellingAndMarketingExpenses": 0,
        "sellingGeneralAndAdministrativeExpenses": 22266000,
        "otherExpenses": 19630000,
        "operatingExpenses": 41896000,
        "costAndExpenses": 86310000,
        "interestIncome": 90487000,
        "interestExpense": 42567000,
        "depreciationAndAmortization": 3895000,
        "ebitda": 28988000,
        "ebitdaratio": 0.2602084324,
        "operatingIncome": 25093000,
        "operatingIncomeRatio": 0.2252452806,
        "totalOtherIncomeExpensesNet": 0,
        "incomeBeforeTax": 25093000,
        "incomeBeforeTaxRatio": 0.2252452806,
        "incomeTaxExpense": 7723000,
        "netIncome": 17370000,
        "netIncomeRatio": 0.1559203971,
        "eps": 0.29,
        "epsdiluted": 0.29,
        "weightedAverageShsOut": 59897000,
        "weightedAverageShsOutDil": 59897000,
        "link": "https://www.sec.gov/Archives/edgar/data/37808/000095015207004196/0000950152-07-004196-index.htm",
        "finalLink": "https://www.sec.gov/Archives/edgar/data/37808/000095015207004196/l25716ae10vq.htm"
    },
    {
        "date": "2006-12-31",
        "symbol": "FNB",
        "reportedCurrency": "USD",
        "cik": "0000037808",
        "fillingDate": "2007-02-28",
        "acceptedDate": "2007-02-28 16:37:36",
        "calendarYear": "2006",
        "period": "Q4",
        "revenue": 108688000,
        "costOfRevenue": 45331000,
        "grossProfit": 63357000,
        "grossProfitRatio": 0.582925438,
        "researchAndDevelopmentExpenses": 0,
        "generalAndAdministrativeExpenses": 22757000,
        "sellingAndMarketingExpenses": 2845000,
        "sellingGeneralAndAdministrativeExpenses": 25602000,
        "otherExpenses": 12425000,
        "operatingExpenses": 38027000,
        "costAndExpenses": 83358000,
        "interestIncome": 90760000,
        "interestExpense": 42802000,
        "depreciationAndAmortization": 3066000,
        "ebitda": 28396000,
        "ebitdaratio": 0.2612615928,
        "operatingIncome": 25330000,
        "operatingIncomeRatio": 0.2330524069,
        "totalOtherIncomeExpensesNet": 0,
        "incomeBeforeTax": 25330000,
        "incomeBeforeTaxRatio": 0.2330524069,
        "incomeTaxExpense": 7737000,
        "netIncome": 17593000,
        "netIncomeRatio": 0.1618669954,
        "eps": 0.29,
        "epsdiluted": 0.29,
        "weightedAverageShsOut": 59897000,
        "weightedAverageShsOutDil": 59897000,
        "link": "https://www.sec.gov/Archives/edgar/data/37808/000095015207001623/0000950152-07-001623-index.htm",
        "finalLink": "https://www.sec.gov/Archives/edgar/data/37808/000095015207001623/l24095ae10vk.htm"
    },
    {
        "date": "2006-09-30",
        "symbol": "FNB",
        "reportedCurrency": "USD",
        "cik": "0000037808",
        "fillingDate": "2006-11-08",
        "acceptedDate": "2006-11-08 15:19:04",
        "calendarYear": "2006",
        "period": "Q3",
        "revenue": 110587000,
        "costOfRevenue": 44637000,
        "grossProfit": 65950000,
        "grossProfitRatio": 0.5963630445,
        "researchAndDevelopmentExpenses": 0,
        "generalAndAdministrativeExpenses": 20991000,
        "sellingAndMarketingExpenses": 0,
        "sellingGeneralAndAdministrativeExpenses": 20991000,
        "otherExpenses": 19633000,
        "operatingExpenses": 40624000,
        "costAndExpenses": 85261000,
        "interestIncome": 90576000,
        "interestExpense": 42209000,
        "depreciationAndAmortization": 3896000,
        "ebitda": 29222000,
        "ebitdaratio": 0.264244441,
        "operatingIncome": 25326000,
        "operatingIncomeRatio": 0.2290142603,
        "totalOtherIncomeExpensesNet": 0,
        "incomeBeforeTax": 25326000,
        "incomeBeforeTaxRatio": 0.2290142603,
        "incomeTaxExpense": 7707000,
        "netIncome": 17619000,
        "netIncomeRatio": 0.1593225243,
        "eps": 0.29,
        "epsdiluted": 0.29,
        "weightedAverageShsOut": 60755000,
        "weightedAverageShsOutDil": 60755000,
        "link": "https://www.sec.gov/Archives/edgar/data/37808/000095015206009018/0000950152-06-009018-index.htm",
        "finalLink": "https://www.sec.gov/Archives/edgar/data/37808/000095015206009018/l22919ae10vq.htm"
    },
    {
        "date": "2006-06-30",
        "symbol": "FNB",
        "reportedCurrency": "USD",
        "cik": "0000037808",
        "fillingDate": "2006-08-08",
        "acceptedDate": "2006-08-08 16:08:29",
        "calendarYear": "2006",
        "period": "Q2",
        "revenue": 103804000,
        "costOfRevenue": 39269000,
        "grossProfit": 64535000,
        "grossProfitRatio": 0.6217005125,
        "researchAndDevelopmentExpenses": 0,
        "generalAndAdministrativeExpenses": 21141000,
        "sellingAndMarketingExpenses": 0,
        "sellingGeneralAndAdministrativeExpenses": 21141000,
        "otherExpenses": 19583000,
        "operatingExpenses": 40724000,
        "costAndExpenses": 79993000,
        "interestIncome": 83465000,
        "interestExpense": 36772000,
        "depreciationAndAmortization": 4053000,
        "ebitda": 27864000,
        "ebitdaratio": 0.2684289623,
        "operatingIncome": 23811000,
        "operatingIncomeRatio": 0.2293842241,
        "totalOtherIncomeExpensesNet": 0,
        "incomeBeforeTax": 23811000,
        "incomeBeforeTaxRatio": 0.2293842241,
        "incomeTaxExpense": 7176000,
        "netIncome": 16635000,
        "netIncomeRatio": 0.1602539401,
        "eps": 0.29,
        "epsdiluted": 0.28,
        "weightedAverageShsOut": 57362000,
        "weightedAverageShsOutDil": 59411000,
        "link": "https://www.sec.gov/Archives/edgar/data/37808/000095015206006683/0000950152-06-006683-index.htm",
        "finalLink": "https://www.sec.gov/Archives/edgar/data/37808/000095015206006683/l21305ae10vq.htm"
    },
    {
        "date": "2006-03-31",
        "symbol": "FNB",
        "reportedCurrency": "USD",
        "cik": "0000037808",
        "fillingDate": "2006-05-10",
        "acceptedDate": "2006-05-10 14:11:58",
        "calendarYear": "2006",
        "period": "Q1",
        "revenue": 97250000,
        "costOfRevenue": 34760000,
        "grossProfit": 62490000,
        "grossProfitRatio": 0.6425706941,
        "researchAndDevelopmentExpenses": 0,
        "generalAndAdministrativeExpenses": 21318000,
        "sellingAndMarketingExpenses": 0,
        "sellingGeneralAndAdministrativeExpenses": 21318000,
        "otherExpenses": 18453000,
        "operatingExpenses": 39771000,
        "costAndExpenses": 74531000,
        "interestIncome": 77621000,
        "interestExpense": 31802000,
        "depreciationAndAmortization": 3452000,
        "ebitda": 26171000,
        "ebitdaratio": 0.2691105398,
        "operatingIncome": 22719000,
        "operatingIncomeRatio": 0.2336143959,
        "totalOtherIncomeExpensesNet": 0,
        "incomeBeforeTax": 22719000,
        "incomeBeforeTaxRatio": 0.2336143959,
        "incomeTaxExpense": 6917000,
        "netIncome": 15802000,
        "netIncomeRatio": 0.1624884319,
        "eps": 0.28,
        "epsdiluted": 0.27,
        "weightedAverageShsOut": 56436000,
        "weightedAverageShsOutDil": 58526000,
        "link": "https://www.sec.gov/Archives/edgar/data/37808/000095015206004234/0000950152-06-004234-index.htm",
        "finalLink": "https://www.sec.gov/Archives/edgar/data/37808/000095015206004234/j1999301e10vq.htm"
    },
    {
        "date": "2005-12-31",
        "symbol": "FNB",
        "reportedCurrency": "USD",
        "cik": "0000037808",
        "fillingDate": "2006-03-16",
        "acceptedDate": "2006-03-16 15:01:36",
        "calendarYear": "2005",
        "period": "Q4",
        "revenue": 80068000,
        "costOfRevenue": 34111000,
        "grossProfit": 45957000,
        "grossProfitRatio": 0.5739746216,
        "researchAndDevelopmentExpenses": 0,
        "generalAndAdministrativeExpenses": 23436000,
        "sellingAndMarketingExpenses": 3210000,
        "sellingGeneralAndAdministrativeExpenses": 26646000,
        "otherExpenses": 13874000,
        "operatingExpenses": 40520000,
        "costAndExpenses": 74631000,
        "interestIncome": 77658000,
        "interestExpense": 30400000,
        "depreciationAndAmortization": 4348000,
        "ebitda": 9785000,
        "ebitdaratio": 0.1222086227,
        "operatingIncome": 5437000,
        "operatingIncomeRatio": 0.0679047809,
        "totalOtherIncomeExpensesNet": 0,
        "incomeBeforeTax": 5437000,
        "incomeBeforeTaxRatio": 0.0679047809,
        "incomeTaxExpense": 716000,
        "netIncome": 4721000,
        "netIncomeRatio": 0.058962382,
        "eps": 0.0837,
        "epsdiluted": 0.0837,
        "weightedAverageShsOut": 56436000,
        "weightedAverageShsOutDil": 56436000,
        "link": "https://www.sec.gov/Archives/edgar/data/37808/000095015206002182/0000950152-06-002182-index.htm",
        "finalLink": "https://www.sec.gov/Archives/edgar/data/37808/000095015206002182/j1822001e10vk.htm"
    },
    {
        "date": "2005-09-30",
        "symbol": "FNB",
        "reportedCurrency": "USD",
        "cik": "0000037808",
        "fillingDate": "2005-11-09",
        "acceptedDate": "2005-11-09 14:28:18",
        "calendarYear": "2005",
        "period": "Q3",
        "revenue": 94709000,
        "costOfRevenue": 32003000,
        "grossProfit": 62706000,
        "grossProfitRatio": 0.6620912479,
        "researchAndDevelopmentExpenses": 0,
        "generalAndAdministrativeExpenses": 19335000,
        "sellingAndMarketingExpenses": 0,
        "sellingGeneralAndAdministrativeExpenses": 19335000,
        "otherExpenses": 18663000,
        "operatingExpenses": 37998000,
        "costAndExpenses": 70001000,
        "interestIncome": 75918000,
        "interestExpense": 28555000,
        "depreciationAndAmortization": 3803000,
        "ebitda": 28511000,
        "ebitdaratio": 0.3010379161,
        "operatingIncome": 24708000,
        "operatingIncomeRatio": 0.2608833374,
        "totalOtherIncomeExpensesNet": 0,
        "incomeBeforeTax": 24708000,
        "incomeBeforeTaxRatio": 0.2608833374,
        "incomeTaxExpense": 6622000,
        "netIncome": 18086000,
        "netIncomeRatio": 0.1909638999,
        "eps": 0.32,
        "epsdiluted": 0.32,
        "weightedAverageShsOut": 56519000,
        "weightedAverageShsOutDil": 56519000,
        "link": "https://www.sec.gov/Archives/edgar/data/37808/000095015205008998/0000950152-05-008998-index.htm",
        "finalLink": "https://www.sec.gov/Archives/edgar/data/37808/000095015205008998/j1657101e10vq.htm"
    },
    {
        "date": "2005-06-30",
        "symbol": "FNB",
        "reportedCurrency": "USD",
        "cik": "0000037808",
        "fillingDate": "2005-08-09",
        "acceptedDate": "2005-08-09 14:47:25",
        "calendarYear": "2005",
        "period": "Q2",
        "revenue": 92543000,
        "costOfRevenue": 29021000,
        "grossProfit": 63522000,
        "grossProfitRatio": 0.6864052386,
        "researchAndDevelopmentExpenses": 0,
        "generalAndAdministrativeExpenses": 19735000,
        "sellingAndMarketingExpenses": 0,
        "sellingGeneralAndAdministrativeExpenses": 19735000,
        "otherExpenses": 18484000,
        "operatingExpenses": 38219000,
        "costAndExpenses": 67240000,
        "interestIncome": 74213000,
        "interestExpense": 26335000,
        "depreciationAndAmortization": 4131000,
        "ebitda": 29434000,
        "ebitdaratio": 0.3180575516,
        "operatingIncome": 25303000,
        "operatingIncomeRatio": 0.2734188431,
        "totalOtherIncomeExpensesNet": 0,
        "incomeBeforeTax": 25303000,
        "incomeBeforeTaxRatio": 0.2734188431,
        "incomeTaxExpense": 7762000,
        "netIncome": 17541000,
        "netIncomeRatio": 0.1895443199,
        "eps": 0.31,
        "epsdiluted": 0.31,
        "weightedAverageShsOut": 56584000,
        "weightedAverageShsOutDil": 56584000,
        "link": "https://www.sec.gov/Archives/edgar/data/37808/000095015205006769/0000950152-05-006769-index.htm",
        "finalLink": "https://www.sec.gov/Archives/edgar/data/37808/000095015205006769/j1518801e10vq.htm"
    },
    {
        "date": "2005-03-31",
        "symbol": "FNB",
        "reportedCurrency": "USD",
        "cik": "0000037808",
        "fillingDate": "2005-05-10",
        "acceptedDate": "2005-05-10 10:39:49",
        "calendarYear": "2005",
        "period": "Q1",
        "revenue": 87816000,
        "costOfRevenue": 25821000,
        "grossProfit": 61995000,
        "grossProfitRatio": 0.7059647445,
        "researchAndDevelopmentExpenses": 0,
        "generalAndAdministrativeExpenses": 21183000,
        "sellingAndMarketingExpenses": 0,
        "sellingGeneralAndAdministrativeExpenses": 21183000,
        "otherExpenses": 19155000,
        "operatingExpenses": 40338000,
        "costAndExpenses": 66159000,
        "interestIncome": 69400000,
        "interestExpense": 23490000,
        "depreciationAndAmortization": 3033000,
        "ebitda": 24690000,
        "ebitdaratio": 0.2811560536,
        "operatingIncome": 21657000,
        "operatingIncomeRatio": 0.2466179284,
        "totalOtherIncomeExpensesNet": 0,
        "incomeBeforeTax": 21657000,
        "incomeBeforeTaxRatio": 0.2466179284,
        "incomeTaxExpense": 6747000,
        "netIncome": 14910000,
        "netIncomeRatio": 0.169786827,
        "eps": 0.28,
        "epsdiluted": 0.28,
        "weightedAverageShsOut": 53250000,
        "weightedAverageShsOutDil": 53250000,
        "link": "https://www.sec.gov/Archives/edgar/data/37808/000095015205004217/0000950152-05-004217-index.htm",
        "finalLink": "https://www.sec.gov/Archives/edgar/data/37808/000095015205004217/j1367001e10vq.htm"
    },
    {
        "date": "2004-12-31",
        "symbol": "FNB",
        "reportedCurrency": "USD",
        "cik": "0000037808",
        "fillingDate": "2005-03-15",
        "acceptedDate": "2005-03-15 16:54:56",
        "calendarYear": "2004",
        "period": "Q4",
        "revenue": 88207000,
        "costOfRevenue": 27156000,
        "grossProfit": 61051000,
        "grossProfitRatio": 0.6921332774,
        "researchAndDevelopmentExpenses": 0,
        "generalAndAdministrativeExpenses": 20613000,
        "sellingAndMarketingExpenses": 2142000,
        "sellingGeneralAndAdministrativeExpenses": 22755000,
        "otherExpenses": 15862000,
        "operatingExpenses": 38617000,
        "costAndExpenses": 65773000,
        "interestIncome": 67006000,
        "interestExpense": 22688000,
        "depreciationAndAmortization": 4683000,
        "ebitda": 27117000,
        "ebitdaratio": 0.3074245808,
        "operatingIncome": 22434000,
        "operatingIncomeRatio": 0.2543335563,
        "totalOtherIncomeExpensesNet": 0,
        "incomeBeforeTax": 22434000,
        "incomeBeforeTaxRatio": 0.2543335563,
        "incomeTaxExpense": 6622000,
        "netIncome": 15812000,
        "netIncomeRatio": 0.1792601494,
        "eps": 0.3,
        "epsdiluted": 0.3,
        "weightedAverageShsOut": 47180000,
        "weightedAverageShsOutDil": 47180000,
        "link": "https://www.sec.gov/Archives/edgar/data/37808/000095015205002153/0000950152-05-002153-index.htm",
        "finalLink": "https://www.sec.gov/Archives/edgar/data/37808/000095015205002153/j1204401e10vk.htm"
    },
    {
        "date": "2004-09-30",
        "symbol": "FNB",
        "reportedCurrency": "USD",
        "cik": "0000037808",
        "fillingDate": "2004-11-09",
        "acceptedDate": "2004-11-09 16:24:26",
        "calendarYear": "2004",
        "period": "Q3",
        "revenue": 82741000,
        "costOfRevenue": 25453000,
        "grossProfit": 57288000,
        "grossProfitRatio": 0.6923774187,
        "researchAndDevelopmentExpenses": 0,
        "generalAndAdministrativeExpenses": 18117000,
        "sellingAndMarketingExpenses": 0,
        "sellingGeneralAndAdministrativeExpenses": 18117000,
        "otherExpenses": 17785000,
        "operatingExpenses": 35902000,
        "costAndExpenses": 61355000,
        "interestIncome": 63950000,
        "interestExpense": 21883000,
        "depreciationAndAmortization": 3940000,
        "ebitda": 25326000,
        "ebitdaratio": 0.3060876712,
        "operatingIncome": 21386000,
        "operatingIncomeRatio": 0.2584691991,
        "totalOtherIncomeExpensesNet": 0,
        "incomeBeforeTax": 21386000,
        "incomeBeforeTaxRatio": 0.2584691991,
        "incomeTaxExpense": 6690000,
        "netIncome": 14696000,
        "netIncomeRatio": 0.1776144838,
        "eps": 0.32,
        "epsdiluted": 0.31,
        "weightedAverageShsOut": 45925000,
        "weightedAverageShsOutDil": 47406000,
        "link": "https://www.sec.gov/Archives/edgar/data/37808/000095012804001089/0000950128-04-001089-index.htm",
        "finalLink": "https://www.sec.gov/Archives/edgar/data/37808/000095012804001089/j1008901e10vq.txt"
    },
    {
        "date": "2004-06-30",
        "symbol": "FNB",
        "reportedCurrency": "USD",
        "cik": "0000037808",
        "fillingDate": "2004-08-09",
        "acceptedDate": "2004-08-09 16:56:33",
        "calendarYear": "2004",
        "period": "Q2",
        "revenue": 78896000,
        "costOfRevenue": 23668000,
        "grossProfit": 55228000,
        "grossProfitRatio": 0.7000101399,
        "researchAndDevelopmentExpenses": 0,
        "generalAndAdministrativeExpenses": 17040000,
        "sellingAndMarketingExpenses": 0,
        "sellingGeneralAndAdministrativeExpenses": 17040000,
        "otherExpenses": 16417000,
        "operatingExpenses": 33457000,
        "costAndExpenses": 57125000,
        "interestIncome": 61516000,
        "interestExpense": 20048000,
        "depreciationAndAmortization": 3210000,
        "ebitda": 24981000,
        "ebitdaratio": 0.3166320219,
        "operatingIncome": 21771000,
        "operatingIncomeRatio": 0.2759455486,
        "totalOtherIncomeExpensesNet": 0,
        "incomeBeforeTax": 21771000,
        "incomeBeforeTaxRatio": 0.2759455486,
        "incomeTaxExpense": 6706000,
        "netIncome": 15065000,
        "netIncomeRatio": 0.1909475766,
        "eps": 0.33,
        "epsdiluted": 0.32,
        "weightedAverageShsOut": 45652000,
        "weightedAverageShsOutDil": 47078000,
        "link": "https://www.sec.gov/Archives/edgar/data/37808/000095012804000805/0000950128-04-000805-index.htm",
        "finalLink": "https://www.sec.gov/Archives/edgar/data/37808/000095012804000805/j0885501e10vq.txt"
    },
    {
        "date": "2004-03-31",
        "symbol": "FNB",
        "reportedCurrency": "USD",
        "cik": "0000037808",
        "fillingDate": "2004-05-10",
        "acceptedDate": "2004-05-10 15:19:33",
        "calendarYear": "2004",
        "period": "Q1",
        "revenue": 82745000,
        "costOfRevenue": 24393000,
        "grossProfit": 58352000,
        "grossProfitRatio": 0.7052027313,
        "researchAndDevelopmentExpenses": 0,
        "generalAndAdministrativeExpenses": 18254000,
        "sellingAndMarketingExpenses": 0,
        "sellingGeneralAndAdministrativeExpenses": 18254000,
        "otherExpenses": 16357000,
        "operatingExpenses": 34611000,
        "costAndExpenses": 59004000,
        "interestIncome": 61976000,
        "interestExpense": 19771000,
        "depreciationAndAmortization": 2787000,
        "ebitda": 26528000,
        "ebitdaratio": 0.320599432,
        "operatingIncome": 23741000,
        "operatingIncomeRatio": 0.2869176385,
        "totalOtherIncomeExpensesNet": 0,
        "incomeBeforeTax": 23741000,
        "incomeBeforeTaxRatio": 0.2869176385,
        "incomeTaxExpense": 7519000,
        "netIncome": 16222000,
        "netIncomeRatio": 0.1960480996,
        "eps": 0.35,
        "epsdiluted": 0.34,
        "weightedAverageShsOut": 46349000,
        "weightedAverageShsOutDil": 47712000,
        "link": "https://www.sec.gov/Archives/edgar/data/37808/000095012804000499/0000950128-04-000499-index.htm",
        "finalLink": "https://www.sec.gov/Archives/edgar/data/37808/000095012804000499/j0754301e10vq.txt"
    },
    {
        "date": "2003-12-31",
        "symbol": "FNB",
        "reportedCurrency": "USD",
        "cik": "0000037808",
        "fillingDate": "2004-03-15",
        "acceptedDate": "2004-03-15 16:14:45",
        "calendarYear": "2003",
        "period": "Q4",
        "revenue": 135870000,
        "costOfRevenue": 38324000,
        "grossProfit": 97546000,
        "grossProfitRatio": 0.7179362626,
        "researchAndDevelopmentExpenses": 0,
        "generalAndAdministrativeExpenses": 48440000,
        "sellingAndMarketingExpenses": 3863000,
        "sellingGeneralAndAdministrativeExpenses": 52303000,
        "otherExpenses": 29148000,
        "operatingExpenses": 81451000,
        "costAndExpenses": 119775000,
        "interestIncome": 105327000,
        "interestExpense": 30812000,
        "depreciationAndAmortization": 9284000,
        "ebitda": 25379000,
        "ebitdaratio": 0.1867888423,
        "operatingIncome": 16095000,
        "operatingIncomeRatio": 0.1184588209,
        "totalOtherIncomeExpensesNet": 0,
        "incomeBeforeTax": 16095000,
        "incomeBeforeTaxRatio": 0.1184588209,
        "incomeTaxExpense": 5774000,
        "netIncome": 10321000,
        "netIncomeRatio": 0.0759623169,
        "eps": 0.22,
        "epsdiluted": 0.22,
        "weightedAverageShsOut": 46349000,
        "weightedAverageShsOutDil": 46349000,
        "link": "https://www.sec.gov/Archives/edgar/data/37808/000095012804000287/0000950128-04-000287-index.htm",
        "finalLink": "https://www.sec.gov/Archives/edgar/data/37808/000095012804000287/j0499301e10vk.txt"
    },
    {
        "date": "2003-09-30",
        "symbol": "FNB",
        "reportedCurrency": "USD",
        "cik": "0000037808",
        "fillingDate": "2003-11-14",
        "acceptedDate": "2003-11-14 11:19:10",
        "calendarYear": "2003",
        "period": "Q3",
        "revenue": 80459000,
        "costOfRevenue": 26157000,
        "grossProfit": 54302000,
        "grossProfitRatio": 0.6749027455,
        "researchAndDevelopmentExpenses": 0,
        "generalAndAdministrativeExpenses": 26510000,
        "sellingAndMarketingExpenses": 0,
        "sellingGeneralAndAdministrativeExpenses": 26510000,
        "otherExpenses": 40959000,
        "operatingExpenses": 67469000,
        "costAndExpenses": 93626000,
        "interestIncome": 62868000,
        "interestExpense": 21872000,
        "depreciationAndAmortization": 5474000,
        "ebitda": -7693000,
        "ebitdaratio": -0.0956139152,
        "operatingIncome": -13167000,
        "operatingIncomeRatio": -0.1636485664,
        "totalOtherIncomeExpensesNet": 0,
        "incomeBeforeTax": -13167000,
        "incomeBeforeTaxRatio": -0.1636485664,
        "incomeTaxExpense": -5352000,
        "netIncome": 484000,
        "netIncomeRatio": 0.0060154861,
        "eps": 0.01,
        "epsdiluted": 0.01,
        "weightedAverageShsOut": 48400000,
        "weightedAverageShsOutDil": 48400000,
        "link": "https://www.sec.gov/Archives/edgar/data/37808/000003780803000042/0000037808-03-000042-index.htm",
        "finalLink": "https://www.sec.gov/Archives/edgar/data/37808/000003780803000042/form10q_093003.txt"
    },
    {
        "date": "2003-06-30",
        "symbol": "FNB",
        "reportedCurrency": "USD",
        "cik": "0000037808",
        "fillingDate": "2003-08-14",
        "acceptedDate": "2003-08-14 14:25:35",
        "calendarYear": "2003",
        "period": "Q2",
        "revenue": 82933000,
        "costOfRevenue": 26978000,
        "grossProfit": 55955000,
        "grossProfitRatio": 0.6747012649,
        "researchAndDevelopmentExpenses": 0,
        "generalAndAdministrativeExpenses": 18987000,
        "sellingAndMarketingExpenses": 0,
        "sellingGeneralAndAdministrativeExpenses": 18987000,
        "otherExpenses": 17324000,
        "operatingExpenses": 36311000,
        "costAndExpenses": 63289000,
        "interestIncome": 65096000,
        "interestExpense": 23075000,
        "depreciationAndAmortization": 1379000,
        "ebitda": 21023000,
        "ebitdaratio": 0.2534937841,
        "operatingIncome": 19644000,
        "operatingIncomeRatio": 0.2368659038,
        "totalOtherIncomeExpensesNet": 0,
        "incomeBeforeTax": 19644000,
        "incomeBeforeTaxRatio": 0.2368659038,
        "incomeTaxExpense": 5574000,
        "netIncome": 24656000,
        "netIncomeRatio": 0.2973002303,
        "eps": 0.54,
        "epsdiluted": 0.53,
        "weightedAverageShsOut": 45644000,
        "weightedAverageShsOutDil": 46506000,
        "link": "https://www.sec.gov/Archives/edgar/data/37808/000003780803000037/0000037808-03-000037-index.htm",
        "finalLink": "https://www.sec.gov/Archives/edgar/data/37808/000003780803000037/jun2003_10q.txt"
    },
    {
        "date": "2003-03-31",
        "symbol": "FNB",
        "reportedCurrency": "USD",
        "cik": "0000037808",
        "fillingDate": "2003-05-15",
        "acceptedDate": "2003-05-15 13:44:54",
        "calendarYear": "2003",
        "period": "Q1",
        "revenue": 83479000,
        "costOfRevenue": 25521000,
        "grossProfit": 57958000,
        "grossProfitRatio": 0.6942823944,
        "researchAndDevelopmentExpenses": 0,
        "generalAndAdministrativeExpenses": 20001000,
        "sellingAndMarketingExpenses": 0,
        "sellingGeneralAndAdministrativeExpenses": 20001000,
        "otherExpenses": 17288000,
        "operatingExpenses": 37289000,
        "costAndExpenses": 62810000,
        "interestIncome": 66547000,
        "interestExpense": 21394000,
        "depreciationAndAmortization": 3776000,
        "ebitda": 24445000,
        "ebitdaratio": 0.2928281364,
        "operatingIncome": 20669000,
        "operatingIncomeRatio": 0.2475952036,
        "totalOtherIncomeExpensesNet": 0,
        "incomeBeforeTax": 20669000,
        "incomeBeforeTaxRatio": 0.2475952036,
        "incomeTaxExpense": 6060000,
        "netIncome": 23328000,
        "netIncomeRatio": 0.2794475257,
        "eps": 0.51,
        "epsdiluted": 0.5,
        "weightedAverageShsOut": 45741000,
        "weightedAverageShsOutDil": 46656000,
        "link": "https://www.sec.gov/Archives/edgar/data/37808/000095012803000672/0000950128-03-000672-index.htm",
        "finalLink": "https://www.sec.gov/Archives/edgar/data/37808/000095012803000672/j0105601e10vq.txt"
    },
    {
        "date": "2002-12-31",
        "symbol": "FNB",
        "reportedCurrency": "USD",
        "cik": "0000037808",
        "fillingDate": "2003-03-18",
        "acceptedDate": "2003-03-18 13:58:57",
        "calendarYear": "2002",
        "period": "Q4",
        "revenue": 139663000,
        "costOfRevenue": 40042000,
        "grossProfit": 99621000,
        "grossProfitRatio": 0.7132955758,
        "researchAndDevelopmentExpenses": 0,
        "generalAndAdministrativeExpenses": 42876000,
        "sellingAndMarketingExpenses": 3697000,
        "sellingGeneralAndAdministrativeExpenses": 46573000,
        "otherExpenses": 18421000,
        "operatingExpenses": 64994000,
        "costAndExpenses": 105036000,
        "interestIncome": 106884000,
        "interestExpense": 34476000,
        "depreciationAndAmortization": 5636000,
        "ebitda": 40263000,
        "ebitdaratio": 0.2882868047,
        "operatingIncome": 34627000,
        "operatingIncomeRatio": 0.2479325233,
        "totalOtherIncomeExpensesNet": 0,
        "incomeBeforeTax": 34627000,
        "incomeBeforeTaxRatio": 0.2479325233,
        "incomeTaxExpense": 10489000,
        "netIncome": 24138000,
        "netIncomeRatio": 0.172830313,
        "eps": 0.5,
        "epsdiluted": 0.5,
        "weightedAverageShsOut": 46144000,
        "weightedAverageShsOutDil": 48028000,
        "link": "https://www.sec.gov/Archives/edgar/data/37808/000095012803000381/0000950128-03-000381-index.htm",
        "finalLink": "https://www.sec.gov/Archives/edgar/data/37808/000095012803000381/j9925601e10vk.txt"
    },
    {
        "date": "2002-09-30",
        "symbol": "FNB",
        "reportedCurrency": "USD",
        "cik": "0000037808",
        "fillingDate": "2002-11-14",
        "acceptedDate": "2002-11-14 14:55:04",
        "calendarYear": "2002",
        "period": "Q3",
        "revenue": 137683000,
        "costOfRevenue": 40427000,
        "grossProfit": 97256000,
        "grossProfitRatio": 0.7063762411,
        "researchAndDevelopmentExpenses": 0,
        "generalAndAdministrativeExpenses": 34181000,
        "sellingAndMarketingExpenses": 0,
        "sellingGeneralAndAdministrativeExpenses": 34181000,
        "otherExpenses": 28058000,
        "operatingExpenses": 62239000,
        "costAndExpenses": 102666000,
        "interestIncome": 107596000,
        "interestExpense": 35592000,
        "depreciationAndAmortization": 5933000,
        "ebitda": 40950000,
        "ebitdaratio": 0.2974223397,
        "operatingIncome": 35017000,
        "operatingIncomeRatio": 0.2543306,
        "totalOtherIncomeExpensesNet": 0,
        "incomeBeforeTax": 35017000,
        "incomeBeforeTaxRatio": 0.2543306,
        "incomeTaxExpense": 10886000,
        "netIncome": 24131000,
        "netIncomeRatio": 0.1752649201,
        "eps": 0.52,
        "epsdiluted": 0.51,
        "weightedAverageShsOut": 45954000,
        "weightedAverageShsOutDil": 46805000,
        "link": "https://www.sec.gov/Archives/edgar/data/37808/000003780802000034/0000037808-02-000034-index.htm",
        "finalLink": "https://www.sec.gov/Archives/edgar/data/37808/000003780802000034/sep2002_10q.txt"
    },
    {
        "date": "2002-06-30",
        "symbol": "FNB",
        "reportedCurrency": "USD",
        "cik": "0000037808",
        "fillingDate": "2002-08-14",
        "acceptedDate": "2002-08-14 08:58:02",
        "calendarYear": "2002",
        "period": "Q2",
        "revenue": 136324000,
        "costOfRevenue": 41567000,
        "grossProfit": 94757000,
        "grossProfitRatio": 0.6950867052,
        "researchAndDevelopmentExpenses": 0,
        "generalAndAdministrativeExpenses": 33011000,
        "sellingAndMarketingExpenses": 0,
        "sellingGeneralAndAdministrativeExpenses": 33011000,
        "otherExpenses": 26970000,
        "operatingExpenses": 59981000,
        "costAndExpenses": 101548000,
        "interestIncome": 106261000,
        "interestExpense": 37065000,
        "depreciationAndAmortization": 3213000,
        "ebitda": 37989000,
        "ebitdaratio": 0.2786669992,
        "operatingIncome": 34776000,
        "operatingIncomeRatio": 0.2550981485,
        "totalOtherIncomeExpensesNet": 0,
        "incomeBeforeTax": 34776000,
        "incomeBeforeTaxRatio": 0.2550981485,
        "incomeTaxExpense": 10827000,
        "netIncome": 23949000,
        "netIncomeRatio": 0.1756770635,
        "eps": 0.51,
        "epsdiluted": 0.5,
        "weightedAverageShsOut": 46147000,
        "weightedAverageShsOutDil": 47290000,
        "link": "https://www.sec.gov/Archives/edgar/data/37808/000003780802000019/0000037808-02-000019-index.htm",
        "finalLink": "https://www.sec.gov/Archives/edgar/data/37808/000003780802000019/jun2002_10q.txt"
    },
    {
        "date": "2002-03-31",
        "symbol": "FNB",
        "reportedCurrency": "USD",
        "cik": "0000037808",
        "fillingDate": "2002-05-15",
        "acceptedDate": "2002-05-15 12:42:49",
        "calendarYear": "2002",
        "period": "Q1",
        "revenue": 133987000,
        "costOfRevenue": 42729000,
        "grossProfit": 91258000,
        "grossProfitRatio": 0.6810959272,
        "researchAndDevelopmentExpenses": 0,
        "generalAndAdministrativeExpenses": 33142000,
        "sellingAndMarketingExpenses": 0,
        "sellingGeneralAndAdministrativeExpenses": 33142000,
        "otherExpenses": 69088000,
        "operatingExpenses": 102230000,
        "costAndExpenses": 144959000,
        "interestIncome": 106043000,
        "interestExpense": 38538000,
        "depreciationAndAmortization": 5450000,
        "ebitda": -5522000,
        "ebitdaratio": -0.0412129535,
        "operatingIncome": -10972000,
        "operatingIncomeRatio": -0.0818885414,
        "totalOtherIncomeExpensesNet": 0,
        "incomeBeforeTax": -10972000,
        "incomeBeforeTaxRatio": -0.0818885414,
        "incomeTaxExpense": -2089000,
        "netIncome": -8883000,
        "netIncomeRatio": -0.0662974766,
        "eps": -0.18,
        "epsdiluted": -0.18,
        "weightedAverageShsOut": 48968000,
        "weightedAverageShsOutDil": 48968000,
        "link": "https://www.sec.gov/Archives/edgar/data/37808/000003780802000011/0000037808-02-000011-index.htm",
        "finalLink": "https://www.sec.gov/Archives/edgar/data/37808/000003780802000011/mar2002_10q.txt"
    },
    {
        "date": "2001-12-31",
        "symbol": "FNB",
        "reportedCurrency": "USD",
        "cik": "0000037808",
        "fillingDate": "2002-03-26",
        "acceptedDate": "2002-03-26 00:00:00",
        "calendarYear": "2001",
        "period": "Q4",
        "revenue": 93959000,
        "costOfRevenue": 30692000,
        "grossProfit": 63267000,
        "grossProfitRatio": 0.6733468853,
        "researchAndDevelopmentExpenses": 0,
        "generalAndAdministrativeExpenses": 31668000,
        "sellingAndMarketingExpenses": 2698000,
        "sellingGeneralAndAdministrativeExpenses": 34366000,
        "otherExpenses": 8323000,
        "operatingExpenses": 42689000,
        "costAndExpenses": 73381000,
        "interestIncome": 70668000,
        "interestExpense": 25967000,
        "depreciationAndAmortization": 3600000,
        "ebitda": 24178000,
        "ebitdaratio": 0.2573250035,
        "operatingIncome": 20578000,
        "operatingIncomeRatio": 0.2190104194,
        "totalOtherIncomeExpensesNet": 0,
        "incomeBeforeTax": 20578000,
        "incomeBeforeTaxRatio": 0.2190104194,
        "incomeTaxExpense": 6714000,
        "netIncome": 13864000,
        "netIncomeRatio": 0.1475537202,
        "eps": 0.28,
        "epsdiluted": 0.28,
        "weightedAverageShsOut": 48968000,
        "weightedAverageShsOutDil": 48968000,
        "link": "https://www.sec.gov/Archives/edgar/data/37808/000095012802000312/0000950128-02-000312-index.htm",
        "finalLink": "https://www.sec.gov/Archives/edgar/data/37808/000095012802000312/j9337301e10-k.txt"
    },
    {
        "date": "2001-09-30",
        "symbol": "FNB",
        "reportedCurrency": "USD",
        "cik": "0000037808",
        "fillingDate": "2001-11-14",
        "acceptedDate": "2001-11-14 00:00:00",
        "calendarYear": "2001",
        "period": "Q3",
        "revenue": 93754000,
        "costOfRevenue": 33090000,
        "grossProfit": 60664000,
        "grossProfitRatio": 0.647055059,
        "researchAndDevelopmentExpenses": 0,
        "generalAndAdministrativeExpenses": 22254000,
        "sellingAndMarketingExpenses": 0,
        "sellingGeneralAndAdministrativeExpenses": 22254000,
        "otherExpenses": 18355000,
        "operatingExpenses": 40609000,
        "costAndExpenses": 73699000,
        "interestIncome": 72911000,
        "interestExpense": 29793000,
        "depreciationAndAmortization": 960000,
        "ebitda": 21015000,
        "ebitdaratio": 0.2241504362,
        "operatingIncome": 20055000,
        "operatingIncomeRatio": 0.2139108731,
        "totalOtherIncomeExpensesNet": 0,
        "incomeBeforeTax": 20055000,
        "incomeBeforeTaxRatio": 0.2139108731,
        "incomeTaxExpense": 6555000,
        "netIncome": 13500000,
        "netIncomeRatio": 0.1439938563,
        "eps": 0.47,
        "epsdiluted": 0.46,
        "weightedAverageShsOut": 28623000,
        "weightedAverageShsOutDil": 29184000,
        "link": "https://www.sec.gov/Archives/edgar/data/37808/000003780801500033/0000037808-01-500033-index.htm",
        "finalLink": "https://www.sec.gov/Archives/edgar/data/37808/000003780801500033/sep2001_10q.txt"
    },
    {
        "date": "2001-06-30",
        "symbol": "FNB",
        "reportedCurrency": "USD",
        "cik": "0000037808",
        "fillingDate": "2001-08-14",
        "acceptedDate": "2001-08-14 00:00:00",
        "calendarYear": "2001",
        "period": "Q2",
        "revenue": 137702000,
        "costOfRevenue": 55523000,
        "grossProfit": 82179000,
        "grossProfitRatio": 0.5967887177,
        "researchAndDevelopmentExpenses": 0,
        "generalAndAdministrativeExpenses": 28779000,
        "sellingAndMarketingExpenses": 0,
        "sellingGeneralAndAdministrativeExpenses": 28779000,
        "otherExpenses": 28580000,
        "operatingExpenses": 57359000,
        "costAndExpenses": 112882000,
        "interestIncome": 113012000,
        "interestExpense": 52071000,
        "depreciationAndAmortization": 6088000,
        "ebitda": 30908000,
        "ebitdaratio": 0.2244557087,
        "operatingIncome": 24820000,
        "operatingIncomeRatio": 0.1802442957,
        "totalOtherIncomeExpensesNet": 0,
        "incomeBeforeTax": 24820000,
        "incomeBeforeTaxRatio": 0.1802442957,
        "incomeTaxExpense": 7921000,
        "netIncome": 16899000,
        "netIncomeRatio": 0.1227215291,
        "eps": 0.39,
        "epsdiluted": 0.38,
        "weightedAverageShsOut": 26727000,
        "weightedAverageShsOutDil": 27841000,
        "link": "https://www.sec.gov/Archives/edgar/data/37808/000003780801500020/0000037808-01-500020-index.htm",
        "finalLink": "https://www.sec.gov/Archives/edgar/data/37808/000003780801500020/jun2001_10q.txt"
    },
    {
        "date": "2001-03-31",
        "symbol": "FNB",
        "reportedCurrency": "USD",
        "cik": "0000037808",
        "fillingDate": "2001-05-15",
        "acceptedDate": "2001-05-15 00:00:00",
        "calendarYear": "2001",
        "period": "Q1",
        "revenue": 92020000,
        "costOfRevenue": 36987000,
        "grossProfit": 55033000,
        "grossProfitRatio": 0.5980547707,
        "researchAndDevelopmentExpenses": 0,
        "generalAndAdministrativeExpenses": 23032000,
        "sellingAndMarketingExpenses": 0,
        "sellingGeneralAndAdministrativeExpenses": 23032000,
        "otherExpenses": 23678000,
        "operatingExpenses": 46710000,
        "costAndExpenses": 83697000,
        "interestIncome": 73801000,
        "interestExpense": 34886000,
        "depreciationAndAmortization": 3270000,
        "ebitda": 11593000,
        "ebitdaratio": 0.1259834819,
        "operatingIncome": 8323000,
        "operatingIncomeRatio": 0.0904477288,
        "totalOtherIncomeExpensesNet": 0,
        "incomeBeforeTax": 8323000,
        "incomeBeforeTaxRatio": 0.0904477288,
        "incomeTaxExpense": 2451000,
        "netIncome": 5872000,
        "netIncomeRatio": 0.0638122147,
        "eps": 0.22,
        "epsdiluted": 0.21,
        "weightedAverageShsOut": 26727000,
        "weightedAverageShsOutDil": 27841000,
        "link": "https://www.sec.gov/Archives/edgar/data/37808/000003780801500009/0000037808-01-500009-index.htm",
        "finalLink": "https://www.sec.gov/Archives/edgar/data/37808/000003780801500009/mar2001.txt"
    },
    {
        "date": "2000-12-31",
        "symbol": "FNB",
        "reportedCurrency": "USD",
        "cik": "0000037808",
        "fillingDate": "2001-03-20",
        "acceptedDate": "2001-03-20 00:00:00",
        "calendarYear": "2000",
        "period": "Q4",
        "revenue": 91200000,
        "costOfRevenue": 39500000,
        "grossProfit": 51700000,
        "grossProfitRatio": 0.5668859649,
        "researchAndDevelopmentExpenses": 0,
        "generalAndAdministrativeExpenses": 19200000,
        "sellingAndMarketingExpenses": 2500000,
        "sellingGeneralAndAdministrativeExpenses": 21700000,
        "otherExpenses": 13300000,
        "operatingExpenses": 35000000,
        "costAndExpenses": 74500000,
        "interestIncome": 75500000,
        "interestExpense": 36900000,
        "depreciationAndAmortization": 3200000,
        "ebitda": 19900000,
        "ebitdaratio": 0.2182017544,
        "operatingIncome": 16700000,
        "operatingIncomeRatio": 0.1831140351,
        "totalOtherIncomeExpensesNet": 0,
        "incomeBeforeTax": 16700000,
        "incomeBeforeTaxRatio": 0.1831140351,
        "incomeTaxExpense": 5400000,
        "netIncome": 11300000,
        "netIncomeRatio": 0.1239035088,
        "eps": 0.42,
        "epsdiluted": 0.42,
        "weightedAverageShsOut": 26727000,
        "weightedAverageShsOutDil": 26727000,
        "link": "https://www.sec.gov/Archives/edgar/data/37808/000095012801000500/0000950128-01-000500-index.htm",
        "finalLink": "https://www.sec.gov/Archives/edgar/data/37808/000095012801000500/j8718901e10-k.txt"
    },
    {
        "date": "2000-09-30",
        "symbol": "FNB",
        "reportedCurrency": "USD",
        "cik": "0000037808",
        "fillingDate": "2000-11-14",
        "acceptedDate": "2000-11-14 00:00:00",
        "calendarYear": "2000",
        "period": "Q3",
        "revenue": 94244000,
        "costOfRevenue": 40011000,
        "grossProfit": 54233000,
        "grossProfitRatio": 0.5754530792,
        "researchAndDevelopmentExpenses": 0,
        "generalAndAdministrativeExpenses": 21079000,
        "sellingAndMarketingExpenses": 0,
        "sellingGeneralAndAdministrativeExpenses": 21079000,
        "otherExpenses": 16663000,
        "operatingExpenses": 37742000,
        "costAndExpenses": 77753000,
        "interestIncome": 77676000,
        "interestExpense": 37352000,
        "depreciationAndAmortization": 3358000,
        "ebitda": 19849000,
        "ebitdaratio": 0.2106128772,
        "operatingIncome": 16491000,
        "operatingIncomeRatio": 0.1749819617,
        "totalOtherIncomeExpensesNet": 0,
        "incomeBeforeTax": 16491000,
        "incomeBeforeTaxRatio": 0.1749819617,
        "incomeTaxExpense": 5181000,
        "netIncome": 11310000,
        "netIncomeRatio": 0.1200076397,
        "eps": 0.4,
        "epsdiluted": 0.39,
        "weightedAverageShsOut": 28089000,
        "weightedAverageShsOutDil": 28742000,
        "link": "https://www.sec.gov/Archives/edgar/data/37808/000003780800000033/0000037808-00-000033-index.htm",
        "finalLink": "https://www.sec.gov/Archives/edgar/data/37808/000003780800000033/0000037808-00-000033-0001.txt"
    },
    {
        "date": "2000-06-30",
        "symbol": "FNB",
        "reportedCurrency": "USD",
        "cik": "0000037808",
        "fillingDate": "2000-08-11",
        "acceptedDate": "2000-08-11 00:00:00",
        "calendarYear": "2000",
        "period": "Q2",
        "revenue": 88663000,
        "costOfRevenue": 36375000,
        "grossProfit": 51900000,
        "grossProfitRatio": 0.5853625526,
        "researchAndDevelopmentExpenses": 0,
        "generalAndAdministrativeExpenses": 20784000,
        "sellingAndMarketingExpenses": 0,
        "sellingGeneralAndAdministrativeExpenses": 20784000,
        "otherExpenses": 15771000,
        "operatingExpenses": 36555000,
        "costAndExpenses": 72930000,
        "interestIncome": 74097000,
        "interestExpense": 33314000,
        "depreciationAndAmortization": 3237000,
        "ebitda": 18970000,
        "ebitdaratio": 0.2139562162,
        "operatingIncome": 15733000,
        "operatingIncomeRatio": 0.1774471877,
        "totalOtherIncomeExpensesNet": 0,
        "incomeBeforeTax": 15733000,
        "incomeBeforeTaxRatio": 0.1774471877,
        "incomeTaxExpense": 4996000,
        "netIncome": 10737000,
        "netIncomeRatio": 0.1210989928,
        "eps": 0.38,
        "epsdiluted": 0.37,
        "weightedAverageShsOut": 27909000,
        "weightedAverageShsOutDil": 28590000,
        "link": "https://www.sec.gov/Archives/edgar/data/37808/000003780800000018/0000037808-00-000018-index.htm",
        "finalLink": "https://www.sec.gov/Archives/edgar/data/37808/000003780800000018/0000037808-00-000018-0001.txt"
    },
    {
        "date": "2000-03-31",
        "symbol": "FNB",
        "reportedCurrency": "USD",
        "cik": "0000037808",
        "fillingDate": "2000-05-11",
        "acceptedDate": "2000-05-11 00:00:00",
        "calendarYear": "2000",
        "period": "Q1",
        "revenue": 83600000,
        "costOfRevenue": 33300000,
        "grossProfit": 50300000,
        "grossProfitRatio": 0.6016746411,
        "researchAndDevelopmentExpenses": 0,
        "generalAndAdministrativeExpenses": 20300000,
        "sellingAndMarketingExpenses": 0,
        "sellingGeneralAndAdministrativeExpenses": 20300000,
        "otherExpenses": 14900000,
        "operatingExpenses": 35200000,
        "costAndExpenses": 68500000,
        "interestIncome": 69200000,
        "interestExpense": 30300000,
        "depreciationAndAmortization": 3200000,
        "ebitda": 18300000,
        "ebitdaratio": 0.2188995215,
        "operatingIncome": 15100000,
        "operatingIncomeRatio": 0.1806220096,
        "totalOtherIncomeExpensesNet": 0,
        "incomeBeforeTax": 15100000,
        "incomeBeforeTaxRatio": 0.1806220096,
        "incomeTaxExpense": 4700000,
        "netIncome": 10400000,
        "netIncomeRatio": 0.1244019139,
        "eps": 0.38,
        "epsdiluted": 0.37,
        "weightedAverageShsOut": 27099000,
        "weightedAverageShsOutDil": 27729000,
        "link": "https://www.sec.gov/Archives/edgar/data/37808/000003780800000006/0000037808-00-000006-index.html",
        "finalLink": "https://www.sec.gov/Archives/edgar/data/37808/000003780800000006/"
    },
    {
        "date": "1999-12-31",
        "symbol": "FNB",
        "reportedCurrency": "USD",
        "cik": "0000037808",
        "fillingDate": "2000-03-14",
        "acceptedDate": "2000-03-14 00:00:00",
        "calendarYear": "1999",
        "period": "Q4",
        "revenue": 84300000,
        "costOfRevenue": 31200000,
        "grossProfit": 53100000,
        "grossProfitRatio": 0.6298932384,
        "researchAndDevelopmentExpenses": 0,
        "generalAndAdministrativeExpenses": 19500000,
        "sellingAndMarketingExpenses": 2800000,
        "sellingGeneralAndAdministrativeExpenses": 22300000,
        "otherExpenses": 14400000,
        "operatingExpenses": 36700000,
        "costAndExpenses": 67900000,
        "interestIncome": 67000000,
        "interestExpense": 28700000,
        "depreciationAndAmortization": 3500000,
        "ebitda": 19900000,
        "ebitdaratio": 0.2360616845,
        "operatingIncome": 16400000,
        "operatingIncomeRatio": 0.1945432977,
        "totalOtherIncomeExpensesNet": 0,
        "incomeBeforeTax": 16400000,
        "incomeBeforeTaxRatio": 0.1945432977,
        "incomeTaxExpense": 4600000,
        "netIncome": 11800000,
        "netIncomeRatio": 0.1399762752,
        "eps": 0.45,
        "epsdiluted": 0.45,
        "weightedAverageShsOut": 26424000,
        "weightedAverageShsOutDil": 26424000,
        "link": "https://www.sec.gov/Archives/edgar/data/37808/000095012800000520/0000950128-00-000520-index.html",
        "finalLink": "https://www.sec.gov/Archives/edgar/data/37808/000095012800000520/"
    },
    {
        "date": "1999-09-30",
        "symbol": "FNB",
        "reportedCurrency": "USD",
        "cik": "0000037808",
        "fillingDate": "1999-11-05",
        "acceptedDate": "1999-11-05 00:00:00",
        "calendarYear": "1999",
        "period": "Q3",
        "revenue": 76500000,
        "costOfRevenue": 28800000,
        "grossProfit": 48100000,
        "grossProfitRatio": 0.6287581699,
        "researchAndDevelopmentExpenses": 0,
        "generalAndAdministrativeExpenses": 17700000,
        "sellingAndMarketingExpenses": 0,
        "sellingGeneralAndAdministrativeExpenses": 17700000,
        "otherExpenses": 15000000,
        "operatingExpenses": 32700000,
        "costAndExpenses": 61500000,
        "interestIncome": 64200000,
        "interestExpense": 26700000,
        "depreciationAndAmortization": 2500000,
        "ebitda": 17519000,
        "ebitdaratio": 0.2290065359,
        "operatingIncome": 15000000,
        "operatingIncomeRatio": 0.1960784314,
        "totalOtherIncomeExpensesNet": 0,
        "incomeBeforeTax": 15000000,
        "incomeBeforeTaxRatio": 0.1960784314,
        "incomeTaxExpense": 4700000,
        "netIncome": 10300000,
        "netIncomeRatio": 0.1346405229,
        "eps": 0.41,
        "epsdiluted": 0.39,
        "weightedAverageShsOut": 25123000,
        "weightedAverageShsOutDil": 26240000,
        "link": "https://www.sec.gov/Archives/edgar/data/37808/000003780899000010/0000037808-99-000010-index.html",
        "finalLink": "https://www.sec.gov/Archives/edgar/data/37808/000003780899000010/"
    },
    {
        "date": "1999-06-30",
        "symbol": "FNB",
        "reportedCurrency": "USD",
        "cik": "0000037808",
        "fillingDate": "1999-08-12",
        "acceptedDate": "1999-08-12 00:00:00",
        "calendarYear": "1999",
        "period": "Q2",
        "revenue": 73800000,
        "costOfRevenue": 28000000,
        "grossProfit": 45800000,
        "grossProfitRatio": 0.620596206,
        "researchAndDevelopmentExpenses": 0,
        "generalAndAdministrativeExpenses": 17300000,
        "sellingAndMarketingExpenses": 0,
        "sellingGeneralAndAdministrativeExpenses": 17300000,
        "otherExpenses": 14500000,
        "operatingExpenses": 31800000,
        "costAndExpenses": 59800000,
        "interestIncome": 62400000,
        "interestExpense": 25500000,
        "depreciationAndAmortization": 2700000,
        "ebitda": 16700000,
        "ebitdaratio": 0.2262872629,
        "operatingIncome": 14000000,
        "operatingIncomeRatio": 0.189701897,
        "totalOtherIncomeExpensesNet": 0,
        "incomeBeforeTax": 14000000,
        "incomeBeforeTaxRatio": 0.189701897,
        "incomeTaxExpense": 4200000,
        "netIncome": 9800000,
        "netIncomeRatio": 0.1327913279,
        "eps": 0.38,
        "epsdiluted": 0.37,
        "weightedAverageShsOut": 25520000,
        "weightedAverageShsOutDil": 26114000,
        "link": "https://www.sec.gov/Archives/edgar/data/37808/000003780899000007/0000037808-99-000007-index.html",
        "finalLink": "https://www.sec.gov/Archives/edgar/data/37808/000003780899000007/"
    },
    {
        "date": "1999-03-31",
        "symbol": "FNB",
        "reportedCurrency": "USD",
        "cik": "0000037808",
        "fillingDate": "1999-05-13",
        "acceptedDate": "1999-05-13 00:00:00",
        "calendarYear": "1999",
        "period": "Q1",
        "revenue": 72600000,
        "costOfRevenue": 27700000,
        "grossProfit": 45100000,
        "grossProfitRatio": 0.6212121212,
        "researchAndDevelopmentExpenses": 0,
        "generalAndAdministrativeExpenses": 17300000,
        "sellingAndMarketingExpenses": 0,
        "sellingGeneralAndAdministrativeExpenses": 17300000,
        "otherExpenses": 15100000,
        "operatingExpenses": 32400000,
        "costAndExpenses": 60100000,
        "interestIncome": 61300000,
        "interestExpense": 25600000,
        "depreciationAndAmortization": 2700000,
        "ebitda": 15200000,
        "ebitdaratio": 0.2093663912,
        "operatingIncome": 12500000,
        "operatingIncomeRatio": 0.1721763085,
        "totalOtherIncomeExpensesNet": 0,
        "incomeBeforeTax": 12500000,
        "incomeBeforeTaxRatio": 0.1721763085,
        "incomeTaxExpense": 3700000,
        "netIncome": 8800000,
        "netIncomeRatio": 0.1212121212,
        "eps": 0.33,
        "epsdiluted": 0.32,
        "weightedAverageShsOut": 26437000,
        "weightedAverageShsOutDil": 27115000,
        "link": "https://www.sec.gov/Archives/edgar/data/37808/000003780899000002/0000037808-99-000002-index.html",
        "finalLink": "https://www.sec.gov/Archives/edgar/data/37808/"
    },
    {
        "date": "1998-12-31",
        "symbol": "FNB",
        "reportedCurrency": "USD",
        "cik": "0000037808",
        "fillingDate": "1999-03-17",
        "acceptedDate": "1999-03-17 00:00:00",
        "calendarYear": "1998",
        "period": "Q4",
        "revenue": 68800000,
        "costOfRevenue": 27900000,
        "grossProfit": 40900000,
        "grossProfitRatio": 0.5944767442,
        "researchAndDevelopmentExpenses": 0,
        "generalAndAdministrativeExpenses": 14800000,
        "sellingAndMarketingExpenses": 2400000,
        "sellingGeneralAndAdministrativeExpenses": 17200000,
        "otherExpenses": 10700000,
        "operatingExpenses": 27900000,
        "costAndExpenses": 55800000,
        "interestIncome": 59900000,
        "interestExpense": 25900000,
        "depreciationAndAmortization": 2200000,
        "ebitda": 15200000,
        "ebitdaratio": 0.2209302326,
        "operatingIncome": 13000000,
        "operatingIncomeRatio": 0.1889534884,
        "totalOtherIncomeExpensesNet": 0,
        "incomeBeforeTax": 13000000,
        "incomeBeforeTaxRatio": 0.1889534884,
        "incomeTaxExpense": 4300000,
        "netIncome": 8700000,
        "netIncomeRatio": 0.1264534884,
        "eps": 0.39,
        "epsdiluted": 0.39,
        "weightedAverageShsOut": 22240000,
        "weightedAverageShsOutDil": 22240000,
        "link": "https://www.sec.gov/Archives/edgar/data/37808/000095012899000583/0000950128-99-000583-index.html",
        "finalLink": "https://www.sec.gov/Archives/edgar/data/37808/"
    },
    {
        "date": "1998-09-30",
        "symbol": "FNB",
        "reportedCurrency": "USD",
        "cik": "0000037808",
        "fillingDate": "1998-11-13",
        "acceptedDate": "1998-11-13 00:00:00",
        "calendarYear": "1998",
        "period": "Q3",
        "revenue": 70500000,
        "costOfRevenue": 29600000,
        "grossProfit": 41100000,
        "grossProfitRatio": 0.5829787234,
        "researchAndDevelopmentExpenses": 0,
        "generalAndAdministrativeExpenses": 14800000,
        "sellingAndMarketingExpenses": 0,
        "sellingGeneralAndAdministrativeExpenses": 14800000,
        "otherExpenses": 14200000,
        "operatingExpenses": 29000000,
        "costAndExpenses": 58600000,
        "interestIncome": 62200000,
        "interestExpense": 27600000,
        "depreciationAndAmortization": 2300000,
        "ebitda": 14200000,
        "ebitdaratio": 0.2014184397,
        "operatingIncome": 11900000,
        "operatingIncomeRatio": 0.1687943262,
        "totalOtherIncomeExpensesNet": 0,
        "incomeBeforeTax": 11900000,
        "incomeBeforeTaxRatio": 0.1687943262,
        "incomeTaxExpense": 3900000,
        "netIncome": 8000000,
        "netIncomeRatio": 0.1134751773,
        "eps": 0.35,
        "epsdiluted": 0.34,
        "weightedAverageShsOut": 22149000,
        "weightedAverageShsOutDil": 23337000,
        "link": "https://www.sec.gov/Archives/edgar/data/37808/000003780898000061/0000037808-98-000061-index.html",
        "finalLink": "https://www.sec.gov/Archives/edgar/data/37808/"
    },
    {
        "date": "1998-06-30",
        "symbol": "FNB",
        "reportedCurrency": "USD",
        "cik": "0000037808",
        "fillingDate": "1998-08-13",
        "acceptedDate": "1998-08-13 00:00:00",
        "calendarYear": "1998",
        "period": "Q2",
        "revenue": 69200000,
        "costOfRevenue": 28600000,
        "grossProfit": 40600000,
        "grossProfitRatio": 0.5867052023,
        "researchAndDevelopmentExpenses": 0,
        "generalAndAdministrativeExpenses": 15100000,
        "sellingAndMarketingExpenses": 0,
        "sellingGeneralAndAdministrativeExpenses": 15100000,
        "otherExpenses": 13500000,
        "operatingExpenses": 28600000,
        "costAndExpenses": 57200000,
        "interestIncome": 61300000,
        "interestExpense": 27000000,
        "depreciationAndAmortization": 2300000,
        "ebitda": 14300000,
        "ebitdaratio": 0.2066473988,
        "operatingIncome": 12000000,
        "operatingIncomeRatio": 0.1734104046,
        "totalOtherIncomeExpensesNet": 0,
        "incomeBeforeTax": 12000000,
        "incomeBeforeTaxRatio": 0.1734104046,
        "incomeTaxExpense": 4300000,
        "netIncome": 7700000,
        "netIncomeRatio": 0.1112716763,
        "eps": 0.34,
        "epsdiluted": 0.33,
        "weightedAverageShsOut": 22069000,
        "weightedAverageShsOutDil": 23405000,
        "link": "https://www.sec.gov/Archives/edgar/data/37808/000003780898000042/0000037808-98-000042-index.html",
        "finalLink": "https://www.sec.gov/Archives/edgar/data/37808/"
    },
    {
        "date": "1998-03-31",
        "symbol": "FNB",
        "reportedCurrency": "USD",
        "cik": "0000037808",
        "fillingDate": "1998-05-14",
        "acceptedDate": "1998-05-14 00:00:00",
        "calendarYear": "1998",
        "period": "Q1",
        "revenue": 67800000,
        "costOfRevenue": 28100000,
        "grossProfit": 39700000,
        "grossProfitRatio": 0.5855457227,
        "researchAndDevelopmentExpenses": 0,
        "generalAndAdministrativeExpenses": 15100000,
        "sellingAndMarketingExpenses": 0,
        "sellingGeneralAndAdministrativeExpenses": 15100000,
        "otherExpenses": 12500000,
        "operatingExpenses": 27600000,
        "costAndExpenses": 55700000,
        "interestIncome": 60000000,
        "interestExpense": 26300000,
        "depreciationAndAmortization": 2100000,
        "ebitda": 14200000,
        "ebitdaratio": 0.209439528,
        "operatingIncome": 12100000,
        "operatingIncomeRatio": 0.1784660767,
        "totalOtherIncomeExpensesNet": 0,
        "incomeBeforeTax": 12100000,
        "incomeBeforeTaxRatio": 0.1784660767,
        "incomeTaxExpense": 3800000,
        "netIncome": 8300000,
        "netIncomeRatio": 0.1224188791,
        "eps": 0.34,
        "epsdiluted": 0.32,
        "weightedAverageShsOut": 24339000,
        "weightedAverageShsOutDil": 25838000,
        "link": "https://www.sec.gov/Archives/edgar/data/37808/000003780898000027/0000037808-98-000027-index.html",
        "finalLink": "https://www.sec.gov/Archives/edgar/data/37808/"
    },
    {
        "date": "1997-12-31",
        "symbol": "FNB",
        "reportedCurrency": "USD",
        "cik": "0000037808",
        "fillingDate": "1998-03-18",
        "acceptedDate": "1998-03-18 00:00:00",
        "calendarYear": "1997",
        "period": "Q4",
        "revenue": 56300000,
        "costOfRevenue": 24800000,
        "grossProfit": 31500000,
        "grossProfitRatio": 0.5595026643,
        "researchAndDevelopmentExpenses": 0,
        "generalAndAdministrativeExpenses": 11700000,
        "sellingAndMarketingExpenses": 2200000,
        "sellingGeneralAndAdministrativeExpenses": 13900000,
        "otherExpenses": 7900000,
        "operatingExpenses": 21800000,
        "costAndExpenses": 46600000,
        "interestIncome": 50300000,
        "interestExpense": 22300000,
        "depreciationAndAmortization": 1600000,
        "ebitda": 11300000,
        "ebitdaratio": 0.2007104796,
        "operatingIncome": 9700000,
        "operatingIncomeRatio": 0.1722912966,
        "totalOtherIncomeExpensesNet": 0,
        "incomeBeforeTax": 9700000,
        "incomeBeforeTaxRatio": 0.1722912966,
        "incomeTaxExpense": 3000000,
        "netIncome": 10300000,
        "netIncomeRatio": 0.1829484902,
        "eps": 0.56,
        "epsdiluted": 0.56,
        "weightedAverageShsOut": 18558000,
        "weightedAverageShsOutDil": 18558000,
        "link": "https://www.sec.gov/Archives/edgar/data/37808/000095012898000636/0000950128-98-000636-index.html",
        "finalLink": "https://www.sec.gov/Archives/edgar/data/37808/"
    },
    {
        "date": "1997-09-30",
        "symbol": "FNB",
        "reportedCurrency": "USD",
        "cik": "0000037808",
        "fillingDate": "1997-11-14",
        "acceptedDate": "1997-11-14 00:00:00",
        "calendarYear": "1997",
        "period": "Q3",
        "revenue": 60100000,
        "costOfRevenue": 25540000,
        "grossProfit": 34560000,
        "grossProfitRatio": 0.5750415973,
        "researchAndDevelopmentExpenses": 0,
        "generalAndAdministrativeExpenses": 12000000,
        "sellingAndMarketingExpenses": 0,
        "sellingGeneralAndAdministrativeExpenses": 12000000,
        "otherExpenses": 9760000,
        "operatingExpenses": 21760000,
        "costAndExpenses": 47300000,
        "interestIncome": 53400000,
        "interestExpense": 23000000,
        "depreciationAndAmortization": 1800000,
        "ebitda": 14600000,
        "ebitdaratio": 0.2429284526,
        "operatingIncome": 12800000,
        "operatingIncomeRatio": 0.2129783694,
        "totalOtherIncomeExpensesNet": 0,
        "incomeBeforeTax": 12800000,
        "incomeBeforeTaxRatio": 0.2129783694,
        "incomeTaxExpense": 4000000,
        "netIncome": 8800000,
        "netIncomeRatio": 0.146422629,
        "eps": 0.41,
        "epsdiluted": 0.39,
        "weightedAverageShsOut": 21773000,
        "weightedAverageShsOutDil": 23231000,
        "link": "https://www.sec.gov/Archives/edgar/data/37808/000003780897000060/0000037808-97-000060-index.html",
        "finalLink": "https://www.sec.gov/Archives/edgar/data/37808/"
    },
    {
        "date": "1997-06-30",
        "symbol": "FNB",
        "reportedCurrency": "USD",
        "cik": "0000037808",
        "fillingDate": "1997-08-14",
        "acceptedDate": "1997-08-14 00:00:00",
        "calendarYear": "1997",
        "period": "Q2",
        "revenue": 57700000,
        "costOfRevenue": 25800000,
        "grossProfit": 31900000,
        "grossProfitRatio": 0.5528596187,
        "researchAndDevelopmentExpenses": 0,
        "generalAndAdministrativeExpenses": 13100000,
        "sellingAndMarketingExpenses": 0,
        "sellingGeneralAndAdministrativeExpenses": 13100000,
        "otherExpenses": 13900000,
        "operatingExpenses": 27000000,
        "costAndExpenses": 52800000,
        "interestIncome": 52300000,
        "interestExpense": 22200000,
        "depreciationAndAmortization": 2500000,
        "ebitda": 7400000,
        "ebitdaratio": 0.1282495667,
        "operatingIncome": 4900000,
        "operatingIncomeRatio": 0.0849220104,
        "totalOtherIncomeExpensesNet": 0,
        "incomeBeforeTax": 4900000,
        "incomeBeforeTaxRatio": 0.0849220104,
        "incomeTaxExpense": 1500000,
        "netIncome": 8600000,
        "netIncomeRatio": 0.1490467938,
        "eps": 0.69,
        "epsdiluted": 0.66,
        "weightedAverageShsOut": 19666000,
        "weightedAverageShsOutDil": 21049000,
        "link": "https://www.sec.gov/Archives/edgar/data/37808/000003780897000047/0000037808-97-000047-index.html",
        "finalLink": "https://www.sec.gov/Archives/edgar/data/37808/"
    },
    {
        "date": "1997-03-31",
        "symbol": "FNB",
        "reportedCurrency": "USD",
        "cik": "0000037808",
        "fillingDate": "1997-05-14",
        "acceptedDate": "1997-05-14 00:00:00",
        "calendarYear": "1997",
        "period": "Q1",
        "revenue": 55600000,
        "costOfRevenue": 23400000,
        "grossProfit": 32200000,
        "grossProfitRatio": 0.5791366906,
        "researchAndDevelopmentExpenses": 0,
        "generalAndAdministrativeExpenses": 12000000,
        "sellingAndMarketingExpenses": 0,
        "sellingGeneralAndAdministrativeExpenses": 12000000,
        "otherExpenses": 9900000,
        "operatingExpenses": 21900000,
        "costAndExpenses": 45300000,
        "interestIncome": 49600000,
        "interestExpense": 21100000,
        "depreciationAndAmortization": 1600000,
        "ebitda": 11900000,
        "ebitdaratio": 0.214028777,
        "operatingIncome": 10300000,
        "operatingIncomeRatio": 0.1852517986,
        "totalOtherIncomeExpensesNet": 0,
        "incomeBeforeTax": 10300000,
        "incomeBeforeTaxRatio": 0.1852517986,
        "incomeTaxExpense": 3200000,
        "netIncome": 7100000,
        "netIncomeRatio": 0.1276978417,
        "eps": 0.37,
        "epsdiluted": 0.35,
        "weightedAverageShsOut": 18469000,
        "weightedAverageShsOutDil": 19905000,
        "link": "https://www.sec.gov/Archives/edgar/data/37808/000003780897000030/0000037808-97-000030-index.html",
        "finalLink": "https://www.sec.gov/Archives/edgar/data/37808/"
    },
    {
        "date": "1996-12-31",
        "symbol": "FNB",
        "reportedCurrency": "USD",
        "cik": "0000037808",
        "fillingDate": "1997-03-19",
        "acceptedDate": "1997-03-19 00:00:00",
        "calendarYear": "1996",
        "period": "Q4",
        "revenue": 38500000,
        "costOfRevenue": 16200000,
        "grossProfit": 22300000,
        "grossProfitRatio": 0.5792207792,
        "researchAndDevelopmentExpenses": 0,
        "generalAndAdministrativeExpenses": 7400000,
        "sellingAndMarketingExpenses": 1800000,
        "sellingGeneralAndAdministrativeExpenses": 9200000,
        "otherExpenses": 5300000,
        "operatingExpenses": 14500000,
        "costAndExpenses": 30700000,
        "interestIncome": 34800000,
        "interestExpense": 14300000,
        "depreciationAndAmortization": 800000,
        "ebitda": 8600000,
        "ebitdaratio": 0.2233766234,
        "operatingIncome": 7800000,
        "operatingIncomeRatio": 0.2025974026,
        "totalOtherIncomeExpensesNet": 0,
        "incomeBeforeTax": 7800000,
        "incomeBeforeTaxRatio": 0.2025974026,
        "incomeTaxExpense": 2800000,
        "netIncome": 5000000,
        "netIncomeRatio": 0.1298701299,
        "eps": 0.32,
        "epsdiluted": 0.32,
        "weightedAverageShsOut": 15431000,
        "weightedAverageShsOutDil": 15431000,
        "link": "https://www.sec.gov/Archives/edgar/data/37808/000095012897000642/0000950128-97-000642-index.html",
        "finalLink": "https://www.sec.gov/Archives/edgar/data/37808/"
    },
    {
        "date": "1996-09-30",
        "symbol": "FNB",
        "reportedCurrency": "USD",
        "cik": "0000037808",
        "fillingDate": "1996-11-13",
        "acceptedDate": "1996-11-13 00:00:00",
        "calendarYear": "1996",
        "period": "Q3",
        "revenue": 51200000,
        "costOfRevenue": 21200000,
        "grossProfit": 30000000,
        "grossProfitRatio": 0.5859375,
        "researchAndDevelopmentExpenses": 0,
        "generalAndAdministrativeExpenses": 10300000,
        "sellingAndMarketingExpenses": 0,
        "sellingGeneralAndAdministrativeExpenses": 10300000,
        "otherExpenses": 12900000,
        "operatingExpenses": 23200000,
        "costAndExpenses": 44400000,
        "interestIncome": 45800000,
        "interestExpense": 19300000,
        "depreciationAndAmortization": 2300000,
        "ebitda": 9100000,
        "ebitdaratio": 0.177734375,
        "operatingIncome": 6800000,
        "operatingIncomeRatio": 0.1328125,
        "totalOtherIncomeExpensesNet": 0,
        "incomeBeforeTax": 6800000,
        "incomeBeforeTaxRatio": 0.1328125,
        "incomeTaxExpense": 2100000,
        "netIncome": 4700000,
        "netIncomeRatio": 0.091796875,
        "eps": 0.26,
        "epsdiluted": 0.25,
        "weightedAverageShsOut": 16880000,
        "weightedAverageShsOutDil": 17257000,
        "link": "https://www.sec.gov/Archives/edgar/data/37808/000003780896000030/0000037808-96-000030-index.html",
        "finalLink": "https://www.sec.gov/Archives/edgar/data/37808/"
    },
    {
        "date": "1996-06-30",
        "symbol": "FNB",
        "reportedCurrency": "USD",
        "cik": "0000037808",
        "fillingDate": "1996-08-13",
        "acceptedDate": "1996-08-13 00:00:00",
        "calendarYear": "1996",
        "period": "Q2",
        "revenue": 50500000,
        "costOfRevenue": 20900000,
        "grossProfit": 29600000,
        "grossProfitRatio": 0.5861386139,
        "researchAndDevelopmentExpenses": 0,
        "generalAndAdministrativeExpenses": 10400000,
        "sellingAndMarketingExpenses": 0,
        "sellingGeneralAndAdministrativeExpenses": 10400000,
        "otherExpenses": 10100000,
        "operatingExpenses": 20500000,
        "costAndExpenses": 41400000,
        "interestIncome": 45500000,
        "interestExpense": 19000000,
        "depreciationAndAmortization": 1200000,
        "ebitda": 10300000,
        "ebitdaratio": 0.203960396,
        "operatingIncome": 9100000,
        "operatingIncomeRatio": 0.1801980198,
        "totalOtherIncomeExpensesNet": 0,
        "incomeBeforeTax": 9100000,
        "incomeBeforeTaxRatio": 0.1801980198,
        "incomeTaxExpense": 2900000,
        "netIncome": 6200000,
        "netIncomeRatio": 0.1227722772,
        "eps": 0.34,
        "epsdiluted": 0.34,
        "weightedAverageShsOut": 17172000,
        "weightedAverageShsOutDil": 18282000,
        "link": "https://www.sec.gov/Archives/edgar/data/37808/000003780896000025/0000037808-96-000025-index.html",
        "finalLink": "https://www.sec.gov/Archives/edgar/data/37808/"
    },
    {
        "date": "1996-03-31",
        "symbol": "FNB",
        "reportedCurrency": "USD",
        "cik": "0000037808",
        "fillingDate": "1996-05-14",
        "acceptedDate": "1996-05-14 00:00:00",
        "calendarYear": "1996",
        "period": "Q1",
        "revenue": 46500000,
        "costOfRevenue": 19600000,
        "grossProfit": 26900000,
        "grossProfitRatio": 0.5784946237,
        "researchAndDevelopmentExpenses": 0,
        "generalAndAdministrativeExpenses": 9700000,
        "sellingAndMarketingExpenses": 0,
        "sellingGeneralAndAdministrativeExpenses": 9700000,
        "otherExpenses": 9000000,
        "operatingExpenses": 18700000,
        "costAndExpenses": 38300000,
        "interestIncome": 42000000,
        "interestExpense": 18000000,
        "depreciationAndAmortization": 1500000,
        "ebitda": 9700000,
        "ebitdaratio": 0.2086021505,
        "operatingIncome": 8200000,
        "operatingIncomeRatio": 0.176344086,
        "totalOtherIncomeExpensesNet": 0,
        "incomeBeforeTax": 8200000,
        "incomeBeforeTaxRatio": 0.176344086,
        "incomeTaxExpense": 2500000,
        "netIncome": 5700000,
        "netIncomeRatio": 0.1225806452,
        "eps": 0.35,
        "epsdiluted": 0.34,
        "weightedAverageShsOut": 15200000,
        "weightedAverageShsOutDil": 16649000,
        "link": "https://www.sec.gov/Archives/edgar/data/37808/000003780896000019/0000037808-96-000019-index.html",
        "finalLink": "https://www.sec.gov/Archives/edgar/data/37808/"
    },
    {
        "date": "1995-12-31",
        "symbol": "FNB",
        "reportedCurrency": "USD",
        "cik": "0000037808",
        "fillingDate": "1996-03-18",
        "acceptedDate": "1996-03-18 00:00:00",
        "calendarYear": "1995",
        "period": "Q4",
        "revenue": 38000000,
        "costOfRevenue": 16300000,
        "grossProfit": 21700000,
        "grossProfitRatio": 0.5710526316,
        "researchAndDevelopmentExpenses": 0,
        "generalAndAdministrativeExpenses": 6900000,
        "sellingAndMarketingExpenses": 2300000,
        "sellingGeneralAndAdministrativeExpenses": 9200000,
        "otherExpenses": 5300000,
        "operatingExpenses": 14500000,
        "costAndExpenses": 30800000,
        "interestIncome": 34300000,
        "interestExpense": 14900000,
        "depreciationAndAmortization": 1200000,
        "ebitda": 8400000,
        "ebitdaratio": 0.2210526316,
        "operatingIncome": 7200000,
        "operatingIncomeRatio": 0.1894736842,
        "totalOtherIncomeExpensesNet": 0,
        "incomeBeforeTax": 7200000,
        "incomeBeforeTaxRatio": 0.1894736842,
        "incomeTaxExpense": 2300000,
        "netIncome": 4900000,
        "netIncomeRatio": 0.1289473684,
        "eps": 0.45,
        "epsdiluted": 0.45,
        "weightedAverageShsOut": 10852000,
        "weightedAverageShsOutDil": 11003000,
        "link": "https://www.sec.gov/Archives/edgar/data/37808/000095012896000220/0000950128-96-000220-index.html",
        "finalLink": "https://www.sec.gov/Archives/edgar/data/37808/"
    },
    {
        "date": "1995-09-30",
        "symbol": "FNB",
        "reportedCurrency": "USD",
        "cik": "0000037808",
        "fillingDate": "1995-11-13",
        "acceptedDate": "1995-11-13 00:00:00",
        "calendarYear": "1995",
        "period": "Q3",
        "revenue": 38100000,
        "costOfRevenue": 16400000,
        "grossProfit": 21700000,
        "grossProfitRatio": 0.5695538058,
        "researchAndDevelopmentExpenses": 0,
        "generalAndAdministrativeExpenses": 7400000,
        "sellingAndMarketingExpenses": 0,
        "sellingGeneralAndAdministrativeExpenses": 7400000,
        "otherExpenses": 7100000,
        "operatingExpenses": 14500000,
        "costAndExpenses": 30900000,
        "interestIncome": 34600000,
        "interestExpense": 15000000,
        "depreciationAndAmortization": 1100000,
        "ebitda": 8300000,
        "ebitdaratio": 0.217847769,
        "operatingIncome": 7200000,
        "operatingIncomeRatio": 0.188976378,
        "totalOtherIncomeExpensesNet": 0,
        "incomeBeforeTax": 7200000,
        "incomeBeforeTaxRatio": 0.188976378,
        "incomeTaxExpense": 2300000,
        "netIncome": 4900000,
        "netIncomeRatio": 0.1286089239,
        "eps": 0.44,
        "epsdiluted": 0.42,
        "weightedAverageShsOut": 10462000,
        "weightedAverageShsOutDil": 10462000,
        "link": "https://www.sec.gov/Archives/edgar/data/37808/000003780895000008/0000037808-95-000008-index.html",
        "finalLink": "https://www.sec.gov/Archives/edgar/data/37808/"
    },
    {
        "date": "1995-06-30",
        "symbol": "FNB",
        "reportedCurrency": "USD",
        "cik": "0000037808",
        "fillingDate": "1995-08-11",
        "acceptedDate": "1995-08-11 00:00:00",
        "calendarYear": "1995",
        "period": "Q2",
        "revenue": 38200000,
        "costOfRevenue": 16100000,
        "grossProfit": 22100000,
        "grossProfitRatio": 0.5785340314,
        "researchAndDevelopmentExpenses": 0,
        "generalAndAdministrativeExpenses": 7300000,
        "sellingAndMarketingExpenses": 0,
        "sellingGeneralAndAdministrativeExpenses": 7300000,
        "otherExpenses": 8300000,
        "operatingExpenses": 15600000,
        "costAndExpenses": 31700000,
        "interestIncome": 33900000,
        "interestExpense": 14700000,
        "depreciationAndAmortization": 1100000,
        "ebitda": 7600000,
        "ebitdaratio": 0.1989528796,
        "operatingIncome": 6500000,
        "operatingIncomeRatio": 0.1701570681,
        "totalOtherIncomeExpensesNet": 0,
        "incomeBeforeTax": 6500000,
        "incomeBeforeTaxRatio": 0.1701570681,
        "incomeTaxExpense": 2200000,
        "netIncome": 4300000,
        "netIncomeRatio": 0.112565445,
        "eps": 0.38,
        "epsdiluted": 0.36,
        "weightedAverageShsOut": 11029000,
        "weightedAverageShsOutDil": 12097000,
        "link": "https://www.sec.gov/Archives/edgar/data/37808/000003780895000005/0000037808-95-000005-index.html",
        "finalLink": "https://www.sec.gov/Archives/edgar/data/37808/"
    },
    {
        "date": "1995-03-31",
        "symbol": "FNB",
        "reportedCurrency": "USD",
        "cik": "0000037808",
        "fillingDate": "1995-05-11",
        "acceptedDate": "1995-05-11 00:00:00",
        "calendarYear": "1995",
        "period": "Q1",
        "revenue": 36000000,
        "costOfRevenue": 15000000,
        "grossProfit": 21000000,
        "grossProfitRatio": 0.5833333333,
        "researchAndDevelopmentExpenses": 0,
        "generalAndAdministrativeExpenses": 7500000,
        "sellingAndMarketingExpenses": 0,
        "sellingGeneralAndAdministrativeExpenses": 7500000,
        "otherExpenses": 7600000,
        "operatingExpenses": 15100000,
        "costAndExpenses": 30100000,
        "interestIncome": 32600000,
        "interestExpense": 13500000,
        "depreciationAndAmortization": 1300000,
        "ebitda": 7200000,
        "ebitdaratio": 0.2,
        "operatingIncome": 5900000,
        "operatingIncomeRatio": 0.1638888889,
        "totalOtherIncomeExpensesNet": 0,
        "incomeBeforeTax": 5900000,
        "incomeBeforeTaxRatio": 0.1638888889,
        "incomeTaxExpense": 1900000,
        "netIncome": 4000000,
        "netIncomeRatio": 0.1111111111,
        "eps": 0.34,
        "epsdiluted": 0.33,
        "weightedAverageShsOut": 10991000,
        "weightedAverageShsOutDil": 12159000,
        "link": "https://www.sec.gov/Archives/edgar/data/37808/000003780895000003/0000037808-95-000003-index.html",
        "finalLink": "https://www.sec.gov/Archives/edgar/data/37808/"
    },
    {
        "date": "1994-12-31",
        "symbol": "FNB",
        "reportedCurrency": "USD",
        "cik": "0000037808",
        "fillingDate": "1994-12-31",
        "acceptedDate": "1994-12-31 00:00:00",
        "calendarYear": "1994",
        "period": "Q4",
        "revenue": 35700000,
        "costOfRevenue": 14700000,
        "grossProfit": 21000000,
        "grossProfitRatio": 0.5882352941,
        "researchAndDevelopmentExpenses": 0,
        "generalAndAdministrativeExpenses": 6900000,
        "sellingAndMarketingExpenses": 2100000,
        "sellingGeneralAndAdministrativeExpenses": 9000000,
        "otherExpenses": 6300000,
        "operatingExpenses": 15300000,
        "costAndExpenses": 30000000,
        "interestIncome": 31800000,
        "interestExpense": 12900000,
        "depreciationAndAmortization": 1600000,
        "ebitda": 7300000,
        "ebitdaratio": 0.2044817927,
        "operatingIncome": 5700000,
        "operatingIncomeRatio": 0.1596638655,
        "totalOtherIncomeExpensesNet": 0,
        "incomeBeforeTax": 5700000,
        "incomeBeforeTaxRatio": 0.1596638655,
        "incomeTaxExpense": 1900000,
        "netIncome": 3800000,
        "netIncomeRatio": 0.106442577,
        "eps": 0.27,
        "epsdiluted": 0.27,
        "weightedAverageShsOut": 13828000,
        "weightedAverageShsOutDil": 13828000,
        "link": null,
        "finalLink": null
    },
    {
        "date": "1994-09-30",
        "symbol": "FNB",
        "reportedCurrency": "USD",
        "cik": "0000037808",
        "fillingDate": "1994-09-30",
        "acceptedDate": "1994-09-30 00:00:00",
        "calendarYear": "1994",
        "period": "Q3",
        "revenue": 34600000,
        "costOfRevenue": 14600000,
        "grossProfit": 20000000,
        "grossProfitRatio": 0.5780346821,
        "researchAndDevelopmentExpenses": 0,
        "generalAndAdministrativeExpenses": 6600000,
        "sellingAndMarketingExpenses": 0,
        "sellingGeneralAndAdministrativeExpenses": 6600000,
        "otherExpenses": 8000000,
        "operatingExpenses": 14600000,
        "costAndExpenses": 29200000,
        "interestIncome": 31400000,
        "interestExpense": 12700000,
        "depreciationAndAmortization": 1400000,
        "ebitda": 6800000,
        "ebitdaratio": 0.1965317919,
        "operatingIncome": 5400000,
        "operatingIncomeRatio": 0.1560693642,
        "totalOtherIncomeExpensesNet": 0,
        "incomeBeforeTax": 5400000,
        "incomeBeforeTaxRatio": 0.1560693642,
        "incomeTaxExpense": 1900000,
        "netIncome": 3500000,
        "netIncomeRatio": 0.1011560694,
        "eps": 0.32,
        "epsdiluted": 0.3,
        "weightedAverageShsOut": 10427000,
        "weightedAverageShsOutDil": 11513000,
        "link": null,
        "finalLink": null
    },
    {
        "date": "1994-06-30",
        "symbol": "FNB",
        "reportedCurrency": "USD",
        "cik": "0000037808",
        "fillingDate": "1994-06-30",
        "acceptedDate": "1994-06-30 00:00:00",
        "calendarYear": "1994",
        "period": "Q2",
        "revenue": 34500000,
        "costOfRevenue": 14400000,
        "grossProfit": 20100000,
        "grossProfitRatio": 0.5826086957,
        "researchAndDevelopmentExpenses": 0,
        "generalAndAdministrativeExpenses": 7000000,
        "sellingAndMarketingExpenses": 0,
        "sellingGeneralAndAdministrativeExpenses": 7000000,
        "otherExpenses": 8200000,
        "operatingExpenses": 15200000,
        "costAndExpenses": 29600000,
        "interestIncome": 31100000,
        "interestExpense": 12300000,
        "depreciationAndAmortization": 1500000,
        "ebitda": 6400000,
        "ebitdaratio": 0.1855072464,
        "operatingIncome": 4900000,
        "operatingIncomeRatio": 0.1420289855,
        "totalOtherIncomeExpensesNet": 0,
        "incomeBeforeTax": 4900000,
        "incomeBeforeTaxRatio": 0.1420289855,
        "incomeTaxExpense": 1600000,
        "netIncome": 3300000,
        "netIncomeRatio": 0.0956521739,
        "eps": 0.3,
        "epsdiluted": 0.29,
        "weightedAverageShsOut": 10441000,
        "weightedAverageShsOutDil": 11527000,
        "link": null,
        "finalLink": null
    },
    {
        "date": "1994-03-31",
        "symbol": "FNB",
        "reportedCurrency": "USD",
        "cik": "0000037808",
        "fillingDate": "1994-03-31",
        "acceptedDate": "1994-03-31 00:00:00",
        "calendarYear": "1994",
        "period": "Q1",
        "revenue": 34200000,
        "costOfRevenue": 15100000,
        "grossProfit": 19100000,
        "grossProfitRatio": 0.5584795322,
        "researchAndDevelopmentExpenses": 0,
        "generalAndAdministrativeExpenses": 7100000,
        "sellingAndMarketingExpenses": 0,
        "sellingGeneralAndAdministrativeExpenses": 7100000,
        "otherExpenses": 7800000,
        "operatingExpenses": 14900000,
        "costAndExpenses": 30000000,
        "interestIncome": 30600000,
        "interestExpense": 12400000,
        "depreciationAndAmortization": 1700000,
        "ebitda": 5900000,
        "ebitdaratio": 0.1725146199,
        "operatingIncome": 4200000,
        "operatingIncomeRatio": 0.1228070175,
        "totalOtherIncomeExpensesNet": 0,
        "incomeBeforeTax": 4200000,
        "incomeBeforeTaxRatio": 0.1228070175,
        "incomeTaxExpense": 1300000,
        "netIncome": 2900000,
        "netIncomeRatio": 0.0847953216,
        "eps": 0.26,
        "epsdiluted": 0.25,
        "weightedAverageShsOut": 10440000,
        "weightedAverageShsOutDil": 11603000,
        "link": null,
        "finalLink": null
    },
    {
        "date": "1993-12-31",
        "symbol": "FNB",
        "reportedCurrency": "USD",
        "cik": "0000037808",
        "fillingDate": "1993-12-31",
        "acceptedDate": "1993-12-31 00:00:00",
        "calendarYear": "1993",
        "period": "Q4",
        "revenue": 35000000,
        "costOfRevenue": 15300000,
        "grossProfit": 19700000,
        "grossProfitRatio": 0.5628571429,
        "researchAndDevelopmentExpenses": 0,
        "generalAndAdministrativeExpenses": 6900000,
        "sellingAndMarketingExpenses": 0,
        "sellingGeneralAndAdministrativeExpenses": 6900000,
        "otherExpenses": 8600000,
        "operatingExpenses": 15500000,
        "costAndExpenses": 30800000,
        "interestIncome": 30500000,
        "interestExpense": 13100000,
        "depreciationAndAmortization": 1400000,
        "ebitda": 5600000,
        "ebitdaratio": 0.16,
        "operatingIncome": 4200000,
        "operatingIncomeRatio": 0.12,
        "totalOtherIncomeExpensesNet": 0,
        "incomeBeforeTax": 4200000,
        "incomeBeforeTaxRatio": 0.12,
        "incomeTaxExpense": 1400000,
        "netIncome": 2800000,
        "netIncomeRatio": 0.08,
        "eps": 0.22,
        "epsdiluted": 0.22,
        "weightedAverageShsOut": 12873000,
        "weightedAverageShsOutDil": 12873000,
        "link": null,
        "finalLink": null
    },
    {
        "date": "1993-09-30",
        "symbol": "FNB",
        "reportedCurrency": "USD",
        "cik": "0000037808",
        "fillingDate": "1993-09-30",
        "acceptedDate": "1993-09-30 00:00:00",
        "calendarYear": "1993",
        "period": "Q3",
        "revenue": 34700000,
        "costOfRevenue": 16000000,
        "grossProfit": 18700000,
        "grossProfitRatio": 0.5389048991,
        "researchAndDevelopmentExpenses": 0,
        "generalAndAdministrativeExpenses": 6900000,
        "sellingAndMarketingExpenses": 0,
        "sellingGeneralAndAdministrativeExpenses": 6900000,
        "otherExpenses": 8700000,
        "operatingExpenses": 15600000,
        "costAndExpenses": 31600000,
        "interestIncome": 31300000,
        "interestExpense": 13700000,
        "depreciationAndAmortization": 1900000,
        "ebitda": 5000000,
        "ebitdaratio": 0.144092219,
        "operatingIncome": 3100000,
        "operatingIncomeRatio": 0.0893371758,
        "totalOtherIncomeExpensesNet": 0,
        "incomeBeforeTax": 3100000,
        "incomeBeforeTaxRatio": 0.0893371758,
        "incomeTaxExpense": 800000,
        "netIncome": 2300000,
        "netIncomeRatio": 0.0662824207,
        "eps": 0.18,
        "epsdiluted": 0.18,
        "weightedAverageShsOut": 12873000,
        "weightedAverageShsOutDil": 12873000,
        "link": null,
        "finalLink": null
    },
    {
        "date": "1993-06-30",
        "symbol": "FNB",
        "reportedCurrency": "USD",
        "cik": "0000037808",
        "fillingDate": "1993-06-30",
        "acceptedDate": "1993-06-30 00:00:00",
        "calendarYear": "1993",
        "period": "Q2",
        "revenue": 36800000,
        "costOfRevenue": 16800000,
        "grossProfit": 20000000,
        "grossProfitRatio": 0.5434782609,
        "researchAndDevelopmentExpenses": 0,
        "generalAndAdministrativeExpenses": 7100000,
        "sellingAndMarketingExpenses": 0,
        "sellingGeneralAndAdministrativeExpenses": 7100000,
        "otherExpenses": 8500000,
        "operatingExpenses": 15600000,
        "costAndExpenses": 32400000,
        "interestIncome": 31800000,
        "interestExpense": 14200000,
        "depreciationAndAmortization": 2400000,
        "ebitda": 6800000,
        "ebitdaratio": 0.1847826087,
        "operatingIncome": 4400000,
        "operatingIncomeRatio": 0.1195652174,
        "totalOtherIncomeExpensesNet": 0,
        "incomeBeforeTax": 4400000,
        "incomeBeforeTaxRatio": 0.1195652174,
        "incomeTaxExpense": 1500000,
        "netIncome": 2900000,
        "netIncomeRatio": 0.0788043478,
        "eps": 0.22,
        "epsdiluted": 0.22,
        "weightedAverageShsOut": 13433000,
        "weightedAverageShsOutDil": 13433000,
        "link": null,
        "finalLink": null
    },
    {
        "date": "1993-03-31",
        "symbol": "FNB",
        "reportedCurrency": "USD",
        "cik": "0000037808",
        "fillingDate": "1993-03-31",
        "acceptedDate": "1993-03-31 00:00:00",
        "calendarYear": "1993",
        "period": "Q1",
        "revenue": 35100000,
        "costOfRevenue": 16700000,
        "grossProfit": 18400000,
        "grossProfitRatio": 0.5242165242,
        "researchAndDevelopmentExpenses": 0,
        "generalAndAdministrativeExpenses": 7000000,
        "sellingAndMarketingExpenses": 0,
        "sellingGeneralAndAdministrativeExpenses": 7000000,
        "otherExpenses": 8100000,
        "operatingExpenses": 15100000,
        "costAndExpenses": 31800000,
        "interestIncome": 32000000,
        "interestExpense": 14400000,
        "depreciationAndAmortization": 2000000,
        "ebitda": 5300000,
        "ebitdaratio": 0.150997151,
        "operatingIncome": 3300000,
        "operatingIncomeRatio": 0.094017094,
        "totalOtherIncomeExpensesNet": 0,
        "incomeBeforeTax": 3300000,
        "incomeBeforeTaxRatio": 0.094017094,
        "incomeTaxExpense": 800000,
        "netIncome": 2500000,
        "netIncomeRatio": 0.0712250712,
        "eps": 0.2,
        "epsdiluted": 0.2,
        "weightedAverageShsOut": 12438000,
        "weightedAverageShsOutDil": 12438000,
        "link": null,
        "finalLink": null
    },
    {
        "date": "1992-12-31",
        "symbol": "FNB",
        "reportedCurrency": "USD",
        "cik": "0000037808",
        "fillingDate": "1992-12-31",
        "acceptedDate": "1992-12-31 00:00:00",
        "calendarYear": "1992",
        "period": "Q4",
        "revenue": 35800000,
        "costOfRevenue": 18200000,
        "grossProfit": 17600000,
        "grossProfitRatio": 0.4916201117,
        "researchAndDevelopmentExpenses": 0,
        "generalAndAdministrativeExpenses": 6200000,
        "sellingAndMarketingExpenses": 0,
        "sellingGeneralAndAdministrativeExpenses": 6200000,
        "otherExpenses": 7900000,
        "operatingExpenses": 14100000,
        "costAndExpenses": 32300000,
        "interestIncome": 32600000,
        "interestExpense": 15200000,
        "depreciationAndAmortization": 1900000,
        "ebitda": 5400000,
        "ebitdaratio": 0.1508379888,
        "operatingIncome": 3500000,
        "operatingIncomeRatio": 0.0977653631,
        "totalOtherIncomeExpensesNet": 0,
        "incomeBeforeTax": 3500000,
        "incomeBeforeTaxRatio": 0.0977653631,
        "incomeTaxExpense": 1200000,
        "netIncome": 2300000,
        "netIncomeRatio": 0.0642458101,
        "eps": 0.18,
        "epsdiluted": 0.18,
        "weightedAverageShsOut": 13135000,
        "weightedAverageShsOutDil": 13135000,
        "link": null,
        "finalLink": null
    },
    {
        "date": "1992-09-30",
        "symbol": "FNB",
        "reportedCurrency": "USD",
        "cik": "0000037808",
        "fillingDate": "1992-09-30",
        "acceptedDate": "1992-09-30 00:00:00",
        "calendarYear": "1992",
        "period": "Q3",
        "revenue": 37100000,
        "costOfRevenue": 23100000,
        "grossProfit": 14000000,
        "grossProfitRatio": 0.3773584906,
        "researchAndDevelopmentExpenses": 0,
        "generalAndAdministrativeExpenses": 6300000,
        "sellingAndMarketingExpenses": 0,
        "sellingGeneralAndAdministrativeExpenses": 6300000,
        "otherExpenses": 7700000,
        "operatingExpenses": 14000000,
        "costAndExpenses": 37100000,
        "interestIncome": 32000000,
        "interestExpense": 16000000,
        "depreciationAndAmortization": 2000000,
        "ebitda": 2000000,
        "ebitdaratio": 0.0539083558,
        "operatingIncome": 0,
        "operatingIncomeRatio": 0,
        "totalOtherIncomeExpensesNet": -18000000,
        "incomeBeforeTax": 0,
        "incomeBeforeTaxRatio": 0,
        "incomeTaxExpense": -100000,
        "netIncome": 100000,
        "netIncomeRatio": 0.0026954178,
        "eps": 0.0079,
        "epsdiluted": 0.0079,
        "weightedAverageShsOut": 13135000,
        "weightedAverageShsOutDil": 13135000,
        "link": null,
        "finalLink": null
    },
    {
        "date": "1992-06-30",
        "symbol": "FNB",
        "reportedCurrency": "USD",
        "cik": "0000037808",
        "fillingDate": "1992-06-30",
        "acceptedDate": "1992-06-30 00:00:00",
        "calendarYear": "1992",
        "period": "Q2",
        "revenue": 33200000,
        "costOfRevenue": 18200000,
        "grossProfit": 15000000,
        "grossProfitRatio": 0.4518072289,
        "researchAndDevelopmentExpenses": 0,
        "generalAndAdministrativeExpenses": 5900000,
        "sellingAndMarketingExpenses": 0,
        "sellingGeneralAndAdministrativeExpenses": 5900000,
        "otherExpenses": 6100000,
        "operatingExpenses": 12000000,
        "costAndExpenses": 30200000,
        "interestIncome": 30500000,
        "interestExpense": 15400000,
        "depreciationAndAmortization": 1200000,
        "ebitda": 4200000,
        "ebitdaratio": 0.1265060241,
        "operatingIncome": 3000000,
        "operatingIncomeRatio": 0.0903614458,
        "totalOtherIncomeExpensesNet": 0,
        "incomeBeforeTax": 3000000,
        "incomeBeforeTaxRatio": 0.0903614458,
        "incomeTaxExpense": 900000,
        "netIncome": 2100000,
        "netIncomeRatio": 0.063253012,
        "eps": 0.16,
        "epsdiluted": 0.16,
        "weightedAverageShsOut": 13433000,
        "weightedAverageShsOutDil": 13433000,
        "link": null,
        "finalLink": null
    },
    {
        "date": "1992-03-31",
        "symbol": "FNB",
        "reportedCurrency": "USD",
        "cik": "0000037808",
        "fillingDate": "1992-03-31",
        "acceptedDate": "1992-03-31 00:00:00",
        "calendarYear": "1992",
        "period": "Q1",
        "revenue": 33400000,
        "costOfRevenue": 18200000,
        "grossProfit": 15200000,
        "grossProfitRatio": 0.4550898204,
        "researchAndDevelopmentExpenses": 0,
        "generalAndAdministrativeExpenses": 5800000,
        "sellingAndMarketingExpenses": 0,
        "sellingGeneralAndAdministrativeExpenses": 5800000,
        "otherExpenses": 6100000,
        "operatingExpenses": 11900000,
        "costAndExpenses": 30100000,
        "interestIncome": 30900000,
        "interestExpense": 16000000,
        "depreciationAndAmortization": 1100000,
        "ebitda": 4400000,
        "ebitdaratio": 0.1317365269,
        "operatingIncome": 3300000,
        "operatingIncomeRatio": 0.0988023952,
        "totalOtherIncomeExpensesNet": 0,
        "incomeBeforeTax": 3300000,
        "incomeBeforeTaxRatio": 0.0988023952,
        "incomeTaxExpense": 1000000,
        "netIncome": 2300000,
        "netIncomeRatio": 0.0688622754,
        "eps": 0.2,
        "epsdiluted": 0.2,
        "weightedAverageShsOut": 11443000,
        "weightedAverageShsOutDil": 11443000,
        "link": null,
        "finalLink": null
    },
    {
        "date": "1991-12-31",
        "symbol": "FNB",
        "reportedCurrency": "USD",
        "cik": "0000037808",
        "fillingDate": "1991-12-31",
        "acceptedDate": "1991-12-31 00:00:00",
        "calendarYear": "1991",
        "period": "Q4",
        "revenue": 35100000,
        "costOfRevenue": 20000000,
        "grossProfit": 15100000,
        "grossProfitRatio": 0.4301994302,
        "researchAndDevelopmentExpenses": 0,
        "generalAndAdministrativeExpenses": 5300000,
        "sellingAndMarketingExpenses": 0,
        "sellingGeneralAndAdministrativeExpenses": 5300000,
        "otherExpenses": 6300000,
        "operatingExpenses": 11600000,
        "costAndExpenses": 31600000,
        "interestIncome": 31600000,
        "interestExpense": 17700000,
        "depreciationAndAmortization": 1200000,
        "ebitda": 4700000,
        "ebitdaratio": 0.1339031339,
        "operatingIncome": 3500000,
        "operatingIncomeRatio": 0.0997150997,
        "totalOtherIncomeExpensesNet": 0,
        "incomeBeforeTax": 3500000,
        "incomeBeforeTaxRatio": 0.0997150997,
        "incomeTaxExpense": 1000000,
        "netIncome": 2500000,
        "netIncomeRatio": 0.0712250712,
        "eps": 0.19,
        "epsdiluted": 0.19,
        "weightedAverageShsOut": 12432000,
        "weightedAverageShsOutDil": 12985000,
        "link": null,
        "finalLink": null
    },
    {
        "date": "1991-09-30",
        "symbol": "FNB",
        "reportedCurrency": "USD",
        "cik": "0000037808",
        "fillingDate": "1991-09-30",
        "acceptedDate": "1991-09-30 00:00:00",
        "calendarYear": "1991",
        "period": "Q3",
        "revenue": 34200000,
        "costOfRevenue": 19500000,
        "grossProfit": 14700000,
        "grossProfitRatio": 0.4298245614,
        "researchAndDevelopmentExpenses": 0,
        "generalAndAdministrativeExpenses": 5200000,
        "sellingAndMarketingExpenses": 0,
        "sellingGeneralAndAdministrativeExpenses": 5200000,
        "otherExpenses": 5500000,
        "operatingExpenses": 10700000,
        "costAndExpenses": 30200000,
        "interestIncome": 31700000,
        "interestExpense": 18400000,
        "depreciationAndAmortization": 900000,
        "ebitda": 4900000,
        "ebitdaratio": 0.1432748538,
        "operatingIncome": 4000000,
        "operatingIncomeRatio": 0.1169590643,
        "totalOtherIncomeExpensesNet": 0,
        "incomeBeforeTax": 4000000,
        "incomeBeforeTaxRatio": 0.1169590643,
        "incomeTaxExpense": 1100000,
        "netIncome": 2900000,
        "netIncomeRatio": 0.0847953216,
        "eps": 0.22,
        "epsdiluted": 0.22,
        "weightedAverageShsOut": 12985000,
        "weightedAverageShsOutDil": 12985000,
        "link": null,
        "finalLink": null
    },
    {
        "date": "1991-06-30",
        "symbol": "FNB",
        "reportedCurrency": "USD",
        "cik": "0000037808",
        "fillingDate": "1991-06-30",
        "acceptedDate": "1991-06-30 00:00:00",
        "calendarYear": "1991",
        "period": "Q2",
        "revenue": 33400000,
        "costOfRevenue": 19300000,
        "grossProfit": 14100000,
        "grossProfitRatio": 0.4221556886,
        "researchAndDevelopmentExpenses": 0,
        "generalAndAdministrativeExpenses": 5000000,
        "sellingAndMarketingExpenses": 0,
        "sellingGeneralAndAdministrativeExpenses": 5000000,
        "otherExpenses": 5900000,
        "operatingExpenses": 10900000,
        "costAndExpenses": 30200000,
        "interestIncome": 30600000,
        "interestExpense": 18100000,
        "depreciationAndAmortization": 1000000,
        "ebitda": 4200000,
        "ebitdaratio": 0.125748503,
        "operatingIncome": 3200000,
        "operatingIncomeRatio": 0.0958083832,
        "totalOtherIncomeExpensesNet": 0,
        "incomeBeforeTax": 3200000,
        "incomeBeforeTaxRatio": 0.0958083832,
        "incomeTaxExpense": 800000,
        "netIncome": 2400000,
        "netIncomeRatio": 0.0718562874,
        "eps": 0.19,
        "epsdiluted": 0.19,
        "weightedAverageShsOut": 12400000,
        "weightedAverageShsOutDil": 12400000,
        "link": null,
        "finalLink": null
    },
    {
        "date": "1991-03-31",
        "symbol": "FNB",
        "reportedCurrency": "USD",
        "cik": "0000037808",
        "fillingDate": "1991-03-31",
        "acceptedDate": "1991-03-31 00:00:00",
        "calendarYear": "1991",
        "period": "Q1",
        "revenue": 30000000,
        "costOfRevenue": 17600000,
        "grossProfit": 12400000,
        "grossProfitRatio": 0.4133333333,
        "researchAndDevelopmentExpenses": 0,
        "generalAndAdministrativeExpenses": 4800000,
        "sellingAndMarketingExpenses": 0,
        "sellingGeneralAndAdministrativeExpenses": 4800000,
        "otherExpenses": 4800000,
        "operatingExpenses": 9600000,
        "costAndExpenses": 27200000,
        "interestIncome": 28000000,
        "interestExpense": 16900000,
        "depreciationAndAmortization": 800000,
        "ebitda": 3600000,
        "ebitdaratio": 0.12,
        "operatingIncome": 2800000,
        "operatingIncomeRatio": 0.0933333333,
        "totalOtherIncomeExpensesNet": 0,
        "incomeBeforeTax": 2800000,
        "incomeBeforeTaxRatio": 0.0933333333,
        "incomeTaxExpense": 700000,
        "netIncome": 2100000,
        "netIncomeRatio": 0.07,
        "eps": 0.19,
        "epsdiluted": 0.19,
        "weightedAverageShsOut": 10850000,
        "weightedAverageShsOutDil": 10850000,
        "link": null,
        "finalLink": null
    },
    {
        "date": "1990-12-31",
        "symbol": "FNB",
        "reportedCurrency": "USD",
        "cik": "0000037808",
        "fillingDate": "1990-12-31",
        "acceptedDate": "1990-12-31 00:00:00",
        "calendarYear": "1990",
        "period": "Q4",
        "revenue": 30800000,
        "costOfRevenue": 18800000,
        "grossProfit": 12000000,
        "grossProfitRatio": 0.3896103896,
        "researchAndDevelopmentExpenses": 0,
        "generalAndAdministrativeExpenses": 4100000,
        "sellingAndMarketingExpenses": 0,
        "sellingGeneralAndAdministrativeExpenses": 4100000,
        "otherExpenses": 4700000,
        "operatingExpenses": 8800000,
        "costAndExpenses": 27600000,
        "interestIncome": 28500000,
        "interestExpense": 17600000,
        "depreciationAndAmortization": 900000,
        "ebitda": 4100000,
        "ebitdaratio": 0.1331168831,
        "operatingIncome": 3200000,
        "operatingIncomeRatio": 0.1038961039,
        "totalOtherIncomeExpensesNet": 0,
        "incomeBeforeTax": 3200000,
        "incomeBeforeTaxRatio": 0.1038961039,
        "incomeTaxExpense": 800000,
        "netIncome": 2400000,
        "netIncomeRatio": 0.0779220779,
        "eps": 0.22,
        "epsdiluted": 0.22,
        "weightedAverageShsOut": 11117000,
        "weightedAverageShsOutDil": 11117000,
        "link": null,
        "finalLink": null
    },
    {
        "date": "1990-09-30",
        "symbol": "FNB",
        "reportedCurrency": "USD",
        "cik": "0000037808",
        "fillingDate": "1990-09-30",
        "acceptedDate": "1990-09-30 00:00:00",
        "calendarYear": "1990",
        "period": "Q3",
        "revenue": 30400000,
        "costOfRevenue": 18100000,
        "grossProfit": 12300000,
        "grossProfitRatio": 0.4046052632,
        "researchAndDevelopmentExpenses": 0,
        "generalAndAdministrativeExpenses": 4400000,
        "sellingAndMarketingExpenses": 0,
        "sellingGeneralAndAdministrativeExpenses": 4400000,
        "otherExpenses": 4800000,
        "operatingExpenses": 9200000,
        "costAndExpenses": 27300000,
        "interestIncome": 28500000,
        "interestExpense": 17400000,
        "depreciationAndAmortization": 800000,
        "ebitda": 3900000,
        "ebitdaratio": 0.1282894737,
        "operatingIncome": 3100000,
        "operatingIncomeRatio": 0.1019736842,
        "totalOtherIncomeExpensesNet": 0,
        "incomeBeforeTax": 3100000,
        "incomeBeforeTaxRatio": 0.1019736842,
        "incomeTaxExpense": 700000,
        "netIncome": 2400000,
        "netIncomeRatio": 0.0789473684,
        "eps": 0.22,
        "epsdiluted": 0.22,
        "weightedAverageShsOut": 11117000,
        "weightedAverageShsOutDil": 11117000,
        "link": null,
        "finalLink": null
    },
    {
        "date": "1990-06-30",
        "symbol": "FNB",
        "reportedCurrency": "USD",
        "cik": "0000037808",
        "fillingDate": "1990-06-30",
        "acceptedDate": "1990-06-30 00:00:00",
        "calendarYear": "1990",
        "period": "Q2",
        "revenue": 29900000,
        "costOfRevenue": 17900000,
        "grossProfit": 12000000,
        "grossProfitRatio": 0.4013377926,
        "researchAndDevelopmentExpenses": 0,
        "generalAndAdministrativeExpenses": 4500000,
        "sellingAndMarketingExpenses": 0,
        "sellingGeneralAndAdministrativeExpenses": 4500000,
        "otherExpenses": 4700000,
        "operatingExpenses": 9200000,
        "costAndExpenses": 27100000,
        "interestIncome": 28000000,
        "interestExpense": 17200000,
        "depreciationAndAmortization": 600000,
        "ebitda": 3400000,
        "ebitdaratio": 0.1137123746,
        "operatingIncome": 2800000,
        "operatingIncomeRatio": 0.0936454849,
        "totalOtherIncomeExpensesNet": 0,
        "incomeBeforeTax": 2800000,
        "incomeBeforeTaxRatio": 0.0936454849,
        "incomeTaxExpense": 700000,
        "netIncome": 2100000,
        "netIncomeRatio": 0.0702341137,
        "eps": 0.19,
        "epsdiluted": 0.19,
        "weightedAverageShsOut": 10850000,
        "weightedAverageShsOutDil": 10850000,
        "link": null,
        "finalLink": null
    },
    {
        "date": "1990-03-31",
        "symbol": "FNB",
        "reportedCurrency": "USD",
        "cik": "0000037808",
        "fillingDate": "1990-03-31",
        "acceptedDate": "1990-03-31 00:00:00",
        "calendarYear": "1990",
        "period": "Q1",
        "revenue": 29400000,
        "costOfRevenue": 17900000,
        "grossProfit": 11500000,
        "grossProfitRatio": 0.3911564626,
        "researchAndDevelopmentExpenses": 0,
        "generalAndAdministrativeExpenses": 4500000,
        "sellingAndMarketingExpenses": 0,
        "sellingGeneralAndAdministrativeExpenses": 4500000,
        "otherExpenses": 4200000,
        "operatingExpenses": 8700000,
        "costAndExpenses": 26600000,
        "interestIncome": 27600000,
        "interestExpense": 17200000,
        "depreciationAndAmortization": 1000000,
        "ebitda": 3800000,
        "ebitdaratio": 0.1292517007,
        "operatingIncome": 2800000,
        "operatingIncomeRatio": 0.0952380952,
        "totalOtherIncomeExpensesNet": 0,
        "incomeBeforeTax": 2800000,
        "incomeBeforeTaxRatio": 0.0952380952,
        "incomeTaxExpense": 600000,
        "netIncome": 2200000,
        "netIncomeRatio": 0.074829932,
        "eps": 0.2,
        "epsdiluted": 0.2,
        "weightedAverageShsOut": 10946000,
        "weightedAverageShsOutDil": 10946000,
        "link": null,
        "finalLink": null
    },
    {
        "date": "1989-12-31",
        "symbol": "FNB",
        "reportedCurrency": "USD",
        "cik": "0000037808",
        "fillingDate": "1989-12-31",
        "acceptedDate": "1989-12-30 19:00:00",
        "calendarYear": "1989",
        "period": "Q4",
        "revenue": 0,
        "costOfRevenue": 0,
        "grossProfit": 0,
        "grossProfitRatio": 0,
        "researchAndDevelopmentExpenses": 0,
        "generalAndAdministrativeExpenses": 0,
        "sellingAndMarketingExpenses": 0,
        "sellingGeneralAndAdministrativeExpenses": 0,
        "otherExpenses": 0,
        "operatingExpenses": 0,
        "costAndExpenses": 0,
        "interestIncome": 0,
        "interestExpense": 0,
        "depreciationAndAmortization": 0,
        "ebitda": 0,
        "ebitdaratio": 0,
        "operatingIncome": 0,
        "operatingIncomeRatio": 0,
        "totalOtherIncomeExpensesNet": 0,
        "incomeBeforeTax": 0,
        "incomeBeforeTaxRatio": 0,
        "incomeTaxExpense": 0,
        "netIncome": 2000000,
        "netIncomeRatio": 0,
        "eps": 0.1773364072,
        "epsdiluted": 0.1773364072,
        "weightedAverageShsOut": 11278000,
        "weightedAverageShsOutDil": 11278000,
        "link": null,
        "finalLink": null
    },
    {
        "date": "1989-09-30",
        "symbol": "FNB",
        "reportedCurrency": "USD",
        "cik": "0000037808",
        "fillingDate": "1989-09-30",
        "acceptedDate": "1989-09-29 20:00:00",
        "calendarYear": "1989",
        "period": "Q3",
        "revenue": 0,
        "costOfRevenue": 0,
        "grossProfit": 0,
        "grossProfitRatio": 0,
        "researchAndDevelopmentExpenses": 0,
        "generalAndAdministrativeExpenses": 0,
        "sellingAndMarketingExpenses": 0,
        "sellingGeneralAndAdministrativeExpenses": 0,
        "otherExpenses": 0,
        "operatingExpenses": 0,
        "costAndExpenses": 0,
        "interestIncome": 0,
        "interestExpense": 0,
        "depreciationAndAmortization": 0,
        "ebitda": 0,
        "ebitdaratio": 0,
        "operatingIncome": 0,
        "operatingIncomeRatio": 0,
        "totalOtherIncomeExpensesNet": 0,
        "incomeBeforeTax": 0,
        "incomeBeforeTaxRatio": 0,
        "incomeTaxExpense": 0,
        "netIncome": 2400000,
        "netIncomeRatio": 0,
        "eps": 0.2,
        "epsdiluted": 0.2,
        "weightedAverageShsOut": 11278000,
        "weightedAverageShsOutDil": 11278000,
        "link": null,
        "finalLink": null
    },
    {
        "date": "1989-06-30",
        "symbol": "FNB",
        "reportedCurrency": "USD",
        "cik": "0000037808",
        "fillingDate": "1989-06-30",
        "acceptedDate": "1989-06-29 20:00:00",
        "calendarYear": "1989",
        "period": "Q2",
        "revenue": 0,
        "costOfRevenue": 0,
        "grossProfit": 0,
        "grossProfitRatio": 0,
        "researchAndDevelopmentExpenses": 0,
        "generalAndAdministrativeExpenses": 0,
        "sellingAndMarketingExpenses": 0,
        "sellingGeneralAndAdministrativeExpenses": 0,
        "otherExpenses": 0,
        "operatingExpenses": 0,
        "costAndExpenses": 0,
        "interestIncome": 0,
        "interestExpense": 0,
        "depreciationAndAmortization": 0,
        "ebitda": 0,
        "ebitdaratio": 0,
        "operatingIncome": 0,
        "operatingIncomeRatio": 0,
        "totalOtherIncomeExpensesNet": 0,
        "incomeBeforeTax": 0,
        "incomeBeforeTaxRatio": 0,
        "incomeTaxExpense": 0,
        "netIncome": 2100000,
        "netIncomeRatio": 0,
        "eps": 0.18,
        "epsdiluted": 0.18,
        "weightedAverageShsOut": 11278000,
        "weightedAverageShsOutDil": 11278000,
        "link": null,
        "finalLink": null
    },
    {
        "date": "1989-03-31",
        "symbol": "FNB",
        "reportedCurrency": "USD",
        "cik": "0000037808",
        "fillingDate": "1989-03-31",
        "acceptedDate": "1989-03-30 19:00:00",
        "calendarYear": "1989",
        "period": "Q1",
        "revenue": 0,
        "costOfRevenue": 0,
        "grossProfit": 0,
        "grossProfitRatio": 0,
        "researchAndDevelopmentExpenses": 0,
        "generalAndAdministrativeExpenses": 0,
        "sellingAndMarketingExpenses": 0,
        "sellingGeneralAndAdministrativeExpenses": 0,
        "otherExpenses": 0,
        "operatingExpenses": 0,
        "costAndExpenses": 0,
        "interestIncome": 0,
        "interestExpense": 0,
        "depreciationAndAmortization": 0,
        "ebitda": 0,
        "ebitdaratio": 0,
        "operatingIncome": 0,
        "operatingIncomeRatio": 0,
        "totalOtherIncomeExpensesNet": 0,
        "incomeBeforeTax": 0,
        "incomeBeforeTaxRatio": 0,
        "incomeTaxExpense": 0,
        "netIncome": 2200000,
        "netIncomeRatio": 0,
        "eps": 0.2,
        "epsdiluted": 0.2,
        "weightedAverageShsOut": 11278000,
        "weightedAverageShsOutDil": 11278000,
        "link": "",
        "finalLink": ""
    },
    {
        "date": "1988-12-31",
        "symbol": "FNB",
        "reportedCurrency": "USD",
        "cik": "0000037808",
        "fillingDate": "1988-12-31",
        "acceptedDate": "1988-12-30 19:00:00",
        "calendarYear": "1988",
        "period": "Q4",
        "revenue": 0,
        "costOfRevenue": 0,
        "grossProfit": 0,
        "grossProfitRatio": 0,
        "researchAndDevelopmentExpenses": 0,
        "generalAndAdministrativeExpenses": 0,
        "sellingAndMarketingExpenses": 0,
        "sellingGeneralAndAdministrativeExpenses": 0,
        "otherExpenses": 0,
        "operatingExpenses": 0,
        "costAndExpenses": 0,
        "interestIncome": 0,
        "interestExpense": 0,
        "depreciationAndAmortization": 0,
        "ebitda": 0,
        "ebitdaratio": 0,
        "operatingIncome": 0,
        "operatingIncomeRatio": 0,
        "totalOtherIncomeExpensesNet": 0,
        "incomeBeforeTax": 0,
        "incomeBeforeTaxRatio": 0,
        "incomeTaxExpense": 0,
        "netIncome": 1600000,
        "netIncomeRatio": 0,
        "eps": 0.1494489072,
        "epsdiluted": 0.1494489072,
        "weightedAverageShsOut": 10706000,
        "weightedAverageShsOutDil": 10706000,
        "link": null,
        "finalLink": null
    },
    {
        "date": "1988-09-30",
        "symbol": "FNB",
        "reportedCurrency": "USD",
        "cik": "0000037808",
        "fillingDate": "1988-09-30",
        "acceptedDate": "1988-09-29 20:00:00",
        "calendarYear": "1988",
        "period": "Q3",
        "revenue": 0,
        "costOfRevenue": 0,
        "grossProfit": 0,
        "grossProfitRatio": 0,
        "researchAndDevelopmentExpenses": 0,
        "generalAndAdministrativeExpenses": 0,
        "sellingAndMarketingExpenses": 0,
        "sellingGeneralAndAdministrativeExpenses": 0,
        "otherExpenses": 0,
        "operatingExpenses": 0,
        "costAndExpenses": 0,
        "interestIncome": 0,
        "interestExpense": 0,
        "depreciationAndAmortization": 0,
        "ebitda": 0,
        "ebitdaratio": 0,
        "operatingIncome": 0,
        "operatingIncomeRatio": 0,
        "totalOtherIncomeExpensesNet": 0,
        "incomeBeforeTax": 0,
        "incomeBeforeTaxRatio": 0,
        "incomeTaxExpense": 0,
        "netIncome": 2300000,
        "netIncomeRatio": 0,
        "eps": 0.2,
        "epsdiluted": 0.2,
        "weightedAverageShsOut": 10706000,
        "weightedAverageShsOutDil": 10706000,
        "link": null,
        "finalLink": null
    },
    {
        "date": "1988-06-30",
        "symbol": "FNB",
        "reportedCurrency": "USD",
        "cik": "0000037808",
        "fillingDate": "1988-06-30",
        "acceptedDate": "1988-06-29 20:00:00",
        "calendarYear": "1988",
        "period": "Q2",
        "revenue": 0,
        "costOfRevenue": 0,
        "grossProfit": 0,
        "grossProfitRatio": 0,
        "researchAndDevelopmentExpenses": 0,
        "generalAndAdministrativeExpenses": 0,
        "sellingAndMarketingExpenses": 0,
        "sellingGeneralAndAdministrativeExpenses": 0,
        "otherExpenses": 0,
        "operatingExpenses": 0,
        "costAndExpenses": 0,
        "interestIncome": 0,
        "interestExpense": 0,
        "depreciationAndAmortization": 0,
        "ebitda": 0,
        "ebitdaratio": 0,
        "operatingIncome": 0,
        "operatingIncomeRatio": 0,
        "totalOtherIncomeExpensesNet": 0,
        "incomeBeforeTax": 0,
        "incomeBeforeTaxRatio": 0,
        "incomeTaxExpense": 0,
        "netIncome": 1900000,
        "netIncomeRatio": 0,
        "eps": 0.18,
        "epsdiluted": 0.18,
        "weightedAverageShsOut": 10706000,
        "weightedAverageShsOutDil": 10706000,
        "link": null,
        "finalLink": null
    },
    {
        "date": "1988-03-31",
        "symbol": "FNB",
        "reportedCurrency": "USD",
        "cik": "0000037808",
        "fillingDate": "1988-03-31",
        "acceptedDate": "1988-03-30 19:00:00",
        "calendarYear": "1988",
        "period": "Q1",
        "revenue": 0,
        "costOfRevenue": 0,
        "grossProfit": 0,
        "grossProfitRatio": 0,
        "researchAndDevelopmentExpenses": 0,
        "generalAndAdministrativeExpenses": 0,
        "sellingAndMarketingExpenses": 0,
        "sellingGeneralAndAdministrativeExpenses": 0,
        "otherExpenses": 0,
        "operatingExpenses": 0,
        "costAndExpenses": 0,
        "interestIncome": 0,
        "interestExpense": 0,
        "depreciationAndAmortization": 0,
        "ebitda": 0,
        "ebitdaratio": 0,
        "operatingIncome": 0,
        "operatingIncomeRatio": 0,
        "totalOtherIncomeExpensesNet": 0,
        "incomeBeforeTax": 0,
        "incomeBeforeTaxRatio": 0,
        "incomeTaxExpense": 0,
        "netIncome": 2000000,
        "netIncomeRatio": 0,
        "eps": 0.18,
        "epsdiluted": 0.18,
        "weightedAverageShsOut": 10706000,
        "weightedAverageShsOutDil": 10706000,
        "link": "",
        "finalLink": ""
    }
]