[
    {
        "date": "2025-07-05",
        "symbol": "FOSL",
        "reportedCurrency": "USD",
        "cik": "0000883569",
        "fillingDate": "2025-08-14",
        "acceptedDate": "2025-08-14 17:06:43",
        "calendarYear": "2025",
        "period": "Q2",
        "revenue": 220388000,
        "costOfRevenue": 93659000,
        "grossProfit": 126729000,
        "grossProfitRatio": 0.575026771,
        "researchAndDevelopmentExpenses": 0,
        "generalAndAdministrativeExpenses": 0,
        "sellingAndMarketingExpenses": 0,
        "sellingGeneralAndAdministrativeExpenses": 110946000,
        "otherExpenses": 7295000,
        "operatingExpenses": 118241000,
        "costAndExpenses": 211900000,
        "interestIncome": 0,
        "interestExpense": 4321000,
        "depreciationAndAmortization": 2971000,
        "ebitda": 11421000,
        "ebitdaratio": 0.0518222408,
        "operatingIncome": 8488000,
        "operatingIncomeRatio": 0.0385138937,
        "totalOtherIncomeExpensesNet": -4359000,
        "incomeBeforeTax": 4129000,
        "incomeBeforeTaxRatio": 0.0187351398,
        "incomeTaxExpense": 6230000,
        "netIncome": -2294000,
        "netIncomeRatio": -0.0104089152,
        "eps": -0.0428,
        "epsdiluted": -0.0428,
        "weightedAverageShsOut": 53600000,
        "weightedAverageShsOutDil": 53600000,
        "link": "https://www.sec.gov/Archives/edgar/data/883569/000088356925000061/0000883569-25-000061-index.htm",
        "finalLink": "https://www.sec.gov/Archives/edgar/data/883569/000088356925000061/fosl-20250705.htm"
    },
    {
        "date": "2025-04-05",
        "symbol": "FOSL",
        "reportedCurrency": "USD",
        "cik": "0000883569",
        "fillingDate": "2025-05-15",
        "acceptedDate": "2025-05-15 16:45:46",
        "calendarYear": "2025",
        "period": "Q1",
        "revenue": 233293000,
        "costOfRevenue": 90301000,
        "grossProfit": 142992000,
        "grossProfitRatio": 0.6129288063,
        "researchAndDevelopmentExpenses": 0,
        "generalAndAdministrativeExpenses": 0,
        "sellingAndMarketingExpenses": 0,
        "sellingGeneralAndAdministrativeExpenses": 133839000,
        "otherExpenses": 15900000,
        "operatingExpenses": 149739000,
        "costAndExpenses": 240040000,
        "interestIncome": 0,
        "interestExpense": 4467000,
        "depreciationAndAmortization": 3441000,
        "ebitda": -6574000,
        "ebitdaratio": -0.0281791567,
        "operatingIncome": -6747000,
        "operatingIncomeRatio": -0.0289207134,
        "totalOtherIncomeExpensesNet": -7735000,
        "incomeBeforeTax": -14482000,
        "incomeBeforeTaxRatio": -0.0620764446,
        "incomeTaxExpense": 3368000,
        "netIncome": -17576000,
        "netIncomeRatio": -0.0753387371,
        "eps": -0.33,
        "epsdiluted": -0.33,
        "weightedAverageShsOut": 53259000,
        "weightedAverageShsOutDil": 53259000,
        "link": "https://www.sec.gov/Archives/edgar/data/883569/000088356925000032/0000883569-25-000032-index.htm",
        "finalLink": "https://www.sec.gov/Archives/edgar/data/883569/000088356925000032/fosl-20250405.htm"
    },
    {
        "date": "2024-12-31",
        "symbol": "FOSL",
        "reportedCurrency": "USD",
        "cik": "0000883569",
        "fillingDate": "2025-03-12",
        "acceptedDate": "2025-03-12 16:31:50",
        "calendarYear": "2024",
        "period": "Q4",
        "revenue": 342297000,
        "costOfRevenue": 157720000,
        "grossProfit": 184577000,
        "grossProfitRatio": 0.5392305512,
        "researchAndDevelopmentExpenses": 0,
        "generalAndAdministrativeExpenses": 0,
        "sellingAndMarketingExpenses": 0,
        "sellingGeneralAndAdministrativeExpenses": 172043000,
        "otherExpenses": 28812000,
        "operatingExpenses": 200855000,
        "costAndExpenses": 358575000,
        "interestIncome": 0,
        "interestExpense": 4900000,
        "depreciationAndAmortization": 3759000,
        "ebitda": -16600000,
        "ebitdaratio": -0.0484958968,
        "operatingIncome": -16278000,
        "operatingIncomeRatio": -0.0475551933,
        "totalOtherIncomeExpensesNet": -8955000,
        "incomeBeforeTax": -25233000,
        "incomeBeforeTaxRatio": -0.0737166846,
        "incomeTaxExpense": -14044000,
        "netIncome": -7559000,
        "netIncomeRatio": -0.0220831617,
        "eps": -0.14,
        "epsdiluted": -0.14,
        "weightedAverageShsOut": 53200000,
        "weightedAverageShsOutDil": 53200000,
        "link": "https://www.sec.gov/Archives/edgar/data/883569/000088356925000010/0000883569-25-000010-index.htm",
        "finalLink": "https://www.sec.gov/Archives/edgar/data/883569/000088356925000010/fosl-20241228.htm"
    },
    {
        "date": "2024-09-28",
        "symbol": "FOSL",
        "reportedCurrency": "USD",
        "cik": "0000883569",
        "fillingDate": "2024-11-07",
        "acceptedDate": "2024-11-07 16:45:28",
        "calendarYear": "2024",
        "period": "Q3",
        "revenue": 287819000,
        "costOfRevenue": 145587000,
        "grossProfit": 142232000,
        "grossProfitRatio": 0.4941716843,
        "researchAndDevelopmentExpenses": 0,
        "generalAndAdministrativeExpenses": 0,
        "sellingAndMarketingExpenses": 0,
        "sellingGeneralAndAdministrativeExpenses": 160858000,
        "otherExpenses": 5834000,
        "operatingExpenses": 166692000,
        "costAndExpenses": 312279000,
        "interestIncome": 0,
        "interestExpense": 4922000,
        "depreciationAndAmortization": 3834000,
        "ebitda": -17009000,
        "ebitdaratio": -0.0590961681,
        "operatingIncome": -24460000,
        "operatingIncomeRatio": -0.0849839656,
        "totalOtherIncomeExpensesNet": -1305000,
        "incomeBeforeTax": -25765000,
        "incomeBeforeTaxRatio": -0.0895180652,
        "incomeTaxExpense": 6165000,
        "netIncome": -32031000,
        "netIncomeRatio": -0.1112886919,
        "eps": -0.6,
        "epsdiluted": -0.6,
        "weightedAverageShsOut": 53200000,
        "weightedAverageShsOutDil": 53200000,
        "link": "https://www.sec.gov/Archives/edgar/data/883569/000088356924000078/0000883569-24-000078-index.htm",
        "finalLink": "https://www.sec.gov/Archives/edgar/data/883569/000088356924000078/fosl-20240928.htm"
    },
    {
        "date": "2024-06-29",
        "symbol": "FOSL",
        "reportedCurrency": "USD",
        "cik": "0000883569",
        "fillingDate": "2024-08-08",
        "acceptedDate": "2024-08-08 16:39:54",
        "calendarYear": "2024",
        "period": "Q2",
        "revenue": 259991000,
        "costOfRevenue": 123140000,
        "grossProfit": 136851000,
        "grossProfitRatio": 0.5263682204,
        "researchAndDevelopmentExpenses": 0,
        "generalAndAdministrativeExpenses": 0,
        "sellingAndMarketingExpenses": 0,
        "sellingGeneralAndAdministrativeExpenses": 153604000,
        "otherExpenses": 17250000,
        "operatingExpenses": 170854000,
        "costAndExpenses": 293994000,
        "interestIncome": 0,
        "interestExpense": 4082000,
        "depreciationAndAmortization": 3932000,
        "ebitda": -28621000,
        "ebitdaratio": -0.1100845799,
        "operatingIncome": -34003000,
        "operatingIncomeRatio": -0.1307852964,
        "totalOtherIncomeExpensesNet": -2632000,
        "incomeBeforeTax": -36635000,
        "incomeBeforeTaxRatio": -0.1409087238,
        "incomeTaxExpense": 2208000,
        "netIncome": -38785000,
        "netIncomeRatio": -0.1491782408,
        "eps": -0.73,
        "epsdiluted": -0.73,
        "weightedAverageShsOut": 52927000,
        "weightedAverageShsOutDil": 52927000,
        "link": "https://www.sec.gov/Archives/edgar/data/883569/000088356924000067/0000883569-24-000067-index.htm",
        "finalLink": "https://www.sec.gov/Archives/edgar/data/883569/000088356924000067/fosl-20240629.htm"
    },
    {
        "date": "2024-03-30",
        "symbol": "FOSL",
        "reportedCurrency": "USD",
        "cik": "0000883569",
        "fillingDate": "2024-05-09",
        "acceptedDate": "2024-05-09 16:19:06",
        "calendarYear": "2024",
        "period": "Q1",
        "revenue": 254884000,
        "costOfRevenue": 121392000,
        "grossProfit": 133492000,
        "grossProfitRatio": 0.5237362879,
        "researchAndDevelopmentExpenses": 0,
        "generalAndAdministrativeExpenses": 0,
        "sellingAndMarketingExpenses": 0,
        "sellingGeneralAndAdministrativeExpenses": 152272000,
        "otherExpenses": 10426000,
        "operatingExpenses": 162698000,
        "costAndExpenses": 284090000,
        "interestIncome": 0,
        "interestExpense": 5112000,
        "depreciationAndAmortization": 4475000,
        "ebitda": -20844000,
        "ebitdaratio": -0.0817783776,
        "operatingIncome": -29206000,
        "operatingIncomeRatio": -0.1145854585,
        "totalOtherIncomeExpensesNet": -1225000,
        "incomeBeforeTax": -30431000,
        "incomeBeforeTaxRatio": -0.1193915664,
        "incomeTaxExpense": -6117000,
        "netIncome": -24296000,
        "netIncomeRatio": -0.0953217934,
        "eps": -0.46,
        "epsdiluted": -0.46,
        "weightedAverageShsOut": 52491000,
        "weightedAverageShsOutDil": 52491000,
        "link": "https://www.sec.gov/Archives/edgar/data/883569/000088356924000023/0000883569-24-000023-index.htm",
        "finalLink": "https://www.sec.gov/Archives/edgar/data/883569/000088356924000023/fosl-20240330.htm"
    },
    {
        "date": "2023-12-31",
        "symbol": "FOSL",
        "reportedCurrency": "USD",
        "cik": "0000883569",
        "fillingDate": "2024-03-13",
        "acceptedDate": "2024-03-13 16:33:49",
        "calendarYear": "2023",
        "period": "Q4",
        "revenue": 421261000,
        "costOfRevenue": 220727000,
        "grossProfit": 200534000,
        "grossProfitRatio": 0.4760326733,
        "researchAndDevelopmentExpenses": 0,
        "generalAndAdministrativeExpenses": 0,
        "sellingAndMarketingExpenses": 0,
        "sellingGeneralAndAdministrativeExpenses": 207674000,
        "otherExpenses": 16868000,
        "operatingExpenses": 224542000,
        "costAndExpenses": 445269000,
        "interestIncome": 0,
        "interestExpense": 5700000,
        "depreciationAndAmortization": 4612000,
        "ebitda": -17544000,
        "ebitdaratio": -0.0416463902,
        "operatingIncome": -24008000,
        "operatingIncomeRatio": -0.0569907967,
        "totalOtherIncomeExpensesNet": -3816000,
        "incomeBeforeTax": -27824000,
        "incomeBeforeTaxRatio": -0.0660493138,
        "incomeTaxExpense": 556000,
        "netIncome": -28235000,
        "netIncomeRatio": -0.067024956,
        "eps": -0.54,
        "epsdiluted": -0.54,
        "weightedAverageShsOut": 52500000,
        "weightedAverageShsOutDil": 52500000,
        "link": "https://www.sec.gov/Archives/edgar/data/883569/000088356924000007/0000883569-24-000007-index.htm",
        "finalLink": "https://www.sec.gov/Archives/edgar/data/883569/000088356924000007/fosl-20231230.htm"
    },
    {
        "date": "2023-09-30",
        "symbol": "FOSL",
        "reportedCurrency": "USD",
        "cik": "0000883569",
        "fillingDate": "2023-11-09",
        "acceptedDate": "2023-11-09 16:43:30",
        "calendarYear": "2023",
        "period": "Q3",
        "revenue": 344121000,
        "costOfRevenue": 182458000,
        "grossProfit": 161663000,
        "grossProfitRatio": 0.4697853371,
        "researchAndDevelopmentExpenses": 0,
        "generalAndAdministrativeExpenses": 0,
        "sellingAndMarketingExpenses": 0,
        "sellingGeneralAndAdministrativeExpenses": 191433000,
        "otherExpenses": 16625000,
        "operatingExpenses": 208058000,
        "costAndExpenses": 390516000,
        "interestIncome": 0,
        "interestExpense": 5760000,
        "depreciationAndAmortization": 4619000,
        "ebitda": -44869000,
        "ebitdaratio": -0.1303872766,
        "operatingIncome": -46395000,
        "operatingIncomeRatio": -0.1348217633,
        "totalOtherIncomeExpensesNet": -8853000,
        "incomeBeforeTax": -55248000,
        "incomeBeforeTaxRatio": -0.1605481793,
        "incomeTaxExpense": 5561000,
        "netIncome": -61062000,
        "netIncomeRatio": -0.1774433993,
        "eps": -1.16,
        "epsdiluted": -1.16,
        "weightedAverageShsOut": 52466000,
        "weightedAverageShsOutDil": 52466000,
        "link": "https://www.sec.gov/Archives/edgar/data/883569/000088356923000038/0000883569-23-000038-index.htm",
        "finalLink": "https://www.sec.gov/Archives/edgar/data/883569/000088356923000038/fosl-20230930.htm"
    },
    {
        "date": "2023-07-01",
        "symbol": "FOSL",
        "reportedCurrency": "USD",
        "cik": "0000883569",
        "fillingDate": "2023-08-10",
        "acceptedDate": "2023-08-10 16:31:35",
        "calendarYear": "2023",
        "period": "Q2",
        "revenue": 321966000,
        "costOfRevenue": 165299000,
        "grossProfit": 156667000,
        "grossProfitRatio": 0.4865948578,
        "researchAndDevelopmentExpenses": 0,
        "generalAndAdministrativeExpenses": 0,
        "sellingAndMarketingExpenses": 0,
        "sellingGeneralAndAdministrativeExpenses": 187187000,
        "otherExpenses": 4793000,
        "operatingExpenses": 191980000,
        "costAndExpenses": 357279000,
        "interestIncome": 0,
        "interestExpense": 5345000,
        "depreciationAndAmortization": 4800000,
        "ebitda": -23341000,
        "ebitdaratio": -0.0724952324,
        "operatingIncome": -35313000,
        "operatingIncomeRatio": -0.1096792829,
        "totalOtherIncomeExpensesNet": 1827000,
        "incomeBeforeTax": -33486000,
        "incomeBeforeTaxRatio": -0.1040047707,
        "incomeTaxExpense": -7198000,
        "netIncome": -26529000,
        "netIncomeRatio": -0.0823968991,
        "eps": -0.51,
        "epsdiluted": -0.51,
        "weightedAverageShsOut": 52349000,
        "weightedAverageShsOutDil": 52349000,
        "link": "https://www.sec.gov/Archives/edgar/data/883569/000088356923000030/0000883569-23-000030-index.htm",
        "finalLink": "https://www.sec.gov/Archives/edgar/data/883569/000088356923000030/fosl-20230701.htm"
    },
    {
        "date": "2023-04-01",
        "symbol": "FOSL",
        "reportedCurrency": "USD",
        "cik": "0000883569",
        "fillingDate": "2023-05-11",
        "acceptedDate": "2023-05-11 16:16:47",
        "calendarYear": "2023",
        "period": "Q1",
        "revenue": 325036000,
        "costOfRevenue": 164319000,
        "grossProfit": 160717000,
        "grossProfitRatio": 0.4944590753,
        "researchAndDevelopmentExpenses": 0,
        "generalAndAdministrativeExpenses": 0,
        "sellingAndMarketingExpenses": 0,
        "sellingGeneralAndAdministrativeExpenses": 190873000,
        "otherExpenses": 7152000,
        "operatingExpenses": 198025000,
        "costAndExpenses": 362344000,
        "interestIncome": 0,
        "interestExpense": 5004000,
        "depreciationAndAmortization": 5068000,
        "ebitda": -29507000,
        "ebitdaratio": -0.0907807135,
        "operatingIncome": -37308000,
        "operatingIncomeRatio": -0.1147811319,
        "totalOtherIncomeExpensesNet": -2271000,
        "incomeBeforeTax": -39579000,
        "incomeBeforeTaxRatio": -0.1217680503,
        "incomeTaxExpense": 1603000,
        "netIncome": -41262000,
        "netIncomeRatio": -0.1269459383,
        "eps": -0.79,
        "epsdiluted": -0.79,
        "weightedAverageShsOut": 51840000,
        "weightedAverageShsOutDil": 51840000,
        "link": "https://www.sec.gov/Archives/edgar/data/883569/000088356923000016/0000883569-23-000016-index.htm",
        "finalLink": "https://www.sec.gov/Archives/edgar/data/883569/000088356923000016/fosl-20230401.htm"
    },
    {
        "date": "2022-12-31",
        "symbol": "FOSL",
        "reportedCurrency": "USD",
        "cik": "0000883569",
        "fillingDate": "2023-03-09",
        "acceptedDate": "2023-03-09 16:37:47",
        "calendarYear": "2022",
        "period": "Q4",
        "revenue": 499147000,
        "costOfRevenue": 263750000,
        "grossProfit": 235397000,
        "grossProfitRatio": 0.4715985471,
        "researchAndDevelopmentExpenses": 0,
        "generalAndAdministrativeExpenses": 232033000,
        "sellingAndMarketingExpenses": 0,
        "sellingGeneralAndAdministrativeExpenses": 232033000,
        "otherExpenses": 2100000,
        "operatingExpenses": 234133000,
        "costAndExpenses": 497883000,
        "interestIncome": 0,
        "interestExpense": 5800000,
        "depreciationAndAmortization": 5746000,
        "ebitda": 7509000,
        "ebitdaratio": 0.0150436645,
        "operatingIncome": 1264000,
        "operatingIncomeRatio": 0.0025323201,
        "totalOtherIncomeExpensesNet": -5293000,
        "incomeBeforeTax": -4029000,
        "incomeBeforeTaxRatio": -0.0080717704,
        "incomeTaxExpense": 5496000,
        "netIncome": -9418000,
        "netIncomeRatio": -0.0188681891,
        "eps": -0.18,
        "epsdiluted": -0.18,
        "weightedAverageShsOut": 51800000,
        "weightedAverageShsOutDil": 51800000,
        "link": "https://www.sec.gov/Archives/edgar/data/883569/000088356923000010/0000883569-23-000010-index.htm",
        "finalLink": "https://www.sec.gov/Archives/edgar/data/883569/000088356923000010/fosl-20221231.htm"
    },
    {
        "date": "2022-10-01",
        "symbol": "FOSL",
        "reportedCurrency": "USD",
        "cik": "0000883569",
        "fillingDate": "2022-11-10",
        "acceptedDate": "2022-11-10 16:23:54",
        "calendarYear": "2022",
        "period": "Q3",
        "revenue": 436271000,
        "costOfRevenue": 216651000,
        "grossProfit": 219620000,
        "grossProfitRatio": 0.5034027015,
        "researchAndDevelopmentExpenses": 0,
        "generalAndAdministrativeExpenses": 196530000,
        "sellingAndMarketingExpenses": 0,
        "sellingGeneralAndAdministrativeExpenses": 196530000,
        "otherExpenses": 608000,
        "operatingExpenses": 197138000,
        "costAndExpenses": 413789000,
        "interestIncome": 0,
        "interestExpense": 5127000,
        "depreciationAndAmortization": 5640000,
        "ebitda": 26263000,
        "ebitdaratio": 0.0601988214,
        "operatingIncome": 22482000,
        "operatingIncomeRatio": 0.0515321899,
        "totalOtherIncomeExpensesNet": -6986000,
        "incomeBeforeTax": 15496000,
        "incomeBeforeTaxRatio": 0.0355192071,
        "incomeTaxExpense": 9214000,
        "netIncome": 5849000,
        "netIncomeRatio": 0.0134068045,
        "eps": 0.11,
        "epsdiluted": 0.11,
        "weightedAverageShsOut": 53172727,
        "weightedAverageShsOutDil": 52052000,
        "link": "https://www.sec.gov/Archives/edgar/data/883569/000088356922000035/0000883569-22-000035-index.htm",
        "finalLink": "https://www.sec.gov/Archives/edgar/data/883569/000088356922000035/fosl-20221001.htm"
    },
    {
        "date": "2022-07-02",
        "symbol": "FOSL",
        "reportedCurrency": "USD",
        "cik": "0000883569",
        "fillingDate": "2022-08-11",
        "acceptedDate": "2022-08-11 16:16:56",
        "calendarYear": "2022",
        "period": "Q2",
        "revenue": 371168000,
        "costOfRevenue": 179819000,
        "grossProfit": 191349000,
        "grossProfitRatio": 0.5155320502,
        "researchAndDevelopmentExpenses": 0,
        "generalAndAdministrativeExpenses": 0,
        "sellingAndMarketingExpenses": 0,
        "sellingGeneralAndAdministrativeExpenses": 199233000,
        "otherExpenses": 3052000,
        "operatingExpenses": 202285000,
        "costAndExpenses": 382104000,
        "interestIncome": 0,
        "interestExpense": 4322000,
        "depreciationAndAmortization": 5762000,
        "ebitda": -6848000,
        "ebitdaratio": -0.0184498664,
        "operatingIncome": -10936000,
        "operatingIncomeRatio": -0.0294637469,
        "totalOtherIncomeExpensesNet": -5996000,
        "incomeBeforeTax": -16932000,
        "incomeBeforeTaxRatio": -0.0456181567,
        "incomeTaxExpense": 2003000,
        "netIncome": -19074000,
        "netIncomeRatio": -0.0513891284,
        "eps": -0.37,
        "epsdiluted": -0.37,
        "weightedAverageShsOut": 51551351,
        "weightedAverageShsOutDil": 51707000,
        "link": "https://www.sec.gov/Archives/edgar/data/883569/000088356922000029/0000883569-22-000029-index.htm",
        "finalLink": "https://www.sec.gov/Archives/edgar/data/883569/000088356922000029/fosl-20220702.htm"
    },
    {
        "date": "2022-04-02",
        "symbol": "FOSL",
        "reportedCurrency": "USD",
        "cik": "0000883569",
        "fillingDate": "2022-05-12",
        "acceptedDate": "2022-05-12 13:06:23",
        "calendarYear": "2022",
        "period": "Q1",
        "revenue": 375853000,
        "costOfRevenue": 191540000,
        "grossProfit": 184313000,
        "grossProfitRatio": 0.4903858689,
        "researchAndDevelopmentExpenses": 0,
        "generalAndAdministrativeExpenses": 0,
        "sellingAndMarketingExpenses": 0,
        "sellingGeneralAndAdministrativeExpenses": 195758000,
        "otherExpenses": 2837000,
        "operatingExpenses": 198595000,
        "costAndExpenses": 390135000,
        "interestIncome": 0,
        "interestExpense": 3997000,
        "depreciationAndAmortization": 6185000,
        "ebitda": -6479000,
        "ebitdaratio": -0.0172381224,
        "operatingIncome": -14282000,
        "operatingIncomeRatio": -0.0379988985,
        "totalOtherIncomeExpensesNet": -2379000,
        "incomeBeforeTax": -16661000,
        "incomeBeforeTaxRatio": -0.0443285008,
        "incomeTaxExpense": 4687000,
        "netIncome": -21514000,
        "netIncomeRatio": -0.0572404637,
        "eps": -0.41,
        "epsdiluted": -0.41,
        "weightedAverageShsOut": 51999000,
        "weightedAverageShsOutDil": 51999000,
        "link": "https://www.sec.gov/Archives/edgar/data/883569/000088356922000013/0000883569-22-000013-index.htm",
        "finalLink": "https://www.sec.gov/Archives/edgar/data/883569/000088356922000013/fosl-20220402.htm"
    },
    {
        "date": "2021-12-31",
        "symbol": "FOSL",
        "reportedCurrency": "USD",
        "cik": "0000883569",
        "fillingDate": "2022-03-10",
        "acceptedDate": "2022-03-10 16:20:28",
        "calendarYear": "2021",
        "period": "Q4",
        "revenue": 604228000,
        "costOfRevenue": 301805000,
        "grossProfit": 302423000,
        "grossProfitRatio": 0.5005113964,
        "researchAndDevelopmentExpenses": 0,
        "generalAndAdministrativeExpenses": 0,
        "sellingAndMarketingExpenses": 0,
        "sellingGeneralAndAdministrativeExpenses": 249103000,
        "otherExpenses": 6082000,
        "operatingExpenses": 255185000,
        "costAndExpenses": 556990000,
        "interestIncome": 0,
        "interestExpense": 4800000,
        "depreciationAndAmortization": 6196000,
        "ebitda": 38052000,
        "ebitdaratio": 0.0629762275,
        "operatingIncome": 47238000,
        "operatingIncomeRatio": 0.078179098,
        "totalOtherIncomeExpensesNet": -20184000,
        "incomeBeforeTax": 27054000,
        "incomeBeforeTaxRatio": 0.0447744891,
        "incomeTaxExpense": 7250000,
        "netIncome": 19646000,
        "netIncomeRatio": 0.0325142165,
        "eps": 0.38,
        "epsdiluted": 0.37,
        "weightedAverageShsOut": 52100000,
        "weightedAverageShsOutDil": 52900000,
        "link": "https://www.sec.gov/Archives/edgar/data/883569/000088356922000006/0000883569-22-000006-index.htm",
        "finalLink": "https://www.sec.gov/Archives/edgar/data/883569/000088356922000006/fosl-20220101.htm"
    },
    {
        "date": "2021-10-02",
        "symbol": "FOSL",
        "reportedCurrency": "USD",
        "cik": "0000883569",
        "fillingDate": "2021-11-12",
        "acceptedDate": "2021-11-12 07:59:06",
        "calendarYear": "2021",
        "period": "Q3",
        "revenue": 491827000,
        "costOfRevenue": 232305000,
        "grossProfit": 259522000,
        "grossProfitRatio": 0.5276692821,
        "researchAndDevelopmentExpenses": 0,
        "generalAndAdministrativeExpenses": 207123000,
        "sellingAndMarketingExpenses": 0,
        "sellingGeneralAndAdministrativeExpenses": 207123000,
        "otherExpenses": 4593000,
        "operatingExpenses": 211716000,
        "costAndExpenses": 444021000,
        "interestIncome": 0,
        "interestExpense": 6422000,
        "depreciationAndAmortization": 6978000,
        "ebitda": 54302000,
        "ebitdaratio": 0.1104087413,
        "operatingIncome": 47806000,
        "operatingIncomeRatio": 0.097200845,
        "totalOtherIncomeExpensesNet": -6904000,
        "incomeBeforeTax": 40902000,
        "incomeBeforeTaxRatio": 0.0831633888,
        "incomeTaxExpense": 8978000,
        "netIncome": 31420000,
        "netIncomeRatio": 0.063884252,
        "eps": 0.6,
        "epsdiluted": 0.6,
        "weightedAverageShsOut": 52141000,
        "weightedAverageShsOutDil": 52766000,
        "link": "https://www.sec.gov/Archives/edgar/data/883569/000088356921000046/0000883569-21-000046-index.htm",
        "finalLink": "https://www.sec.gov/Archives/edgar/data/883569/000088356921000046/fosl-20211002.htm"
    },
    {
        "date": "2021-07-03",
        "symbol": "FOSL",
        "reportedCurrency": "USD",
        "cik": "0000883569",
        "fillingDate": "2021-08-12",
        "acceptedDate": "2021-08-12 16:18:45",
        "calendarYear": "2021",
        "period": "Q2",
        "revenue": 410939000,
        "costOfRevenue": 189100000,
        "grossProfit": 221839000,
        "grossProfitRatio": 0.5398343793,
        "researchAndDevelopmentExpenses": 0,
        "generalAndAdministrativeExpenses": 0,
        "sellingAndMarketingExpenses": 0,
        "sellingGeneralAndAdministrativeExpenses": 200480000,
        "otherExpenses": 7012000,
        "operatingExpenses": 207492000,
        "costAndExpenses": 396592000,
        "interestIncome": 0,
        "interestExpense": 6531000,
        "depreciationAndAmortization": 7499000,
        "ebitda": 21346000,
        "ebitdaratio": 0.0519444492,
        "operatingIncome": 14347000,
        "operatingIncomeRatio": 0.0349127243,
        "totalOtherIncomeExpensesNet": -7031000,
        "incomeBeforeTax": 7316000,
        "incomeBeforeTaxRatio": 0.0178031289,
        "incomeTaxExpense": 8081000,
        "netIncome": -1192000,
        "netIncomeRatio": -0.0029006738,
        "eps": -0.0231,
        "epsdiluted": -0.0231,
        "weightedAverageShsOut": 52000000,
        "weightedAverageShsOutDil": 52040000,
        "link": "https://www.sec.gov/Archives/edgar/data/883569/000088356921000037/0000883569-21-000037-index.htm",
        "finalLink": "https://www.sec.gov/Archives/edgar/data/883569/000088356921000037/fosl-20210703.htm"
    },
    {
        "date": "2021-04-03",
        "symbol": "FOSL",
        "reportedCurrency": "USD",
        "cik": "0000883569",
        "fillingDate": "2021-05-13",
        "acceptedDate": "2021-05-13 16:16:33",
        "calendarYear": "2021",
        "period": "Q1",
        "revenue": 363042000,
        "costOfRevenue": 180453000,
        "grossProfit": 182589000,
        "grossProfitRatio": 0.5029418084,
        "researchAndDevelopmentExpenses": 0,
        "generalAndAdministrativeExpenses": 0,
        "sellingAndMarketingExpenses": 0,
        "sellingGeneralAndAdministrativeExpenses": 187324000,
        "otherExpenses": 12020000,
        "operatingExpenses": 199344000,
        "costAndExpenses": 379797000,
        "interestIncome": 0,
        "interestExpense": 7331000,
        "depreciationAndAmortization": 8933000,
        "ebitda": -5958000,
        "ebitdaratio": -0.0164113243,
        "operatingIncome": -16755000,
        "operatingIncomeRatio": -0.0461516849,
        "totalOtherIncomeExpensesNet": -5467000,
        "incomeBeforeTax": -22222000,
        "incomeBeforeTaxRatio": -0.0612105486,
        "incomeTaxExpense": 2117000,
        "netIncome": -24440000,
        "netIncomeRatio": -0.0673200346,
        "eps": -0.47,
        "epsdiluted": -0.47,
        "weightedAverageShsOut": 51500000,
        "weightedAverageShsOutDil": 51519000,
        "link": "https://www.sec.gov/Archives/edgar/data/883569/000088356921000021/0000883569-21-000021-index.htm",
        "finalLink": "https://www.sec.gov/Archives/edgar/data/883569/000088356921000021/fosl-20210403.htm"
    },
    {
        "date": "2020-12-31",
        "symbol": "FOSL",
        "reportedCurrency": "USD",
        "cik": "0000883569",
        "fillingDate": "2021-03-12",
        "acceptedDate": "2021-03-12 16:14:31",
        "calendarYear": "2020",
        "period": "Q4",
        "revenue": 528125000,
        "costOfRevenue": 268491000,
        "grossProfit": 259634000,
        "grossProfitRatio": 0.4916146746,
        "researchAndDevelopmentExpenses": 0,
        "generalAndAdministrativeExpenses": 0,
        "sellingAndMarketingExpenses": 0,
        "sellingGeneralAndAdministrativeExpenses": 230430000,
        "otherExpenses": 10888000,
        "operatingExpenses": 241318000,
        "costAndExpenses": 509809000,
        "interestIncome": 0,
        "interestExpense": 8400000,
        "depreciationAndAmortization": 10011000,
        "ebitda": 29910000,
        "ebitdaratio": 0.0566343195,
        "operatingIncome": 18316000,
        "operatingIncomeRatio": 0.0346811834,
        "totalOtherIncomeExpensesNet": -6868000,
        "incomeBeforeTax": 11448000,
        "incomeBeforeTaxRatio": 0.0216766864,
        "incomeTaxExpense": 15207000,
        "netIncome": -3958000,
        "netIncomeRatio": -0.0074944379,
        "eps": -0.0757,
        "epsdiluted": -0.0757,
        "weightedAverageShsOut": 51500000,
        "weightedAverageShsOutDil": 51500000,
        "link": "https://www.sec.gov/Archives/edgar/data/883569/000088356921000010/0000883569-21-000010-index.htm",
        "finalLink": "https://www.sec.gov/Archives/edgar/data/883569/000088356921000010/fosl-20210102.htm"
    },
    {
        "date": "2020-10-03",
        "symbol": "FOSL",
        "reportedCurrency": "USD",
        "cik": "0000883569",
        "fillingDate": "2020-11-12",
        "acceptedDate": "2020-11-12 16:11:27",
        "calendarYear": "2020",
        "period": "Q3",
        "revenue": 435492000,
        "costOfRevenue": 205726000,
        "grossProfit": 229766000,
        "grossProfitRatio": 0.5276009663,
        "researchAndDevelopmentExpenses": 0,
        "generalAndAdministrativeExpenses": 0,
        "sellingAndMarketingExpenses": 0,
        "sellingGeneralAndAdministrativeExpenses": 201987000,
        "otherExpenses": 10268000,
        "operatingExpenses": 212255000,
        "costAndExpenses": 417981000,
        "interestIncome": 0,
        "interestExpense": 8047000,
        "depreciationAndAmortization": 10256000,
        "ebitda": 27767000,
        "ebitdaratio": 0.0637600691,
        "operatingIncome": 17511000,
        "operatingIncomeRatio": 0.0402096939,
        "totalOtherIncomeExpensesNet": -8047000,
        "incomeBeforeTax": 9464000,
        "incomeBeforeTaxRatio": 0.0217317425,
        "incomeTaxExpense": -6759000,
        "netIncome": 15987000,
        "netIncomeRatio": 0.0367102036,
        "eps": 0.31,
        "epsdiluted": 0.31,
        "weightedAverageShsOut": 51299000,
        "weightedAverageShsOutDil": 51754000,
        "link": "https://www.sec.gov/Archives/edgar/data/883569/000088356920000058/0000883569-20-000058-index.htm",
        "finalLink": "https://www.sec.gov/Archives/edgar/data/883569/000088356920000058/fosl-20201003.htm"
    },
    {
        "date": "2020-07-04",
        "symbol": "FOSL",
        "reportedCurrency": "USD",
        "cik": "0000883569",
        "fillingDate": "2020-08-13",
        "acceptedDate": "2020-08-13 16:36:27",
        "calendarYear": "2020",
        "period": "Q2",
        "revenue": 259009000,
        "costOfRevenue": 118413000,
        "grossProfit": 140596000,
        "grossProfitRatio": 0.5428228363,
        "researchAndDevelopmentExpenses": 0,
        "generalAndAdministrativeExpenses": 0,
        "sellingAndMarketingExpenses": 0,
        "sellingGeneralAndAdministrativeExpenses": 163503000,
        "otherExpenses": 13898000,
        "operatingExpenses": 177401000,
        "costAndExpenses": 295814000,
        "interestIncome": 0,
        "interestExpense": 7874000,
        "depreciationAndAmortization": 10680000,
        "ebitda": -25246000,
        "ebitdaratio": -0.0974715164,
        "operatingIncome": -36805000,
        "operatingIncomeRatio": -0.1420993093,
        "totalOtherIncomeExpensesNet": -6995000,
        "incomeBeforeTax": -43800000,
        "incomeBeforeTaxRatio": -0.1691060928,
        "incomeTaxExpense": -20840000,
        "netIncome": -22543000,
        "netIncomeRatio": -0.0870355856,
        "eps": -0.44,
        "epsdiluted": -0.44,
        "weightedAverageShsOut": 51189000,
        "weightedAverageShsOutDil": 51189000,
        "link": "https://www.sec.gov/Archives/edgar/data/883569/000088356920000051/0000883569-20-000051-index.htm",
        "finalLink": "https://www.sec.gov/Archives/edgar/data/883569/000088356920000051/fosl-q2742020.htm"
    },
    {
        "date": "2020-04-04",
        "symbol": "FOSL",
        "reportedCurrency": "USD",
        "cik": "0000883569",
        "fillingDate": "2020-06-10",
        "acceptedDate": "2020-06-10 16:06:21",
        "calendarYear": "2020",
        "period": "Q1",
        "revenue": 390718000,
        "costOfRevenue": 250358000,
        "grossProfit": 140360000,
        "grossProfitRatio": 0.3592360731,
        "researchAndDevelopmentExpenses": 0,
        "generalAndAdministrativeExpenses": 0,
        "sellingAndMarketingExpenses": 0,
        "sellingGeneralAndAdministrativeExpenses": 245719000,
        "otherExpenses": 28982000,
        "operatingExpenses": 274701000,
        "costAndExpenses": 525059000,
        "interestIncome": 0,
        "interestExpense": 7464000,
        "depreciationAndAmortization": 12187000,
        "ebitda": -129444000,
        "ebitdaratio": -0.3312977646,
        "operatingIncome": -134341000,
        "operatingIncomeRatio": -0.3438311007,
        "totalOtherIncomeExpensesNet": -14754000,
        "incomeBeforeTax": -149095000,
        "incomeBeforeTaxRatio": -0.3815923505,
        "incomeTaxExpense": -63651000,
        "netIncome": -85581000,
        "netIncomeRatio": -0.2190352121,
        "eps": -1.69,
        "epsdiluted": -1.69,
        "weightedAverageShsOut": 50566000,
        "weightedAverageShsOutDil": 50566000,
        "link": "https://www.sec.gov/Archives/edgar/data/883569/000088356920000032/0000883569-20-000032-index.htm",
        "finalLink": "https://www.sec.gov/Archives/edgar/data/883569/000088356920000032/fosl-q1442020.htm"
    },
    {
        "date": "2019-12-31",
        "symbol": "FOSL",
        "reportedCurrency": "USD",
        "cik": "0000883569",
        "fillingDate": "2020-02-27",
        "acceptedDate": "2020-02-27 16:13:55",
        "calendarYear": "2019",
        "period": "Q4",
        "revenue": 711563000,
        "costOfRevenue": 403701000,
        "grossProfit": 307862000,
        "grossProfitRatio": 0.4326559981,
        "researchAndDevelopmentExpenses": 0,
        "generalAndAdministrativeExpenses": 0,
        "sellingAndMarketingExpenses": 0,
        "sellingGeneralAndAdministrativeExpenses": 303676000,
        "otherExpenses": 5153000,
        "operatingExpenses": 308829000,
        "costAndExpenses": 712530000,
        "interestIncome": 0,
        "interestExpense": 7000000,
        "depreciationAndAmortization": 12938000,
        "ebitda": 13960000,
        "ebitdaratio": 0.0196187829,
        "operatingIncome": -967000,
        "operatingIncomeRatio": -0.0013589802,
        "totalOtherIncomeExpensesNet": -5046000,
        "incomeBeforeTax": -6013000,
        "incomeBeforeTaxRatio": -0.0084504113,
        "incomeTaxExpense": 690000,
        "netIncome": -6877000,
        "netIncomeRatio": -0.0096646397,
        "eps": -0.14,
        "epsdiluted": -0.14,
        "weightedAverageShsOut": 50500000,
        "weightedAverageShsOutDil": 50500000,
        "link": "https://www.sec.gov/Archives/edgar/data/883569/000088356920000006/0000883569-20-000006-index.htm",
        "finalLink": "https://www.sec.gov/Archives/edgar/data/883569/000088356920000006/fosl-20191228x10k.htm"
    },
    {
        "date": "2019-09-28",
        "symbol": "FOSL",
        "reportedCurrency": "USD",
        "cik": "0000883569",
        "fillingDate": "2019-11-07",
        "acceptedDate": "2019-11-07 16:21:57",
        "calendarYear": "2019",
        "period": "Q3",
        "revenue": 539488000,
        "costOfRevenue": 260946000,
        "grossProfit": 278542000,
        "grossProfitRatio": 0.516308055,
        "researchAndDevelopmentExpenses": 0,
        "generalAndAdministrativeExpenses": 0,
        "sellingAndMarketingExpenses": 0,
        "sellingGeneralAndAdministrativeExpenses": 264103000,
        "otherExpenses": 23592000,
        "operatingExpenses": 287695000,
        "costAndExpenses": 548641000,
        "interestIncome": 0,
        "interestExpense": 7422000,
        "depreciationAndAmortization": 13542000,
        "ebitda": 2965000,
        "ebitdaratio": 0.0054959517,
        "operatingIncome": -9153000,
        "operatingIncomeRatio": -0.0169660864,
        "totalOtherIncomeExpensesNet": -8846000,
        "incomeBeforeTax": -17999000,
        "incomeBeforeTaxRatio": -0.0333631147,
        "incomeTaxExpense": 6939000,
        "netIncome": -25935000,
        "netIncomeRatio": -0.0480733584,
        "eps": -0.51,
        "epsdiluted": -0.51,
        "weightedAverageShsOut": 50469000,
        "weightedAverageShsOutDil": 50469000,
        "link": "https://www.sec.gov/Archives/edgar/data/883569/000088356919000045/0000883569-19-000045-index.htm",
        "finalLink": "https://www.sec.gov/Archives/edgar/data/883569/000088356919000045/fosl-q39282019.htm"
    },
    {
        "date": "2019-06-29",
        "symbol": "FOSL",
        "reportedCurrency": "USD",
        "cik": "0000883569",
        "fillingDate": "2019-08-08",
        "acceptedDate": "2019-08-08 16:24:00",
        "calendarYear": "2019",
        "period": "Q2",
        "revenue": 501393000,
        "costOfRevenue": 236285000,
        "grossProfit": 265108000,
        "grossProfitRatio": 0.5287429222,
        "researchAndDevelopmentExpenses": 0,
        "generalAndAdministrativeExpenses": 0,
        "sellingAndMarketingExpenses": 0,
        "sellingGeneralAndAdministrativeExpenses": 256110000,
        "otherExpenses": 7317000,
        "operatingExpenses": 263427000,
        "costAndExpenses": 499712000,
        "interestIncome": 0,
        "interestExpense": 7353000,
        "depreciationAndAmortization": 13873000,
        "ebitda": 16061000,
        "ebitdaratio": 0.0320327567,
        "operatingIncome": 1681000,
        "operatingIncomeRatio": 0.0033526595,
        "totalOtherIncomeExpensesNet": -6846000,
        "incomeBeforeTax": -5165000,
        "incomeBeforeTaxRatio": -0.0103013006,
        "incomeTaxExpense": 1444000,
        "netIncome": -7311000,
        "netIncomeRatio": -0.0145813763,
        "eps": -0.15,
        "epsdiluted": -0.15,
        "weightedAverageShsOut": 48740000,
        "weightedAverageShsOutDil": 50326000,
        "link": "https://www.sec.gov/Archives/edgar/data/883569/000088356919000031/0000883569-19-000031-index.htm",
        "finalLink": "https://www.sec.gov/Archives/edgar/data/883569/000088356919000031/fosl-q26292019.htm"
    },
    {
        "date": "2019-03-30",
        "symbol": "FOSL",
        "reportedCurrency": "USD",
        "cik": "0000883569",
        "fillingDate": "2019-05-09",
        "acceptedDate": "2019-05-09 16:13:32",
        "calendarYear": "2019",
        "period": "Q1",
        "revenue": 465268000,
        "costOfRevenue": 217341000,
        "grossProfit": 247927000,
        "grossProfitRatio": 0.5328692281,
        "researchAndDevelopmentExpenses": 0,
        "generalAndAdministrativeExpenses": 0,
        "sellingAndMarketingExpenses": 0,
        "sellingGeneralAndAdministrativeExpenses": 257684000,
        "otherExpenses": 10187000,
        "operatingExpenses": 267871000,
        "costAndExpenses": 485212000,
        "interestIncome": 0,
        "interestExpense": 8122000,
        "depreciationAndAmortization": 14439000,
        "ebitda": 20407000,
        "ebitdaratio": 0.0438607426,
        "operatingIncome": -19944000,
        "operatingIncomeRatio": -0.0428656172,
        "totalOtherIncomeExpensesNet": 17790000,
        "incomeBeforeTax": -2154000,
        "incomeBeforeTaxRatio": -0.0046295898,
        "incomeTaxExpense": 9608000,
        "netIncome": -12242000,
        "netIncomeRatio": -0.0263117171,
        "eps": -0.25,
        "epsdiluted": -0.25,
        "weightedAverageShsOut": 48968000,
        "weightedAverageShsOutDil": 49618000,
        "link": "https://www.sec.gov/Archives/edgar/data/883569/000088356919000017/0000883569-19-000017-index.htm",
        "finalLink": "https://www.sec.gov/Archives/edgar/data/883569/000088356919000017/fosl-q13302019.htm"
    },
    {
        "date": "2018-12-31",
        "symbol": "FOSL",
        "reportedCurrency": "USD",
        "cik": "0000883569",
        "fillingDate": "2019-02-21",
        "acceptedDate": "2019-02-20 17:32:53",
        "calendarYear": "2018",
        "period": "Q4",
        "revenue": 786922000,
        "costOfRevenue": 370018000,
        "grossProfit": 416904000,
        "grossProfitRatio": 0.5297907544,
        "researchAndDevelopmentExpenses": 0,
        "generalAndAdministrativeExpenses": 344900000,
        "sellingAndMarketingExpenses": -10000,
        "sellingGeneralAndAdministrativeExpenses": 344890000,
        "otherExpenses": 4688000,
        "operatingExpenses": 349578000,
        "costAndExpenses": 719596000,
        "interestIncome": 0,
        "interestExpense": 10800000,
        "depreciationAndAmortization": 20430000,
        "ebitda": 93056000,
        "ebitdaratio": 0.1182531433,
        "operatingIncome": 67326000,
        "operatingIncomeRatio": 0.0855561288,
        "totalOtherIncomeExpensesNet": -5545000,
        "incomeBeforeTax": 61781000,
        "incomeBeforeTaxRatio": 0.0785096871,
        "incomeTaxExpense": 13899000,
        "netIncome": 47589000,
        "netIncomeRatio": 0.0604748628,
        "eps": 0.96,
        "epsdiluted": 0.94,
        "weightedAverageShsOut": 49500000,
        "weightedAverageShsOutDil": 50600000,
        "link": "https://www.sec.gov/Archives/edgar/data/883569/000088356919000008/0000883569-19-000008-index.htm",
        "finalLink": "https://www.sec.gov/Archives/edgar/data/883569/000088356919000008/fosl-20181229x10k.htm"
    },
    {
        "date": "2018-09-29",
        "symbol": "FOSL",
        "reportedCurrency": "USD",
        "cik": "0000883569",
        "fillingDate": "2018-11-08",
        "acceptedDate": "2018-11-08 16:14:28",
        "calendarYear": "2018",
        "period": "Q3",
        "revenue": 608827000,
        "costOfRevenue": 282295000,
        "grossProfit": 326532000,
        "grossProfitRatio": 0.5363296963,
        "researchAndDevelopmentExpenses": 0,
        "generalAndAdministrativeExpenses": 0,
        "sellingAndMarketingExpenses": 0,
        "sellingGeneralAndAdministrativeExpenses": 297804000,
        "otherExpenses": 6075000,
        "operatingExpenses": 303879000,
        "costAndExpenses": 586174000,
        "interestIncome": 0,
        "interestExpense": 9899000,
        "depreciationAndAmortization": 16062000,
        "ebitda": 35820000,
        "ebitdaratio": 0.0588344472,
        "operatingIncome": 22653000,
        "operatingIncomeRatio": 0.037207614,
        "totalOtherIncomeExpensesNet": -12794000,
        "incomeBeforeTax": 9859000,
        "incomeBeforeTaxRatio": 0.0161934343,
        "incomeTaxExpense": 3937000,
        "netIncome": 5006000,
        "netIncomeRatio": 0.0082223686,
        "eps": 0.1,
        "epsdiluted": 0.1,
        "weightedAverageShsOut": 49381000,
        "weightedAverageShsOutDil": 50659000,
        "link": "https://www.sec.gov/Archives/edgar/data/883569/000088356918000038/0000883569-18-000038-index.htm",
        "finalLink": "https://www.sec.gov/Archives/edgar/data/883569/000088356918000038/fosl-q39292018.htm"
    },
    {
        "date": "2018-06-30",
        "symbol": "FOSL",
        "reportedCurrency": "USD",
        "cik": "0000883569",
        "fillingDate": "2018-08-09",
        "acceptedDate": "2018-08-09 16:37:49",
        "calendarYear": "2018",
        "period": "Q2",
        "revenue": 576583000,
        "costOfRevenue": 267574000,
        "grossProfit": 309009000,
        "grossProfitRatio": 0.5359315138,
        "researchAndDevelopmentExpenses": 0,
        "generalAndAdministrativeExpenses": 0,
        "sellingAndMarketingExpenses": 0,
        "sellingGeneralAndAdministrativeExpenses": 287235000,
        "otherExpenses": 20761000,
        "operatingExpenses": 307996000,
        "costAndExpenses": 575570000,
        "interestIncome": 0,
        "interestExpense": 11067000,
        "depreciationAndAmortization": 15073000,
        "ebitda": 15531000,
        "ebitdaratio": 0.026936278,
        "operatingIncome": 1013000,
        "operatingIncomeRatio": 0.0017569023,
        "totalOtherIncomeExpensesNet": -11622000,
        "incomeBeforeTax": -10609000,
        "incomeBeforeTaxRatio": -0.0183997794,
        "incomeTaxExpense": -3372000,
        "netIncome": -7800000,
        "netIncomeRatio": -0.0135279743,
        "eps": -0.16,
        "epsdiluted": -0.16,
        "weightedAverageShsOut": 48750000,
        "weightedAverageShsOutDil": 49228000,
        "link": "https://www.sec.gov/Archives/edgar/data/883569/000088356918000030/0000883569-18-000030-index.htm",
        "finalLink": "https://www.sec.gov/Archives/edgar/data/883569/000088356918000030/fosl-q26302018.htm"
    },
    {
        "date": "2018-03-31",
        "symbol": "FOSL",
        "reportedCurrency": "USD",
        "cik": "0000883569",
        "fillingDate": "2018-05-10",
        "acceptedDate": "2018-05-10 16:13:54",
        "calendarYear": "2018",
        "period": "Q1",
        "revenue": 569156000,
        "costOfRevenue": 281465000,
        "grossProfit": 287691000,
        "grossProfitRatio": 0.5054695022,
        "researchAndDevelopmentExpenses": 0,
        "generalAndAdministrativeExpenses": 0,
        "sellingAndMarketingExpenses": 0,
        "sellingGeneralAndAdministrativeExpenses": 294654000,
        "otherExpenses": 21318000,
        "operatingExpenses": 315972000,
        "costAndExpenses": 597437000,
        "interestIncome": 0,
        "interestExpense": 10691000,
        "depreciationAndAmortization": 16019000,
        "ebitda": -14150000,
        "ebitdaratio": -0.0248613737,
        "operatingIncome": -28281000,
        "operatingIncomeRatio": -0.0496893646,
        "totalOtherIncomeExpensesNet": -12579000,
        "incomeBeforeTax": -40860000,
        "incomeBeforeTaxRatio": -0.0717905109,
        "incomeTaxExpense": 6645000,
        "netIncome": -48273000,
        "netIncomeRatio": -0.0848150595,
        "eps": -0.99,
        "epsdiluted": -0.99,
        "weightedAverageShsOut": 48712000,
        "weightedAverageShsOutDil": 48712000,
        "link": "https://www.sec.gov/Archives/edgar/data/883569/000088356918000017/0000883569-18-000017-index.htm",
        "finalLink": "https://www.sec.gov/Archives/edgar/data/883569/000088356918000017/fosl-q13312018.htm"
    },
    {
        "date": "2017-12-31",
        "symbol": "FOSL",
        "reportedCurrency": "USD",
        "cik": "0000883569",
        "fillingDate": "2018-03-02",
        "acceptedDate": "2018-03-02 17:00:56",
        "calendarYear": "2017",
        "period": "Q4",
        "revenue": 920805000,
        "costOfRevenue": 472724000,
        "grossProfit": 448081000,
        "grossProfitRatio": 0.4866187738,
        "researchAndDevelopmentExpenses": 0,
        "generalAndAdministrativeExpenses": 0,
        "sellingAndMarketingExpenses": 0,
        "sellingGeneralAndAdministrativeExpenses": 390486000,
        "otherExpenses": 6353000,
        "operatingExpenses": 396839000,
        "costAndExpenses": 869563000,
        "interestIncome": 0,
        "interestExpense": 11100000,
        "depreciationAndAmortization": 19447000,
        "ebitda": 72924000,
        "ebitdaratio": 0.079195921,
        "operatingIncome": 51242000,
        "operatingIncomeRatio": 0.0556491331,
        "totalOtherIncomeExpensesNet": -8883000,
        "incomeBeforeTax": 42359000,
        "incomeBeforeTaxRatio": 0.0460021394,
        "incomeTaxExpense": 120551000,
        "netIncome": -79874000,
        "netIncomeRatio": -0.0867436645,
        "eps": -1.65,
        "epsdiluted": -1.64,
        "weightedAverageShsOut": 48396077,
        "weightedAverageShsOutDil": 48600000,
        "link": "https://www.sec.gov/Archives/edgar/data/883569/000088356918000010/0000883569-18-000010-index.htm",
        "finalLink": "https://www.sec.gov/Archives/edgar/data/883569/000088356918000010/fosl-20171230x10k.htm"
    },
    {
        "date": "2017-09-30",
        "symbol": "FOSL",
        "reportedCurrency": "USD",
        "cik": "0000883569",
        "fillingDate": "2017-11-09",
        "acceptedDate": "2017-11-09 16:23:16",
        "calendarYear": "2017",
        "period": "Q3",
        "revenue": 688722000,
        "costOfRevenue": 368829000,
        "grossProfit": 319893000,
        "grossProfitRatio": 0.4644733289,
        "researchAndDevelopmentExpenses": 0,
        "generalAndAdministrativeExpenses": 0,
        "sellingAndMarketingExpenses": 0,
        "sellingGeneralAndAdministrativeExpenses": 314623000,
        "otherExpenses": 5769000,
        "operatingExpenses": 320392000,
        "costAndExpenses": 689221000,
        "interestIncome": 0,
        "interestExpense": 12054000,
        "depreciationAndAmortization": 19441000,
        "ebitda": 22802000,
        "ebitdaratio": 0.033107698,
        "operatingIncome": -499000,
        "operatingIncomeRatio": -0.0007245304,
        "totalOtherIncomeExpensesNet": -8210000,
        "incomeBeforeTax": -8709000,
        "incomeBeforeTaxRatio": -0.0126451602,
        "incomeTaxExpense": -3230000,
        "netIncome": -5399000,
        "netIncomeRatio": -0.0078391572,
        "eps": -0.11,
        "epsdiluted": -0.11,
        "weightedAverageShsOut": 48521000,
        "weightedAverageShsOutDil": 48521000,
        "link": "https://www.sec.gov/Archives/edgar/data/883569/000088356917000047/0000883569-17-000047-index.htm",
        "finalLink": "https://www.sec.gov/Archives/edgar/data/883569/000088356917000047/fosl-q39302017.htm"
    },
    {
        "date": "2017-07-01",
        "symbol": "FOSL",
        "reportedCurrency": "USD",
        "cik": "0000883569",
        "fillingDate": "2017-08-10",
        "acceptedDate": "2017-08-10 16:40:41",
        "calendarYear": "2017",
        "period": "Q2",
        "revenue": 596846000,
        "costOfRevenue": 295499000,
        "grossProfit": 301347000,
        "grossProfitRatio": 0.5048990862,
        "researchAndDevelopmentExpenses": 0,
        "generalAndAdministrativeExpenses": 0,
        "sellingAndMarketingExpenses": 0,
        "sellingGeneralAndAdministrativeExpenses": 314210000,
        "otherExpenses": 416893000,
        "operatingExpenses": 731103000,
        "costAndExpenses": 1026602000,
        "interestIncome": 0,
        "interestExpense": 11558000,
        "depreciationAndAmortization": 21199000,
        "ebitda": -406555000,
        "ebitdaratio": -0.6811723627,
        "operatingIncome": -429756000,
        "operatingIncomeRatio": -0.7200450367,
        "totalOtherIncomeExpensesNet": -9639000,
        "incomeBeforeTax": -439395000,
        "incomeBeforeTaxRatio": -0.7361949314,
        "incomeTaxExpense": -96296000,
        "netIncome": -344712000,
        "netIncomeRatio": -0.5775560195,
        "eps": -7.11,
        "epsdiluted": -7.11,
        "weightedAverageShsOut": 48482700,
        "weightedAverageShsOutDil": 48484000,
        "link": "https://www.sec.gov/Archives/edgar/data/883569/000088356917000033/0000883569-17-000033-index.htm",
        "finalLink": "https://www.sec.gov/Archives/edgar/data/883569/000088356917000033/fosl-q2712017.htm"
    },
    {
        "date": "2017-04-01",
        "symbol": "FOSL",
        "reportedCurrency": "USD",
        "cik": "0000883569",
        "fillingDate": "2017-05-11",
        "acceptedDate": "2017-05-11 16:44:18",
        "calendarYear": "2017",
        "period": "Q1",
        "revenue": 581790000,
        "costOfRevenue": 292271000,
        "grossProfit": 289519000,
        "grossProfitRatio": 0.4976348854,
        "researchAndDevelopmentExpenses": 0,
        "generalAndAdministrativeExpenses": 0,
        "sellingAndMarketingExpenses": 0,
        "sellingGeneralAndAdministrativeExpenses": 308498000,
        "otherExpenses": 26284000,
        "operatingExpenses": 334782000,
        "costAndExpenses": 627053000,
        "interestIncome": 0,
        "interestExpense": 8226000,
        "depreciationAndAmortization": 20886000,
        "ebitda": -18739000,
        "ebitdaratio": -0.0322092164,
        "operatingIncome": -45263000,
        "operatingIncomeRatio": -0.0777995497,
        "totalOtherIncomeExpensesNet": -2746000,
        "incomeBeforeTax": -48009000,
        "incomeBeforeTaxRatio": -0.0825194658,
        "incomeTaxExpense": -1220000,
        "netIncome": -48186000,
        "netIncomeRatio": -0.0828236993,
        "eps": -1,
        "epsdiluted": -1,
        "weightedAverageShsOut": 48186000,
        "weightedAverageShsOutDil": 48313000,
        "link": "https://www.sec.gov/Archives/edgar/data/883569/000088356917000020/0000883569-17-000020-index.htm",
        "finalLink": "https://www.sec.gov/Archives/edgar/data/883569/000088356917000020/fosl-q1412017.htm"
    },
    {
        "date": "2016-12-31",
        "symbol": "FOSL",
        "reportedCurrency": "USD",
        "cik": "0000883569",
        "fillingDate": "2017-03-01",
        "acceptedDate": "2017-03-01 16:18:18",
        "calendarYear": "2016",
        "period": "Q4",
        "revenue": 959165000,
        "costOfRevenue": 470146000,
        "grossProfit": 489019000,
        "grossProfitRatio": 0.5098382447,
        "researchAndDevelopmentExpenses": 0,
        "generalAndAdministrativeExpenses": 0,
        "sellingAndMarketingExpenses": 0,
        "sellingGeneralAndAdministrativeExpenses": 409598000,
        "otherExpenses": 13305000,
        "operatingExpenses": 422903000,
        "costAndExpenses": 893049000,
        "interestIncome": 0,
        "interestExpense": 7500000,
        "depreciationAndAmortization": 21394000,
        "ebitda": 95164000,
        "ebitdaratio": 0.0992154634,
        "operatingIncome": 66116000,
        "operatingIncomeRatio": 0.0689307888,
        "totalOtherIncomeExpensesNet": 146000,
        "incomeBeforeTax": 66262000,
        "incomeBeforeTaxRatio": 0.0690830045,
        "incomeTaxExpense": 15475000,
        "netIncome": 49698000,
        "netIncomeRatio": 0.0518138172,
        "eps": 1.03,
        "epsdiluted": 1.03,
        "weightedAverageShsOut": 48200000,
        "weightedAverageShsOutDil": 48400000,
        "link": "https://www.sec.gov/Archives/edgar/data/883569/000088356917000009/0000883569-17-000009-index.htm",
        "finalLink": "https://www.sec.gov/Archives/edgar/data/883569/000088356917000009/fosl-20161231x10k.htm"
    },
    {
        "date": "2016-10-01",
        "symbol": "FOSL",
        "reportedCurrency": "USD",
        "cik": "0000883569",
        "fillingDate": "2016-11-10",
        "acceptedDate": "2016-11-10 16:08:30",
        "calendarYear": "2016",
        "period": "Q3",
        "revenue": 737990000,
        "costOfRevenue": 352910000,
        "grossProfit": 385080000,
        "grossProfitRatio": 0.5217956883,
        "researchAndDevelopmentExpenses": 0,
        "generalAndAdministrativeExpenses": 0,
        "sellingAndMarketingExpenses": 0,
        "sellingGeneralAndAdministrativeExpenses": 339432000,
        "otherExpenses": 14473000,
        "operatingExpenses": 353905000,
        "costAndExpenses": 706815000,
        "interestIncome": 0,
        "interestExpense": 6704000,
        "depreciationAndAmortization": 23532000,
        "ebitda": 56298000,
        "ebitdaratio": 0.0762855865,
        "operatingIncome": 31175000,
        "operatingIncomeRatio": 0.0422431198,
        "totalOtherIncomeExpensesNet": -5376000,
        "incomeBeforeTax": 25799000,
        "incomeBeforeTaxRatio": 0.0349584683,
        "incomeTaxExpense": 6451000,
        "netIncome": 17356000,
        "netIncomeRatio": 0.0235179338,
        "eps": 0.36,
        "epsdiluted": 0.36,
        "weightedAverageShsOut": 48130000,
        "weightedAverageShsOutDil": 48291000,
        "link": "https://www.sec.gov/Archives/edgar/data/883569/000088356916000031/0000883569-16-000031-index.htm",
        "finalLink": "https://www.sec.gov/Archives/edgar/data/883569/000088356916000031/fosl-q3x1012016.htm"
    },
    {
        "date": "2016-07-02",
        "symbol": "FOSL",
        "reportedCurrency": "USD",
        "cik": "0000883569",
        "fillingDate": "2016-08-11",
        "acceptedDate": "2016-08-11 16:28:36",
        "calendarYear": "2016",
        "period": "Q2",
        "revenue": 685368000,
        "costOfRevenue": 329618000,
        "grossProfit": 355750000,
        "grossProfitRatio": 0.5190642108,
        "researchAndDevelopmentExpenses": 0,
        "generalAndAdministrativeExpenses": 0,
        "sellingAndMarketingExpenses": 0,
        "sellingGeneralAndAdministrativeExpenses": 340300000,
        "otherExpenses": 0,
        "operatingExpenses": 340300000,
        "costAndExpenses": 669918000,
        "interestIncome": 0,
        "interestExpense": 6421000,
        "depreciationAndAmortization": 24901000,
        "ebitda": 42893000,
        "ebitdaratio": 0.0625838965,
        "operatingIncome": 15450000,
        "operatingIncomeRatio": 0.022542634,
        "totalOtherIncomeExpensesNet": -3879000,
        "incomeBeforeTax": 11571000,
        "incomeBeforeTaxRatio": 0.0168829009,
        "incomeTaxExpense": 3499000,
        "netIncome": 6021000,
        "netIncomeRatio": 0.0087850615,
        "eps": 0.13,
        "epsdiluted": 0.12,
        "weightedAverageShsOut": 48119000,
        "weightedAverageShsOutDil": 48207000,
        "link": "https://www.sec.gov/Archives/edgar/data/883569/000088356916000023/0000883569-16-000023-index.htm",
        "finalLink": "https://www.sec.gov/Archives/edgar/data/883569/000088356916000023/fosl-07022016x10q.htm"
    },
    {
        "date": "2016-04-02",
        "symbol": "FOSL",
        "reportedCurrency": "USD",
        "cik": "0000883569",
        "fillingDate": "2016-05-12",
        "acceptedDate": "2016-05-12 16:31:42",
        "calendarYear": "2016",
        "period": "Q1",
        "revenue": 659847000,
        "costOfRevenue": 311510000,
        "grossProfit": 348337000,
        "grossProfitRatio": 0.5279057115,
        "researchAndDevelopmentExpenses": 0,
        "generalAndAdministrativeExpenses": 0,
        "sellingAndMarketingExpenses": 0,
        "sellingGeneralAndAdministrativeExpenses": 333933000,
        "otherExpenses": 0,
        "operatingExpenses": 333933000,
        "costAndExpenses": 645443000,
        "interestIncome": 0,
        "interestExpense": 5999000,
        "depreciationAndAmortization": 24765000,
        "ebitda": 41439000,
        "ebitdaratio": 0.062800922,
        "operatingIncome": 14404000,
        "operatingIncomeRatio": 0.0218293029,
        "totalOtherIncomeExpensesNet": -3729000,
        "incomeBeforeTax": 10675000,
        "incomeBeforeTaxRatio": 0.0161779928,
        "incomeTaxExpense": 3279000,
        "netIncome": 5793000,
        "netIncomeRatio": 0.0087793079,
        "eps": 0.12,
        "epsdiluted": 0.12,
        "weightedAverageShsOut": 48132000,
        "weightedAverageShsOutDil": 48256000,
        "link": "https://www.sec.gov/Archives/edgar/data/883569/000088356916000012/0000883569-16-000012-index.htm",
        "finalLink": "https://www.sec.gov/Archives/edgar/data/883569/000088356916000012/fosl-04022016x10q.htm"
    },
    {
        "date": "2015-12-31",
        "symbol": "FOSL",
        "reportedCurrency": "USD",
        "cik": "0000883569",
        "fillingDate": "2016-02-29",
        "acceptedDate": "2016-02-29 17:38:07",
        "calendarYear": "2015",
        "period": "Q4",
        "revenue": 992473000,
        "costOfRevenue": 466930000,
        "grossProfit": 525543000,
        "grossProfitRatio": 0.529528763,
        "researchAndDevelopmentExpenses": 0,
        "generalAndAdministrativeExpenses": 0,
        "sellingAndMarketingExpenses": 0,
        "sellingGeneralAndAdministrativeExpenses": 433902000,
        "otherExpenses": 2700000,
        "operatingExpenses": 436602000,
        "costAndExpenses": 903532000,
        "interestIncome": 0,
        "interestExpense": 5723000,
        "depreciationAndAmortization": 24241000,
        "ebitda": 125315000,
        "ebitdaratio": 0.1262653997,
        "operatingIncome": 88941000,
        "operatingIncomeRatio": 0.0896155361,
        "totalOtherIncomeExpensesNet": 6410000,
        "incomeBeforeTax": 95351000,
        "incomeBeforeTaxRatio": 0.0960741501,
        "incomeTaxExpense": 23036000,
        "netIncome": 70385000,
        "netIncomeRatio": 0.0709188059,
        "eps": 1.46,
        "epsdiluted": 1.46,
        "weightedAverageShsOut": 48100000,
        "weightedAverageShsOutDil": 48200000,
        "link": "https://www.sec.gov/Archives/edgar/data/883569/000088356916000005/0000883569-16-000005-index.htm",
        "finalLink": "https://www.sec.gov/Archives/edgar/data/883569/000088356916000005/fosl-20150103x10k.htm"
    },
    {
        "date": "2015-10-03",
        "symbol": "FOSL",
        "reportedCurrency": "USD",
        "cik": "0000883569",
        "fillingDate": "2015-11-12",
        "acceptedDate": "2015-11-12 17:04:25",
        "calendarYear": "2015",
        "period": "Q3",
        "revenue": 771303000,
        "costOfRevenue": 353569000,
        "grossProfit": 417734000,
        "grossProfitRatio": 0.5415951967,
        "researchAndDevelopmentExpenses": 0,
        "generalAndAdministrativeExpenses": 0,
        "sellingAndMarketingExpenses": 0,
        "sellingGeneralAndAdministrativeExpenses": 338888000,
        "otherExpenses": 3141000,
        "operatingExpenses": 342029000,
        "costAndExpenses": 695598000,
        "interestIncome": 0,
        "interestExpense": 5103000,
        "depreciationAndAmortization": 19771000,
        "ebitda": 102306000,
        "ebitdaratio": 0.1326404798,
        "operatingIncome": 75705000,
        "operatingIncomeRatio": 0.0981520881,
        "totalOtherIncomeExpensesNet": 1727000,
        "incomeBeforeTax": 77432000,
        "incomeBeforeTaxRatio": 0.1003911563,
        "incomeTaxExpense": 17303000,
        "netIncome": 57534000,
        "netIncomeRatio": 0.0745932532,
        "eps": 1.19,
        "epsdiluted": 1.19,
        "weightedAverageShsOut": 48153000,
        "weightedAverageShsOutDil": 48242000,
        "link": "https://www.sec.gov/Archives/edgar/data/883569/000088356915000001/0000883569-15-000001-index.htm",
        "finalLink": "https://www.sec.gov/Archives/edgar/data/883569/000088356915000001/fosl-1032015x10q.htm"
    },
    {
        "date": "2015-07-04",
        "symbol": "FOSL",
        "reportedCurrency": "USD",
        "cik": "0000883569",
        "fillingDate": "2015-08-13",
        "acceptedDate": "2015-08-13 16:10:48",
        "calendarYear": "2015",
        "period": "Q2",
        "revenue": 739975000,
        "costOfRevenue": 330510000,
        "grossProfit": 409465000,
        "grossProfitRatio": 0.5533497753,
        "researchAndDevelopmentExpenses": 0,
        "generalAndAdministrativeExpenses": 0,
        "sellingAndMarketingExpenses": 0,
        "sellingGeneralAndAdministrativeExpenses": 332560000,
        "otherExpenses": 6471000,
        "operatingExpenses": 339031000,
        "costAndExpenses": 669541000,
        "interestIncome": 0,
        "interestExpense": 5014000,
        "depreciationAndAmortization": 21537000,
        "ebitda": 106265000,
        "ebitdaratio": 0.1436062029,
        "operatingIncome": 70434000,
        "operatingIncomeRatio": 0.0951842968,
        "totalOtherIncomeExpensesNet": 9280000,
        "incomeBeforeTax": 79714000,
        "incomeBeforeTaxRatio": 0.107725261,
        "incomeTaxExpense": 22894000,
        "netIncome": 54648000,
        "netIncomeRatio": 0.0738511436,
        "eps": 1.12,
        "epsdiluted": 1.12,
        "weightedAverageShsOut": 48634000,
        "weightedAverageShsOutDil": 48744000,
        "link": "https://www.sec.gov/Archives/edgar/data/883569/000110465915059575/0001104659-15-059575-index.htm",
        "finalLink": "https://www.sec.gov/Archives/edgar/data/883569/000110465915059575/a15-11923_110q.htm"
    },
    {
        "date": "2015-04-04",
        "symbol": "FOSL",
        "reportedCurrency": "USD",
        "cik": "0000883569",
        "fillingDate": "2015-05-07",
        "acceptedDate": "2015-05-07 17:19:06",
        "calendarYear": "2015",
        "period": "Q1",
        "revenue": 725085000,
        "costOfRevenue": 324361000,
        "grossProfit": 400724000,
        "grossProfitRatio": 0.5526579642,
        "researchAndDevelopmentExpenses": 0,
        "generalAndAdministrativeExpenses": 0,
        "sellingAndMarketingExpenses": 0,
        "sellingGeneralAndAdministrativeExpenses": 332482000,
        "otherExpenses": 12088000,
        "operatingExpenses": 344570000,
        "costAndExpenses": 668931000,
        "interestIncome": 0,
        "interestExpense": 4178000,
        "depreciationAndAmortization": 22113000,
        "ebitda": 85453000,
        "ebitdaratio": 0.1178523897,
        "operatingIncome": 56154000,
        "operatingIncomeRatio": 0.0774447134,
        "totalOtherIncomeExpensesNet": 3008000,
        "incomeBeforeTax": 59162000,
        "incomeBeforeTaxRatio": 0.0815931925,
        "incomeTaxExpense": 18524000,
        "netIncome": 38070000,
        "netIncomeRatio": 0.0525041892,
        "eps": 0.76,
        "epsdiluted": 0.75,
        "weightedAverageShsOut": 50294000,
        "weightedAverageShsOutDil": 50467000,
        "link": "https://www.sec.gov/Archives/edgar/data/883569/000110465915035664/0001104659-15-035664-index.htm",
        "finalLink": "https://www.sec.gov/Archives/edgar/data/883569/000110465915035664/a15-7064_110q.htm"
    },
    {
        "date": "2014-12-31",
        "symbol": "FOSL",
        "reportedCurrency": "USD",
        "cik": "0000883569",
        "fillingDate": "2015-02-20",
        "acceptedDate": "2015-02-20 14:07:08",
        "calendarYear": "2014",
        "period": "Q4",
        "revenue": 1064845000,
        "costOfRevenue": 460533000,
        "grossProfit": 604312000,
        "grossProfitRatio": 0.5675117036,
        "researchAndDevelopmentExpenses": 0,
        "generalAndAdministrativeExpenses": 0,
        "sellingAndMarketingExpenses": 0,
        "sellingGeneralAndAdministrativeExpenses": 382165000,
        "otherExpenses": 0,
        "operatingExpenses": 382165000,
        "costAndExpenses": 842698000,
        "interestIncome": 0,
        "interestExpense": 4509000,
        "depreciationAndAmortization": 22454000,
        "ebitda": 251290000,
        "ebitdaratio": 0.2359873972,
        "operatingIncome": 222147000,
        "operatingIncomeRatio": 0.2086190948,
        "totalOtherIncomeExpensesNet": 2180000,
        "incomeBeforeTax": 224327000,
        "incomeBeforeTaxRatio": 0.2106663411,
        "incomeTaxExpense": 68181000,
        "netIncome": 154126000,
        "netIncomeRatio": 0.1447403143,
        "eps": 3.01,
        "epsdiluted": 3,
        "weightedAverageShsOut": 51100000,
        "weightedAverageShsOutDil": 51300000,
        "link": "https://www.sec.gov/Archives/edgar/data/883569/000104746915000992/0001047469-15-000992-index.htm",
        "finalLink": "https://www.sec.gov/Archives/edgar/data/883569/000104746915000992/a2223039z10-k.htm"
    },
    {
        "date": "2014-10-04",
        "symbol": "FOSL",
        "reportedCurrency": "USD",
        "cik": "0000883569",
        "fillingDate": "2014-11-13",
        "acceptedDate": "2014-11-13 14:19:25",
        "calendarYear": "2014",
        "period": "Q3",
        "revenue": 894482000,
        "costOfRevenue": 385444000,
        "grossProfit": 509038000,
        "grossProfitRatio": 0.5690869129,
        "researchAndDevelopmentExpenses": 0,
        "generalAndAdministrativeExpenses": 0,
        "sellingAndMarketingExpenses": 0,
        "sellingGeneralAndAdministrativeExpenses": 354105000,
        "otherExpenses": 0,
        "operatingExpenses": 354105000,
        "costAndExpenses": 739549000,
        "interestIncome": 0,
        "interestExpense": 3796000,
        "depreciationAndAmortization": 24499000,
        "ebitda": 181630000,
        "ebitdaratio": 0.2030560704,
        "operatingIncome": 154933000,
        "operatingIncomeRatio": 0.173209746,
        "totalOtherIncomeExpensesNet": -1598000,
        "incomeBeforeTax": 153335000,
        "incomeBeforeTaxRatio": 0.1714232371,
        "incomeTaxExpense": 46931000,
        "netIncome": 103721000,
        "netIncomeRatio": 0.1159564977,
        "eps": 1.97,
        "epsdiluted": 1.96,
        "weightedAverageShsOut": 52691000,
        "weightedAverageShsOutDil": 52871000,
        "link": "https://www.sec.gov/Archives/edgar/data/883569/000110465914080285/0001104659-14-080285-index.htm",
        "finalLink": "https://www.sec.gov/Archives/edgar/data/883569/000110465914080285/a14-19724_110q.htm"
    },
    {
        "date": "2014-07-05",
        "symbol": "FOSL",
        "reportedCurrency": "USD",
        "cik": "0000883569",
        "fillingDate": "2014-08-13",
        "acceptedDate": "2014-08-13 16:11:01",
        "calendarYear": "2014",
        "period": "Q2",
        "revenue": 773820000,
        "costOfRevenue": 329218000,
        "grossProfit": 444602000,
        "grossProfitRatio": 0.574554806,
        "researchAndDevelopmentExpenses": 0,
        "generalAndAdministrativeExpenses": 0,
        "sellingAndMarketingExpenses": 0,
        "sellingGeneralAndAdministrativeExpenses": 359844000,
        "otherExpenses": 0,
        "operatingExpenses": 359844000,
        "costAndExpenses": 689062000,
        "interestIncome": 0,
        "interestExpense": 3887000,
        "depreciationAndAmortization": 25601000,
        "ebitda": 109262000,
        "ebitdaratio": 0.1411982115,
        "operatingIncome": 84758000,
        "operatingIncomeRatio": 0.1095319325,
        "totalOtherIncomeExpensesNet": -4984000,
        "incomeBeforeTax": 79774000,
        "incomeBeforeTaxRatio": 0.1030911582,
        "incomeTaxExpense": 24875000,
        "netIncome": 52517000,
        "netIncomeRatio": 0.0678672043,
        "eps": 0.98,
        "epsdiluted": 0.98,
        "weightedAverageShsOut": 53494000,
        "weightedAverageShsOutDil": 53678000,
        "link": "https://www.sec.gov/Archives/edgar/data/883569/000110465914060385/0001104659-14-060385-index.htm",
        "finalLink": "https://www.sec.gov/Archives/edgar/data/883569/000110465914060385/a14-13992_110q.htm"
    },
    {
        "date": "2014-04-05",
        "symbol": "FOSL",
        "reportedCurrency": "USD",
        "cik": "0000883569",
        "fillingDate": "2014-05-15",
        "acceptedDate": "2014-05-15 11:33:12",
        "calendarYear": "2014",
        "period": "Q1",
        "revenue": 776544000,
        "costOfRevenue": 333324000,
        "grossProfit": 443220000,
        "grossProfitRatio": 0.5707596736,
        "researchAndDevelopmentExpenses": 0,
        "generalAndAdministrativeExpenses": 0,
        "sellingAndMarketingExpenses": 0,
        "sellingGeneralAndAdministrativeExpenses": 338522000,
        "otherExpenses": 0,
        "operatingExpenses": 338522000,
        "costAndExpenses": 671846000,
        "interestIncome": 0,
        "interestExpense": 3706000,
        "depreciationAndAmortization": 23377000,
        "ebitda": 127724000,
        "ebitdaratio": 0.1644774797,
        "operatingIncome": 104698000,
        "operatingIncomeRatio": 0.1348255862,
        "totalOtherIncomeExpensesNet": -4057000,
        "incomeBeforeTax": 100641000,
        "incomeBeforeTaxRatio": 0.1296011559,
        "incomeTaxExpense": 31480000,
        "netIncome": 66343000,
        "netIncomeRatio": 0.0854336651,
        "eps": 1.23,
        "epsdiluted": 1.22,
        "weightedAverageShsOut": 54125000,
        "weightedAverageShsOutDil": 54351000,
        "link": "https://www.sec.gov/Archives/edgar/data/883569/000110465914039194/0001104659-14-039194-index.htm",
        "finalLink": "https://www.sec.gov/Archives/edgar/data/883569/000110465914039194/a14-9398_110q.htm"
    },
    {
        "date": "2013-12-31",
        "symbol": "FOSL",
        "reportedCurrency": "USD",
        "cik": "0000883569",
        "fillingDate": "2014-02-26",
        "acceptedDate": "2014-02-26 16:15:13",
        "calendarYear": "2013",
        "period": "Q4",
        "revenue": 1062427000,
        "costOfRevenue": 453082000,
        "grossProfit": 609345000,
        "grossProfitRatio": 0.5735405821,
        "researchAndDevelopmentExpenses": 0,
        "generalAndAdministrativeExpenses": 0,
        "sellingAndMarketingExpenses": 0,
        "sellingGeneralAndAdministrativeExpenses": 390050000,
        "otherExpenses": 0,
        "operatingExpenses": 390050000,
        "costAndExpenses": 843132000,
        "interestIncome": 0,
        "interestExpense": 3532000,
        "depreciationAndAmortization": 22297000,
        "ebitda": 241929000,
        "ebitdaratio": 0.2277135276,
        "operatingIncome": 219295000,
        "operatingIncomeRatio": 0.2064094757,
        "totalOtherIncomeExpensesNet": -3195000,
        "incomeBeforeTax": 216100000,
        "incomeBeforeTaxRatio": 0.2034022102,
        "incomeTaxExpense": 64815000,
        "netIncome": 148519000,
        "netIncomeRatio": 0.1397921928,
        "eps": 2.69,
        "epsdiluted": 2.68,
        "weightedAverageShsOut": 55200000,
        "weightedAverageShsOutDil": 55400000,
        "link": "https://www.sec.gov/Archives/edgar/data/883569/000104746914001392/0001047469-14-001392-index.htm",
        "finalLink": "https://www.sec.gov/Archives/edgar/data/883569/000104746914001392/a2218326z10-k.htm"
    },
    {
        "date": "2013-09-28",
        "symbol": "FOSL",
        "reportedCurrency": "USD",
        "cik": "0000883569",
        "fillingDate": "2013-11-07",
        "acceptedDate": "2013-11-07 15:19:00",
        "calendarYear": "2013",
        "period": "Q3",
        "revenue": 810396000,
        "costOfRevenue": 345427000,
        "grossProfit": 464969000,
        "grossProfitRatio": 0.5737552999,
        "researchAndDevelopmentExpenses": 0,
        "generalAndAdministrativeExpenses": 94842000,
        "sellingAndMarketingExpenses": 229095000,
        "sellingGeneralAndAdministrativeExpenses": 323937000,
        "otherExpenses": 0,
        "operatingExpenses": 323937000,
        "costAndExpenses": 669364000,
        "interestIncome": 0,
        "interestExpense": 3036000,
        "depreciationAndAmortization": 20970000,
        "ebitda": 162261000,
        "ebitdaratio": 0.2002243348,
        "operatingIncome": 141032000,
        "operatingIncomeRatio": 0.1740284996,
        "totalOtherIncomeExpensesNet": -2777000,
        "incomeBeforeTax": 138255000,
        "incomeBeforeTaxRatio": 0.1706017799,
        "incomeTaxExpense": 45881000,
        "netIncome": 89734000,
        "netIncomeRatio": 0.1107285821,
        "eps": 1.59,
        "epsdiluted": 1.58,
        "weightedAverageShsOut": 56500000,
        "weightedAverageShsOutDil": 56700000,
        "link": "https://www.sec.gov/Archives/edgar/data/883569/000110465913082225/0001104659-13-082225-index.htm",
        "finalLink": "https://www.sec.gov/Archives/edgar/data/883569/000110465913082225/a13-19557_110q.htm"
    },
    {
        "date": "2013-06-29",
        "symbol": "FOSL",
        "reportedCurrency": "USD",
        "cik": "0000883569",
        "fillingDate": "2013-08-08",
        "acceptedDate": "2013-08-08 14:03:21",
        "calendarYear": "2013",
        "period": "Q2",
        "revenue": 706249000,
        "costOfRevenue": 297348000,
        "grossProfit": 408901000,
        "grossProfitRatio": 0.578975687,
        "researchAndDevelopmentExpenses": 0,
        "generalAndAdministrativeExpenses": 84490000,
        "sellingAndMarketingExpenses": 217463000,
        "sellingGeneralAndAdministrativeExpenses": 301953000,
        "otherExpenses": 0,
        "operatingExpenses": 301953000,
        "costAndExpenses": 599301000,
        "interestIncome": 0,
        "interestExpense": 1749000,
        "depreciationAndAmortization": 19911000,
        "ebitda": 125898000,
        "ebitdaratio": 0.1782629073,
        "operatingIncome": 106948000,
        "operatingIncomeRatio": 0.1514310109,
        "totalOtherIncomeExpensesNet": -2710000,
        "incomeBeforeTax": 104238000,
        "incomeBeforeTaxRatio": 0.1475938373,
        "incomeTaxExpense": 33829000,
        "netIncome": 67713000,
        "netIncomeRatio": 0.0958769499,
        "eps": 1.16,
        "epsdiluted": 1.15,
        "weightedAverageShsOut": 58600000,
        "weightedAverageShsOutDil": 58900000,
        "link": "https://www.sec.gov/Archives/edgar/data/883569/000110465913061600/0001104659-13-061600-index.htm",
        "finalLink": "https://www.sec.gov/Archives/edgar/data/883569/000110465913061600/a13-13649_110q.htm"
    },
    {
        "date": "2013-03-30",
        "symbol": "FOSL",
        "reportedCurrency": "USD",
        "cik": "0000883569",
        "fillingDate": "2013-05-09",
        "acceptedDate": "2013-05-09 14:20:25",
        "calendarYear": "2013",
        "period": "Q1",
        "revenue": 680899000,
        "costOfRevenue": 302428000,
        "grossProfit": 378471000,
        "grossProfitRatio": 0.5558401466,
        "researchAndDevelopmentExpenses": 0,
        "generalAndAdministrativeExpenses": 80961000,
        "sellingAndMarketingExpenses": 203189000,
        "sellingGeneralAndAdministrativeExpenses": 284150000,
        "otherExpenses": 0,
        "operatingExpenses": 284150000,
        "costAndExpenses": 586578000,
        "interestIncome": 0,
        "interestExpense": 1231000,
        "depreciationAndAmortization": 18758000,
        "ebitda": 122863000,
        "ebitdaratio": 0.180442327,
        "operatingIncome": 94321000,
        "operatingIncomeRatio": 0.1385242158,
        "totalOtherIncomeExpensesNet": 8553000,
        "incomeBeforeTax": 102874000,
        "incomeBeforeTaxRatio": 0.1510855501,
        "incomeTaxExpense": 28894000,
        "netIncome": 72186000,
        "netIncomeRatio": 0.1060157233,
        "eps": 1.22,
        "epsdiluted": 1.21,
        "weightedAverageShsOut": 59400000,
        "weightedAverageShsOutDil": 59800000,
        "link": "https://www.sec.gov/Archives/edgar/data/883569/000110465913039493/0001104659-13-039493-index.htm",
        "finalLink": "https://www.sec.gov/Archives/edgar/data/883569/000110465913039493/a13-8194_110q.htm"
    },
    {
        "date": "2012-12-31",
        "symbol": "FOSL",
        "reportedCurrency": "USD",
        "cik": "0000883569",
        "fillingDate": "2013-02-27",
        "acceptedDate": "2013-02-27 15:42:55",
        "calendarYear": "2012",
        "period": "Q4",
        "revenue": 947701000,
        "costOfRevenue": 408023000,
        "grossProfit": 539678000,
        "grossProfitRatio": 0.5694601989,
        "researchAndDevelopmentExpenses": 0,
        "generalAndAdministrativeExpenses": 78943000,
        "sellingAndMarketingExpenses": 255940000,
        "sellingGeneralAndAdministrativeExpenses": 334883000,
        "otherExpenses": 0,
        "operatingExpenses": 334883000,
        "costAndExpenses": 742906000,
        "interestIncome": 0,
        "interestExpense": 1480000,
        "depreciationAndAmortization": 18390000,
        "ebitda": 225542000,
        "ebitdaratio": 0.2379885639,
        "operatingIncome": 204795000,
        "operatingIncomeRatio": 0.2160966381,
        "totalOtherIncomeExpensesNet": 877000,
        "incomeBeforeTax": 205672000,
        "incomeBeforeTaxRatio": 0.2170220354,
        "incomeTaxExpense": 52750000,
        "netIncome": 151132000,
        "netIncomeRatio": 0.1594722386,
        "eps": 2.53,
        "epsdiluted": 2.51,
        "weightedAverageShsOut": 59800000,
        "weightedAverageShsOutDil": 60200000,
        "link": "https://www.sec.gov/Archives/edgar/data/883569/000104746913001813/0001047469-13-001813-index.htm",
        "finalLink": "https://www.sec.gov/Archives/edgar/data/883569/000104746913001813/a2213013z10-k.htm"
    },
    {
        "date": "2012-09-29",
        "symbol": "FOSL",
        "reportedCurrency": "USD",
        "cik": "0000883569",
        "fillingDate": "2012-11-08",
        "acceptedDate": "2012-11-08 14:30:48",
        "calendarYear": "2012",
        "period": "Q3",
        "revenue": 684170000,
        "costOfRevenue": 302646000,
        "grossProfit": 381524000,
        "grossProfitRatio": 0.5576450297,
        "researchAndDevelopmentExpenses": 0,
        "generalAndAdministrativeExpenses": 75161000,
        "sellingAndMarketingExpenses": 193276000,
        "sellingGeneralAndAdministrativeExpenses": 268437000,
        "otherExpenses": 0,
        "operatingExpenses": 268437000,
        "costAndExpenses": 571083000,
        "interestIncome": 0,
        "interestExpense": 1437000,
        "depreciationAndAmortization": 16867000,
        "ebitda": 132165000,
        "ebitdaratio": 0.1931756727,
        "operatingIncome": 113087000,
        "operatingIncomeRatio": 0.1652907903,
        "totalOtherIncomeExpensesNet": 774000,
        "incomeBeforeTax": 113861000,
        "incomeBeforeTaxRatio": 0.1664220881,
        "incomeTaxExpense": 33984000,
        "netIncome": 76791000,
        "netIncomeRatio": 0.112239648,
        "eps": 1.27,
        "epsdiluted": 1.26,
        "weightedAverageShsOut": 60573000,
        "weightedAverageShsOutDil": 60955000,
        "link": "https://www.sec.gov/Archives/edgar/data/883569/000110465912075904/0001104659-12-075904-index.htm",
        "finalLink": "https://www.sec.gov/Archives/edgar/data/883569/000110465912075904/a12-21552_110q.htm"
    },
    {
        "date": "2012-06-30",
        "symbol": "FOSL",
        "reportedCurrency": "USD",
        "cik": "0000883569",
        "fillingDate": "2012-08-09",
        "acceptedDate": "2012-08-09 16:36:49",
        "calendarYear": "2012",
        "period": "Q2",
        "revenue": 636104000,
        "costOfRevenue": 279743000,
        "grossProfit": 356361000,
        "grossProfitRatio": 0.5602244287,
        "researchAndDevelopmentExpenses": 0,
        "generalAndAdministrativeExpenses": 71999000,
        "sellingAndMarketingExpenses": 196265000,
        "sellingGeneralAndAdministrativeExpenses": 268264000,
        "otherExpenses": 0,
        "operatingExpenses": 268264000,
        "costAndExpenses": 548007000,
        "interestIncome": 0,
        "interestExpense": 1429000,
        "depreciationAndAmortization": 15052000,
        "ebitda": 104574000,
        "ebitdaratio": 0.1643976457,
        "operatingIncome": 88097000,
        "operatingIncomeRatio": 0.1384946487,
        "totalOtherIncomeExpensesNet": -4000,
        "incomeBeforeTax": 88093000,
        "incomeBeforeTaxRatio": 0.1384883604,
        "incomeTaxExpense": 27705000,
        "netIncome": 57338000,
        "netIncomeRatio": 0.0901393483,
        "eps": 0.93,
        "epsdiluted": 0.92,
        "weightedAverageShsOut": 61700000,
        "weightedAverageShsOutDil": 62100000,
        "link": "https://www.sec.gov/Archives/edgar/data/883569/000119312512347718/0001193125-12-347718-index.htm",
        "finalLink": "https://www.sec.gov/Archives/edgar/data/883569/000119312512347718/d368868d10q.htm"
    },
    {
        "date": "2012-03-31",
        "symbol": "FOSL",
        "reportedCurrency": "USD",
        "cik": "0000883569",
        "fillingDate": "2012-05-10",
        "acceptedDate": "2012-05-10 13:12:15",
        "calendarYear": "2012",
        "period": "Q1",
        "revenue": 589533000,
        "costOfRevenue": 260553000,
        "grossProfit": 328980000,
        "grossProfitRatio": 0.5580349192,
        "researchAndDevelopmentExpenses": 0,
        "generalAndAdministrativeExpenses": 64681000,
        "sellingAndMarketingExpenses": 181438000,
        "sellingGeneralAndAdministrativeExpenses": 246119000,
        "otherExpenses": 0,
        "operatingExpenses": 246119000,
        "costAndExpenses": 506672000,
        "interestIncome": 0,
        "interestExpense": 814000,
        "depreciationAndAmortization": 15227000,
        "ebitda": 100637000,
        "ebitdaratio": 0.1707063048,
        "operatingIncome": 82861000,
        "operatingIncomeRatio": 0.1405536246,
        "totalOtherIncomeExpensesNet": 1735000,
        "incomeBeforeTax": 84596000,
        "incomeBeforeTaxRatio": 0.1434966321,
        "incomeTaxExpense": 23524000,
        "netIncome": 58140000,
        "netIncomeRatio": 0.0986204335,
        "eps": 0.94,
        "epsdiluted": 0.93,
        "weightedAverageShsOut": 61859000,
        "weightedAverageShsOutDil": 62459000,
        "link": "https://www.sec.gov/Archives/edgar/data/883569/000119312512224700/0001193125-12-224700-index.htm",
        "finalLink": "https://www.sec.gov/Archives/edgar/data/883569/000119312512224700/d330913d10q.htm"
    },
    {
        "date": "2011-12-31",
        "symbol": "FOSL",
        "reportedCurrency": "USD",
        "cik": "0000883569",
        "fillingDate": "2012-02-29",
        "acceptedDate": "2012-02-29 16:13:35",
        "calendarYear": "2011",
        "period": "Q4",
        "revenue": 830756000,
        "costOfRevenue": 364887000,
        "grossProfit": 465869000,
        "grossProfitRatio": 0.5607771716,
        "researchAndDevelopmentExpenses": 0,
        "generalAndAdministrativeExpenses": 71353000,
        "sellingAndMarketingExpenses": 220152000,
        "sellingGeneralAndAdministrativeExpenses": 291505000,
        "otherExpenses": 0,
        "operatingExpenses": 291505000,
        "costAndExpenses": 656392000,
        "interestIncome": 0,
        "interestExpense": 1070000,
        "depreciationAndAmortization": 14182000,
        "ebitda": 184054000,
        "ebitdaratio": 0.2215500099,
        "operatingIncome": 174364000,
        "operatingIncomeRatio": 0.2098859352,
        "totalOtherIncomeExpensesNet": -5562000,
        "incomeBeforeTax": 168802000,
        "incomeBeforeTaxRatio": 0.2031908286,
        "incomeTaxExpense": 46001000,
        "netIncome": 117910000,
        "netIncomeRatio": 0.1419309641,
        "eps": 1.85,
        "epsdiluted": 1.85,
        "weightedAverageShsOut": 62566000,
        "weightedAverageShsOutDil": 63800000,
        "link": "https://www.sec.gov/Archives/edgar/data/883569/000119312512089155/0001193125-12-089155-index.htm",
        "finalLink": "https://www.sec.gov/Archives/edgar/data/883569/000119312512089155/d265438d10k.htm"
    },
    {
        "date": "2011-10-01",
        "symbol": "FOSL",
        "reportedCurrency": "USD",
        "cik": "0000883569",
        "fillingDate": "2011-11-10",
        "acceptedDate": "2011-11-10 12:56:59",
        "calendarYear": "2011",
        "period": "Q3",
        "revenue": 642910000,
        "costOfRevenue": 283381000,
        "grossProfit": 359529000,
        "grossProfitRatio": 0.5592213529,
        "researchAndDevelopmentExpenses": 0,
        "generalAndAdministrativeExpenses": 68512000,
        "sellingAndMarketingExpenses": 172208000,
        "sellingGeneralAndAdministrativeExpenses": 240720000,
        "otherExpenses": 0,
        "operatingExpenses": 240720000,
        "costAndExpenses": 524101000,
        "interestIncome": 0,
        "interestExpense": 447000,
        "depreciationAndAmortization": 12683000,
        "ebitda": 124941000,
        "ebitdaratio": 0.1943366879,
        "operatingIncome": 118809000,
        "operatingIncomeRatio": 0.1847988054,
        "totalOtherIncomeExpensesNet": -6998000,
        "incomeBeforeTax": 111811000,
        "incomeBeforeTaxRatio": 0.1739139226,
        "incomeTaxExpense": 39307000,
        "netIncome": 69609000,
        "netIncomeRatio": 0.1082717643,
        "eps": 1.1,
        "epsdiluted": 1.09,
        "weightedAverageShsOut": 63176000,
        "weightedAverageShsOutDil": 63809000,
        "link": "https://www.sec.gov/Archives/edgar/data/883569/000119312511306303/0001193125-11-306303-index.htm",
        "finalLink": "https://www.sec.gov/Archives/edgar/data/883569/000119312511306303/d241123d10q.htm"
    },
    {
        "date": "2011-07-02",
        "symbol": "FOSL",
        "reportedCurrency": "USD",
        "cik": "0000883569",
        "fillingDate": "2011-08-11",
        "acceptedDate": "2011-08-11 15:20:48",
        "calendarYear": "2011",
        "period": "Q2",
        "revenue": 556661000,
        "costOfRevenue": 244685000,
        "grossProfit": 311976000,
        "grossProfitRatio": 0.5604416332,
        "researchAndDevelopmentExpenses": 0,
        "generalAndAdministrativeExpenses": 61108000,
        "sellingAndMarketingExpenses": 164606000,
        "sellingGeneralAndAdministrativeExpenses": 225714000,
        "otherExpenses": 0,
        "operatingExpenses": 225714000,
        "costAndExpenses": 470399000,
        "interestIncome": 0,
        "interestExpense": 649000,
        "depreciationAndAmortization": 14084000,
        "ebitda": 96421000,
        "ebitdaratio": 0.1732131405,
        "operatingIncome": 86262000,
        "operatingIncomeRatio": 0.1549632541,
        "totalOtherIncomeExpensesNet": -4574000,
        "incomeBeforeTax": 81688000,
        "incomeBeforeTaxRatio": 0.146746404,
        "incomeTaxExpense": 27657000,
        "netIncome": 51361000,
        "netIncomeRatio": 0.0922662087,
        "eps": 0.81,
        "epsdiluted": 0.8,
        "weightedAverageShsOut": 63411000,
        "weightedAverageShsOutDil": 64124000,
        "link": "https://www.sec.gov/Archives/edgar/data/883569/000119312511219499/0001193125-11-219499-index.htm",
        "finalLink": "https://www.sec.gov/Archives/edgar/data/883569/000119312511219499/d10q.htm"
    },
    {
        "date": "2011-04-02",
        "symbol": "FOSL",
        "reportedCurrency": "USD",
        "cik": "0000883569",
        "fillingDate": "2011-05-12",
        "acceptedDate": "2011-05-12 15:34:44",
        "calendarYear": "2011",
        "period": "Q1",
        "revenue": 536975000,
        "costOfRevenue": 235163000,
        "grossProfit": 301812000,
        "grossProfitRatio": 0.5620596862,
        "researchAndDevelopmentExpenses": 0,
        "generalAndAdministrativeExpenses": 50874000,
        "sellingAndMarketingExpenses": 158382000,
        "sellingGeneralAndAdministrativeExpenses": 209256000,
        "otherExpenses": 0,
        "operatingExpenses": 209256000,
        "costAndExpenses": 444419000,
        "interestIncome": 0,
        "interestExpense": 225000,
        "depreciationAndAmortization": 10976000,
        "ebitda": 100459000,
        "ebitdaratio": 0.1870831975,
        "operatingIncome": 92556000,
        "operatingIncomeRatio": 0.1723655664,
        "totalOtherIncomeExpensesNet": -3298000,
        "incomeBeforeTax": 89258000,
        "incomeBeforeTaxRatio": 0.1662237534,
        "incomeTaxExpense": 31192000,
        "netIncome": 55822000,
        "netIncomeRatio": 0.1039564226,
        "eps": 0.87,
        "epsdiluted": 0.86,
        "weightedAverageShsOut": 64093000,
        "weightedAverageShsOutDil": 64846000,
        "link": "https://www.sec.gov/Archives/edgar/data/883569/000119312511137503/0001193125-11-137503-index.htm",
        "finalLink": "https://www.sec.gov/Archives/edgar/data/883569/000119312511137503/d10q.htm"
    },
    {
        "date": "2010-12-31",
        "symbol": "FOSL",
        "reportedCurrency": "USD",
        "cik": "0000883569",
        "fillingDate": "2011-03-02",
        "acceptedDate": "2011-03-02 15:42:46",
        "calendarYear": "2010",
        "period": "Q4",
        "revenue": 701076000,
        "costOfRevenue": 300959000,
        "grossProfit": 400117000,
        "grossProfitRatio": 0.5707184385,
        "researchAndDevelopmentExpenses": 0,
        "generalAndAdministrativeExpenses": 0,
        "sellingAndMarketingExpenses": 0,
        "sellingGeneralAndAdministrativeExpenses": 250582000,
        "otherExpenses": 0,
        "operatingExpenses": 250582000,
        "costAndExpenses": 551541000,
        "interestIncome": 0,
        "interestExpense": 955000,
        "depreciationAndAmortization": 10371000,
        "ebitda": 166016000,
        "ebitdaratio": 0.2368017162,
        "operatingIncome": 149535000,
        "operatingIncomeRatio": 0.2132935659,
        "totalOtherIncomeExpensesNet": 5155000,
        "incomeBeforeTax": 154690000,
        "incomeBeforeTaxRatio": 0.220646549,
        "incomeTaxExpense": 54959000,
        "netIncome": 96657000,
        "netIncomeRatio": 0.1378695034,
        "eps": 1.46,
        "epsdiluted": 1.46,
        "weightedAverageShsOut": 65291000,
        "weightedAverageShsOutDil": 66300000,
        "link": "https://www.sec.gov/Archives/edgar/data/883569/000119312511053553/0001193125-11-053553-index.htm",
        "finalLink": "https://www.sec.gov/Archives/edgar/data/883569/000119312511053553/d10k.htm"
    },
    {
        "date": "2010-10-02",
        "symbol": "FOSL",
        "reportedCurrency": "USD",
        "cik": "0000883569",
        "fillingDate": "2010-11-12",
        "acceptedDate": "2010-11-12 10:31:47",
        "calendarYear": "2010",
        "period": "Q3",
        "revenue": 523825000,
        "costOfRevenue": 225082000,
        "grossProfit": 298743000,
        "grossProfitRatio": 0.5703106954,
        "researchAndDevelopmentExpenses": 0,
        "generalAndAdministrativeExpenses": 49049000,
        "sellingAndMarketingExpenses": 138424000,
        "sellingGeneralAndAdministrativeExpenses": 187473000,
        "otherExpenses": 0,
        "operatingExpenses": 187473000,
        "costAndExpenses": 412555000,
        "interestIncome": 0,
        "interestExpense": 46000,
        "depreciationAndAmortization": 10153000,
        "ebitda": 121456000,
        "ebitdaratio": 0.2318636949,
        "operatingIncome": 111270000,
        "operatingIncomeRatio": 0.2124182695,
        "totalOtherIncomeExpensesNet": -13000,
        "incomeBeforeTax": 111257000,
        "incomeBeforeTaxRatio": 0.212393452,
        "incomeTaxExpense": 40353000,
        "netIncome": 68156000,
        "netIncomeRatio": 0.1301121558,
        "eps": 1.02,
        "epsdiluted": 1,
        "weightedAverageShsOut": 67071000,
        "weightedAverageShsOutDil": 67978000,
        "link": "https://www.sec.gov/Archives/edgar/data/883569/000119312510258100/0001193125-10-258100-index.htm",
        "finalLink": "https://www.sec.gov/Archives/edgar/data/883569/000119312510258100/d10q.htm"
    },
    {
        "date": "2010-07-03",
        "symbol": "FOSL",
        "reportedCurrency": "USD",
        "cik": "0000883569",
        "fillingDate": "2010-08-12",
        "acceptedDate": "2010-08-12 15:10:45",
        "calendarYear": "2010",
        "period": "Q2",
        "revenue": 412560000,
        "costOfRevenue": 175675000,
        "grossProfit": 236885000,
        "grossProfitRatio": 0.5741831491,
        "researchAndDevelopmentExpenses": 0,
        "generalAndAdministrativeExpenses": 43347000,
        "sellingAndMarketingExpenses": 129192000,
        "sellingGeneralAndAdministrativeExpenses": 172539000,
        "otherExpenses": 0,
        "operatingExpenses": 172539000,
        "costAndExpenses": 348214000,
        "interestIncome": 0,
        "interestExpense": 59000,
        "depreciationAndAmortization": 9929000,
        "ebitda": 74512000,
        "ebitdaratio": 0.1806088811,
        "operatingIncome": 64346000,
        "operatingIncomeRatio": 0.1559676168,
        "totalOtherIncomeExpensesNet": 178000,
        "incomeBeforeTax": 64524000,
        "incomeBeforeTaxRatio": 0.1563990692,
        "incomeTaxExpense": 7965000,
        "netIncome": 54485000,
        "netIncomeRatio": 0.1320656389,
        "eps": 0.81,
        "epsdiluted": 0.8,
        "weightedAverageShsOut": 67446000,
        "weightedAverageShsOutDil": 68278000,
        "link": "https://www.sec.gov/Archives/edgar/data/883569/000119312510187195/0001193125-10-187195-index.htm",
        "finalLink": "https://www.sec.gov/Archives/edgar/data/883569/000119312510187195/d10q.htm"
    },
    {
        "date": "2010-04-03",
        "symbol": "FOSL",
        "reportedCurrency": "USD",
        "cik": "0000883569",
        "fillingDate": "2010-05-13",
        "acceptedDate": "2010-05-13 16:47:37",
        "calendarYear": "2010",
        "period": "Q1",
        "revenue": 393229000,
        "costOfRevenue": 173810000,
        "grossProfit": 219419000,
        "grossProfitRatio": 0.5579929252,
        "researchAndDevelopmentExpenses": 0,
        "generalAndAdministrativeExpenses": 43301000,
        "sellingAndMarketingExpenses": 124855000,
        "sellingGeneralAndAdministrativeExpenses": 168156000,
        "otherExpenses": 0,
        "operatingExpenses": 168156000,
        "costAndExpenses": 341966000,
        "interestIncome": 0,
        "interestExpense": 58000,
        "depreciationAndAmortization": 10107000,
        "ebitda": 63904000,
        "ebitdaratio": 0.1625109033,
        "operatingIncome": 51263000,
        "operatingIncomeRatio": 0.1303642407,
        "totalOtherIncomeExpensesNet": 2476000,
        "incomeBeforeTax": 53739000,
        "incomeBeforeTaxRatio": 0.1366608261,
        "incomeTaxExpense": 16043000,
        "netIncome": 35907000,
        "netIncomeRatio": 0.0913132043,
        "eps": 0.54,
        "epsdiluted": 0.53,
        "weightedAverageShsOut": 67039000,
        "weightedAverageShsOutDil": 67953000,
        "link": "https://www.sec.gov/Archives/edgar/data/883569/000119312510119056/0001193125-10-119056-index.htm",
        "finalLink": "https://www.sec.gov/Archives/edgar/data/883569/000119312510119056/d10q.htm"
    },
    {
        "date": "2009-12-31",
        "symbol": "FOSL",
        "reportedCurrency": "USD",
        "cik": "0000883569",
        "fillingDate": "2010-03-03",
        "acceptedDate": "2010-03-03 16:56:39",
        "calendarYear": "2009",
        "period": "Q4",
        "revenue": 527839000,
        "costOfRevenue": 230287000,
        "grossProfit": 297552000,
        "grossProfitRatio": 0.5637173456,
        "researchAndDevelopmentExpenses": 0,
        "generalAndAdministrativeExpenses": 0,
        "sellingAndMarketingExpenses": 0,
        "sellingGeneralAndAdministrativeExpenses": 189568000,
        "otherExpenses": 0,
        "operatingExpenses": 189568000,
        "costAndExpenses": 419855000,
        "interestIncome": 0,
        "interestExpense": 52000,
        "depreciationAndAmortization": 11062000,
        "ebitda": 119978000,
        "ebitdaratio": 0.22730037,
        "operatingIncome": 107984000,
        "operatingIncomeRatio": 0.2045775322,
        "totalOtherIncomeExpensesNet": 880000,
        "incomeBeforeTax": 108864000,
        "incomeBeforeTaxRatio": 0.2062447072,
        "incomeTaxExpense": 37103000,
        "netIncome": 69970000,
        "netIncomeRatio": 0.13255936,
        "eps": 1.03,
        "epsdiluted": 1.03,
        "weightedAverageShsOut": 66816000,
        "weightedAverageShsOutDil": 67700000,
        "link": "https://www.sec.gov/Archives/edgar/data/883569/000104746910001754/0001047469-10-001754-index.htm",
        "finalLink": "https://www.sec.gov/Archives/edgar/data/883569/000104746910001754/a2196965z10-k.htm"
    },
    {
        "date": "2009-10-03",
        "symbol": "FOSL",
        "reportedCurrency": "USD",
        "cik": "0000883569",
        "fillingDate": "2009-11-12",
        "acceptedDate": "2009-11-12 16:07:46",
        "calendarYear": "2009",
        "period": "Q3",
        "revenue": 381362000,
        "costOfRevenue": 170625000,
        "grossProfit": 210737000,
        "grossProfitRatio": 0.5525904521,
        "researchAndDevelopmentExpenses": 0,
        "generalAndAdministrativeExpenses": 38110000,
        "sellingAndMarketingExpenses": 115263000,
        "sellingGeneralAndAdministrativeExpenses": 153373000,
        "otherExpenses": 0,
        "operatingExpenses": 153373000,
        "costAndExpenses": 323998000,
        "interestIncome": 0,
        "interestExpense": 50000,
        "depreciationAndAmortization": 9822000,
        "ebitda": 65526000,
        "ebitdaratio": 0.1718209995,
        "operatingIncome": 57364000,
        "operatingIncomeRatio": 0.1504187622,
        "totalOtherIncomeExpensesNet": -1710000,
        "incomeBeforeTax": 55654000,
        "incomeBeforeTaxRatio": 0.1459348336,
        "incomeTaxExpense": 19109000,
        "netIncome": 35275000,
        "netIncomeRatio": 0.0924974172,
        "eps": 0.53,
        "epsdiluted": 0.52,
        "weightedAverageShsOut": 66714000,
        "weightedAverageShsOutDil": 67408000,
        "link": "https://www.sec.gov/Archives/edgar/data/883569/000110465909064568/0001104659-09-064568-index.htm",
        "finalLink": "https://www.sec.gov/Archives/edgar/data/883569/000110465909064568/a09-31064_110q.htm"
    },
    {
        "date": "2009-07-04",
        "symbol": "FOSL",
        "reportedCurrency": "USD",
        "cik": "0000883569",
        "fillingDate": "2009-08-13",
        "acceptedDate": "2009-08-13 16:55:47",
        "calendarYear": "2009",
        "period": "Q2",
        "revenue": 315865000,
        "costOfRevenue": 148683000,
        "grossProfit": 167182000,
        "grossProfitRatio": 0.5292830798,
        "researchAndDevelopmentExpenses": 0,
        "generalAndAdministrativeExpenses": 37184000,
        "sellingAndMarketingExpenses": 107522000,
        "sellingGeneralAndAdministrativeExpenses": 144706000,
        "otherExpenses": 0,
        "operatingExpenses": 144706000,
        "costAndExpenses": 293389000,
        "interestIncome": 0,
        "interestExpense": 69000,
        "depreciationAndAmortization": 10390000,
        "ebitda": 37416000,
        "ebitdaratio": 0.1184556694,
        "operatingIncome": 22476000,
        "operatingIncomeRatio": 0.0711569816,
        "totalOtherIncomeExpensesNet": 4481000,
        "incomeBeforeTax": 26957000,
        "incomeBeforeTaxRatio": 0.085343422,
        "incomeTaxExpense": 9709000,
        "netIncome": 16623000,
        "netIncomeRatio": 0.0526269134,
        "eps": 0.25,
        "epsdiluted": 0.25,
        "weightedAverageShsOut": 66668000,
        "weightedAverageShsOutDil": 67110000,
        "link": "https://www.sec.gov/Archives/edgar/data/883569/000110465909049547/0001104659-09-049547-index.htm",
        "finalLink": "https://www.sec.gov/Archives/edgar/data/883569/000110465909049547/a09-18725_110q.htm"
    },
    {
        "date": "2009-04-04",
        "symbol": "FOSL",
        "reportedCurrency": "USD",
        "cik": "0000883569",
        "fillingDate": "2009-05-14",
        "acceptedDate": "2009-05-14 17:06:49",
        "calendarYear": "2009",
        "period": "Q1",
        "revenue": 323027000,
        "costOfRevenue": 153648000,
        "grossProfit": 169379000,
        "grossProfitRatio": 0.5243493578,
        "researchAndDevelopmentExpenses": 0,
        "generalAndAdministrativeExpenses": 37489000,
        "sellingAndMarketingExpenses": 108087000,
        "sellingGeneralAndAdministrativeExpenses": 145576000,
        "otherExpenses": 0,
        "operatingExpenses": 145576000,
        "costAndExpenses": 299224000,
        "interestIncome": 0,
        "interestExpense": 63000,
        "depreciationAndAmortization": 10060000,
        "ebitda": 38546000,
        "ebitdaratio": 0.1193274866,
        "operatingIncome": 23803000,
        "operatingIncomeRatio": 0.0736873388,
        "totalOtherIncomeExpensesNet": 4620000,
        "incomeBeforeTax": 28423000,
        "incomeBeforeTaxRatio": 0.0879895489,
        "incomeTaxExpense": 9927000,
        "netIncome": 17320000,
        "netIncomeRatio": 0.053617809,
        "eps": 0.26,
        "epsdiluted": 0.26,
        "weightedAverageShsOut": 66554000,
        "weightedAverageShsOutDil": 66742000,
        "link": "https://www.sec.gov/Archives/edgar/data/883569/000110465909032562/0001104659-09-032562-index.htm",
        "finalLink": "https://www.sec.gov/Archives/edgar/data/883569/000110465909032562/a09-11370_110q.htm"
    },
    {
        "date": "2008-12-31",
        "symbol": "FOSL",
        "reportedCurrency": "USD",
        "cik": "0000883569",
        "fillingDate": "2009-03-04",
        "acceptedDate": "2009-03-04 17:21:50",
        "calendarYear": "2008",
        "period": "Q4",
        "revenue": 464106000,
        "costOfRevenue": 221722000,
        "grossProfit": 242384000,
        "grossProfitRatio": 0.5222600009,
        "researchAndDevelopmentExpenses": 0,
        "generalAndAdministrativeExpenses": 0,
        "sellingAndMarketingExpenses": 0,
        "sellingGeneralAndAdministrativeExpenses": 184428000,
        "otherExpenses": 0,
        "operatingExpenses": 184428000,
        "costAndExpenses": 406150000,
        "interestIncome": 0,
        "interestExpense": 0,
        "depreciationAndAmortization": 9879000,
        "ebitda": 67865000,
        "ebitdaratio": 0.1462273705,
        "operatingIncome": 57956000,
        "operatingIncomeRatio": 0.1248766446,
        "totalOtherIncomeExpensesNet": -7609000,
        "incomeBeforeTax": 50347000,
        "incomeBeforeTaxRatio": 0.1084816831,
        "incomeTaxExpense": 4075000,
        "netIncome": 46272000,
        "netIncomeRatio": 0.0997013613,
        "eps": 0.7,
        "epsdiluted": 0.7,
        "weightedAverageShsOut": 66307000,
        "weightedAverageShsOutDil": 66600000,
        "link": "https://www.sec.gov/Archives/edgar/data/883569/000104746909002227/0001047469-09-002227-index.htm",
        "finalLink": "https://www.sec.gov/Archives/edgar/data/883569/000104746909002227/a2191175z10-k.htm"
    },
    {
        "date": "2008-10-04",
        "symbol": "FOSL",
        "reportedCurrency": "USD",
        "cik": "0000883569",
        "fillingDate": "2008-11-13",
        "acceptedDate": "2008-11-13 16:32:11",
        "calendarYear": "2008",
        "period": "Q3",
        "revenue": 409760000,
        "costOfRevenue": 185583000,
        "grossProfit": 224177000,
        "grossProfitRatio": 0.5470934205,
        "researchAndDevelopmentExpenses": 0,
        "generalAndAdministrativeExpenses": 39795000,
        "sellingAndMarketingExpenses": 120644000,
        "sellingGeneralAndAdministrativeExpenses": 160439000,
        "otherExpenses": 0,
        "operatingExpenses": 160439000,
        "costAndExpenses": 346022000,
        "interestIncome": 0,
        "interestExpense": 79000,
        "depreciationAndAmortization": 9747000,
        "ebitda": 70793000,
        "ebitdaratio": 0.1727669856,
        "operatingIncome": 63738000,
        "operatingIncomeRatio": 0.15554959,
        "totalOtherIncomeExpensesNet": -2771000,
        "incomeBeforeTax": 60967000,
        "incomeBeforeTaxRatio": 0.1487870949,
        "incomeTaxExpense": 23447000,
        "netIncome": 36471000,
        "netIncomeRatio": 0.0890057595,
        "eps": 0.54,
        "epsdiluted": 0.54,
        "weightedAverageShsOut": 67261000,
        "weightedAverageShsOutDil": 68049000,
        "link": "https://www.sec.gov/Archives/edgar/data/883569/000110465908070544/0001104659-08-070544-index.htm",
        "finalLink": "https://www.sec.gov/Archives/edgar/data/883569/000110465908070544/a08-25708_110q.htm"
    },
    {
        "date": "2008-07-05",
        "symbol": "FOSL",
        "reportedCurrency": "USD",
        "cik": "0000883569",
        "fillingDate": "2008-08-14",
        "acceptedDate": "2008-08-14 15:17:01",
        "calendarYear": "2008",
        "period": "Q2",
        "revenue": 353191000,
        "costOfRevenue": 162852000,
        "grossProfit": 190339000,
        "grossProfitRatio": 0.5389123732,
        "researchAndDevelopmentExpenses": 0,
        "generalAndAdministrativeExpenses": 39981000,
        "sellingAndMarketingExpenses": 115397000,
        "sellingGeneralAndAdministrativeExpenses": 155378000,
        "otherExpenses": 0,
        "operatingExpenses": 155378000,
        "costAndExpenses": 318230000,
        "interestIncome": 0,
        "interestExpense": 93000,
        "depreciationAndAmortization": 9035000,
        "ebitda": 42782000,
        "ebitdaratio": 0.1211299269,
        "operatingIncome": 34961000,
        "operatingIncomeRatio": 0.098986101,
        "totalOtherIncomeExpensesNet": -1307000,
        "incomeBeforeTax": 33654000,
        "incomeBeforeTaxRatio": 0.0952855537,
        "incomeTaxExpense": 7147000,
        "netIncome": 25137000,
        "netIncomeRatio": 0.0711711227,
        "eps": 0.37,
        "epsdiluted": 0.36,
        "weightedAverageShsOut": 67936000,
        "weightedAverageShsOutDil": 68996000,
        "link": "https://www.sec.gov/Archives/edgar/data/883569/000110465908052990/0001104659-08-052990-index.htm",
        "finalLink": "https://www.sec.gov/Archives/edgar/data/883569/000110465908052990/a08-19040_110q.htm"
    },
    {
        "date": "2008-04-05",
        "symbol": "FOSL",
        "reportedCurrency": "USD",
        "cik": "0000883569",
        "fillingDate": "2008-05-15",
        "acceptedDate": "2008-05-15 15:37:50",
        "calendarYear": "2008",
        "period": "Q1",
        "revenue": 356184000,
        "costOfRevenue": 161933000,
        "grossProfit": 194251000,
        "grossProfitRatio": 0.5453670013,
        "researchAndDevelopmentExpenses": 0,
        "generalAndAdministrativeExpenses": 39813000,
        "sellingAndMarketingExpenses": 105323000,
        "sellingGeneralAndAdministrativeExpenses": 145136000,
        "otherExpenses": 0,
        "operatingExpenses": 145136000,
        "costAndExpenses": 307069000,
        "interestIncome": 0,
        "interestExpense": 200000,
        "depreciationAndAmortization": 8981000,
        "ebitda": 58220000,
        "ebitdaratio": 0.1634548436,
        "operatingIncome": 49115000,
        "operatingIncomeRatio": 0.137892213,
        "totalOtherIncomeExpensesNet": -76000,
        "incomeBeforeTax": 49039000,
        "incomeBeforeTaxRatio": 0.1376788402,
        "incomeTaxExpense": 17888000,
        "netIncome": 30217000,
        "netIncomeRatio": 0.084835366,
        "eps": 0.44,
        "epsdiluted": 0.43,
        "weightedAverageShsOut": 68631000,
        "weightedAverageShsOutDil": 69755000,
        "link": "https://www.sec.gov/Archives/edgar/data/883569/000110465908033626/0001104659-08-033626-index.htm",
        "finalLink": "https://www.sec.gov/Archives/edgar/data/883569/000110465908033626/a08-11720_110q.htm"
    },
    {
        "date": "2007-12-31",
        "symbol": "FOSL",
        "reportedCurrency": "USD",
        "cik": "0000883569",
        "fillingDate": "2008-03-05",
        "acceptedDate": "2008-03-05 17:11:25",
        "calendarYear": "2007",
        "period": "Q4",
        "revenue": 463113000,
        "costOfRevenue": 214688000,
        "grossProfit": 248425000,
        "grossProfitRatio": 0.5364241557,
        "researchAndDevelopmentExpenses": 0,
        "generalAndAdministrativeExpenses": 0,
        "sellingAndMarketingExpenses": 0,
        "sellingGeneralAndAdministrativeExpenses": 166065000,
        "otherExpenses": 0,
        "operatingExpenses": 166065000,
        "costAndExpenses": 380753000,
        "interestIncome": 0,
        "interestExpense": 0,
        "depreciationAndAmortization": 8977000,
        "ebitda": 91337000,
        "ebitdaratio": 0.1972240036,
        "operatingIncome": 82360000,
        "operatingIncomeRatio": 0.1778399656,
        "totalOtherIncomeExpensesNet": -1574000,
        "incomeBeforeTax": 80786000,
        "incomeBeforeTaxRatio": 0.1744412271,
        "incomeTaxExpense": 27682000,
        "netIncome": 53104000,
        "netIncomeRatio": 0.1146674786,
        "eps": 0.75,
        "epsdiluted": 0.75,
        "weightedAverageShsOut": 69320000,
        "weightedAverageShsOutDil": 70600000,
        "link": "https://www.sec.gov/Archives/edgar/data/883569/000110465908015541/0001104659-08-015541-index.htm",
        "finalLink": "https://www.sec.gov/Archives/edgar/data/883569/000110465908015541/a08-7027_110k.htm"
    },
    {
        "date": "2007-10-06",
        "symbol": "FOSL",
        "reportedCurrency": "USD",
        "cik": "0000883569",
        "fillingDate": "2007-11-15",
        "acceptedDate": "2007-11-15 16:56:58",
        "calendarYear": "2007",
        "period": "Q3",
        "revenue": 358582000,
        "costOfRevenue": 171626000,
        "grossProfit": 186956000,
        "grossProfitRatio": 0.5213758638,
        "researchAndDevelopmentExpenses": 0,
        "generalAndAdministrativeExpenses": 0,
        "sellingAndMarketingExpenses": 0,
        "sellingGeneralAndAdministrativeExpenses": 138502000,
        "otherExpenses": 0,
        "operatingExpenses": 138502000,
        "costAndExpenses": 310128000,
        "interestIncome": 0,
        "interestExpense": 0,
        "depreciationAndAmortization": 8110000,
        "ebitda": 56564000,
        "ebitdaratio": 0.1577435566,
        "operatingIncome": 48454000,
        "operatingIncomeRatio": 0.1351266935,
        "totalOtherIncomeExpensesNet": 1217000,
        "incomeBeforeTax": 49671000,
        "incomeBeforeTaxRatio": 0.1385206173,
        "incomeTaxExpense": 19218000,
        "netIncome": 30453000,
        "netIncomeRatio": 0.0849261815,
        "eps": 0.45,
        "epsdiluted": 0.43,
        "weightedAverageShsOut": 68143000,
        "weightedAverageShsOutDil": 70302000,
        "link": "https://www.sec.gov/Archives/edgar/data/883569/000110465907083572/0001104659-07-083572-index.htm",
        "finalLink": "https://www.sec.gov/Archives/edgar/data/883569/000110465907083572/a07-26115_110q.htm"
    },
    {
        "date": "2007-07-07",
        "symbol": "FOSL",
        "reportedCurrency": "USD",
        "cik": "0000883569",
        "fillingDate": "2007-08-16",
        "acceptedDate": "2007-08-16 16:31:27",
        "calendarYear": "2007",
        "period": "Q2",
        "revenue": 306464000,
        "costOfRevenue": 155934000,
        "grossProfit": 150530000,
        "grossProfitRatio": 0.4911833037,
        "researchAndDevelopmentExpenses": 0,
        "generalAndAdministrativeExpenses": 0,
        "sellingAndMarketingExpenses": 0,
        "sellingGeneralAndAdministrativeExpenses": 127414000,
        "otherExpenses": 0,
        "operatingExpenses": 127414000,
        "costAndExpenses": 283348000,
        "interestIncome": 0,
        "interestExpense": 0,
        "depreciationAndAmortization": 7678000,
        "ebitda": 30794000,
        "ebitdaratio": 0.1004816226,
        "operatingIncome": 23116000,
        "operatingIncomeRatio": 0.075428109,
        "totalOtherIncomeExpensesNet": 123000,
        "incomeBeforeTax": 23239000,
        "incomeBeforeTaxRatio": 0.0758294612,
        "incomeTaxExpense": 8567000,
        "netIncome": 14672000,
        "netIncomeRatio": 0.0478751175,
        "eps": 0.22,
        "epsdiluted": 0.21,
        "weightedAverageShsOut": 67814000,
        "weightedAverageShsOutDil": 69742000,
        "link": "https://www.sec.gov/Archives/edgar/data/883569/000110465907063097/0001104659-07-063097-index.htm",
        "finalLink": "https://www.sec.gov/Archives/edgar/data/883569/000110465907063097/a07-22125_110q.htm"
    },
    {
        "date": "2007-04-07",
        "symbol": "FOSL",
        "reportedCurrency": "USD",
        "cik": "0000883569",
        "fillingDate": "2007-08-08",
        "acceptedDate": "2007-08-08 12:24:31",
        "calendarYear": "2007",
        "period": "Q1",
        "revenue": 304825000,
        "costOfRevenue": 148706000,
        "grossProfit": 156119000,
        "grossProfitRatio": 0.5121594357,
        "researchAndDevelopmentExpenses": 0,
        "generalAndAdministrativeExpenses": 0,
        "sellingAndMarketingExpenses": 0,
        "sellingGeneralAndAdministrativeExpenses": 123564000,
        "otherExpenses": 0,
        "operatingExpenses": 123564000,
        "costAndExpenses": 272270000,
        "interestIncome": 0,
        "interestExpense": 0,
        "depreciationAndAmortization": 8031000,
        "ebitda": 40586000,
        "ebitdaratio": 0.1331452473,
        "operatingIncome": 32555000,
        "operatingIncomeRatio": 0.106798983,
        "totalOtherIncomeExpensesNet": 1274000,
        "incomeBeforeTax": 33829000,
        "incomeBeforeTaxRatio": 0.1109784302,
        "incomeTaxExpense": 8797000,
        "netIncome": 25032000,
        "netIncomeRatio": 0.0821192487,
        "eps": 0.37,
        "epsdiluted": 0.36,
        "weightedAverageShsOut": 67576000,
        "weightedAverageShsOutDil": 69238000,
        "link": "https://www.sec.gov/Archives/edgar/data/883569/000114036107015657/0001140361-07-015657-index.htm",
        "finalLink": "https://www.sec.gov/Archives/edgar/data/883569/000114036107015657/form10q.htm"
    },
    {
        "date": "2006-12-31",
        "symbol": "FOSL",
        "reportedCurrency": "USD",
        "cik": "0000883569",
        "fillingDate": "2007-08-08",
        "acceptedDate": "2007-08-08 12:17:07",
        "calendarYear": "2006",
        "period": "Q4",
        "revenue": 390805000,
        "costOfRevenue": 190039000,
        "grossProfit": 200766000,
        "grossProfitRatio": 0.5137242359,
        "researchAndDevelopmentExpenses": 0,
        "generalAndAdministrativeExpenses": 0,
        "sellingAndMarketingExpenses": 0,
        "sellingGeneralAndAdministrativeExpenses": 143581000,
        "otherExpenses": 0,
        "operatingExpenses": 143581000,
        "costAndExpenses": 333620000,
        "interestIncome": 0,
        "interestExpense": 0,
        "depreciationAndAmortization": 8319000,
        "ebitda": 65504000,
        "ebitdaratio": 0.1676130039,
        "operatingIncome": 57185000,
        "operatingIncomeRatio": 0.1463261729,
        "totalOtherIncomeExpensesNet": -1433000,
        "incomeBeforeTax": 55752000,
        "incomeBeforeTaxRatio": 0.1426593826,
        "incomeTaxExpense": 20666000,
        "netIncome": 35086000,
        "netIncomeRatio": 0.0897787899,
        "eps": 0.51,
        "epsdiluted": 0.51,
        "weightedAverageShsOut": 67360000,
        "weightedAverageShsOutDil": 69200000,
        "link": "https://www.sec.gov/Archives/edgar/data/883569/000114036107015655/0001140361-07-015655-index.htm",
        "finalLink": "https://www.sec.gov/Archives/edgar/data/883569/000114036107015655/form10-k.htm"
    },
    {
        "date": "2006-10-07",
        "symbol": "FOSL",
        "reportedCurrency": "USD",
        "cik": "0000883569",
        "fillingDate": "2007-08-08",
        "acceptedDate": "2007-08-08 12:05:40",
        "calendarYear": "2006",
        "period": "Q3",
        "revenue": 299697000,
        "costOfRevenue": 151591000,
        "grossProfit": 148106000,
        "grossProfitRatio": 0.4941857943,
        "researchAndDevelopmentExpenses": 0,
        "generalAndAdministrativeExpenses": 0,
        "sellingAndMarketingExpenses": 0,
        "sellingGeneralAndAdministrativeExpenses": 115153000,
        "otherExpenses": 0,
        "operatingExpenses": 115153000,
        "costAndExpenses": 266744000,
        "interestIncome": 0,
        "interestExpense": 0,
        "depreciationAndAmortization": 8010000,
        "ebitda": 40963000,
        "ebitdaratio": 0.1366813815,
        "operatingIncome": 32953000,
        "operatingIncomeRatio": 0.1099543873,
        "totalOtherIncomeExpensesNet": -1012000,
        "incomeBeforeTax": 31941000,
        "incomeBeforeTaxRatio": 0.1065776434,
        "incomeTaxExpense": 10400000,
        "netIncome": 21541000,
        "netIncomeRatio": 0.071875928,
        "eps": 0.32,
        "epsdiluted": 0.31,
        "weightedAverageShsOut": 67127000,
        "weightedAverageShsOutDil": 68691000,
        "link": "https://www.sec.gov/Archives/edgar/data/883569/000114036107015653/0001140361-07-015653-index.htm",
        "finalLink": "https://www.sec.gov/Archives/edgar/data/883569/000114036107015653/form10q.htm"
    },
    {
        "date": "2006-07-08",
        "symbol": "FOSL",
        "reportedCurrency": "USD",
        "cik": "0000883569",
        "fillingDate": "2006-08-17",
        "acceptedDate": "2006-08-17 15:16:30",
        "calendarYear": "2006",
        "period": "Q2",
        "revenue": 259238000,
        "costOfRevenue": 132204000,
        "grossProfit": 127034000,
        "grossProfitRatio": 0.490028468,
        "researchAndDevelopmentExpenses": 0,
        "generalAndAdministrativeExpenses": 0,
        "sellingAndMarketingExpenses": 0,
        "sellingGeneralAndAdministrativeExpenses": 110838000,
        "otherExpenses": 0,
        "operatingExpenses": 110838000,
        "costAndExpenses": 243042000,
        "interestIncome": 0,
        "interestExpense": 0,
        "depreciationAndAmortization": 7915000,
        "ebitda": 24111000,
        "ebitdaratio": 0.093007198,
        "operatingIncome": 16196000,
        "operatingIncomeRatio": 0.0624754087,
        "totalOtherIncomeExpensesNet": -586000,
        "incomeBeforeTax": 15610000,
        "incomeBeforeTaxRatio": 0.0602149376,
        "incomeTaxExpense": 4372000,
        "netIncome": 11238000,
        "netIncomeRatio": 0.0433501261,
        "eps": 0.17,
        "epsdiluted": 0.16,
        "weightedAverageShsOut": 66884000,
        "weightedAverageShsOutDil": 68299000,
        "link": "https://www.sec.gov/Archives/edgar/data/883569/000110465906055812/0001104659-06-055812-index.htm",
        "finalLink": "https://www.sec.gov/Archives/edgar/data/883569/000110465906055812/a06-15403_110q.htm"
    },
    {
        "date": "2006-04-08",
        "symbol": "FOSL",
        "reportedCurrency": "USD",
        "cik": "0000883569",
        "fillingDate": "2006-05-18",
        "acceptedDate": "2006-05-18 17:14:21",
        "calendarYear": "2006",
        "period": "Q1",
        "revenue": 264225000,
        "costOfRevenue": 131211000,
        "grossProfit": 133014000,
        "grossProfitRatio": 0.5034118649,
        "researchAndDevelopmentExpenses": 0,
        "generalAndAdministrativeExpenses": 0,
        "sellingAndMarketingExpenses": 0,
        "sellingGeneralAndAdministrativeExpenses": 116022000,
        "otherExpenses": 0,
        "operatingExpenses": 116022000,
        "costAndExpenses": 247233000,
        "interestIncome": 0,
        "interestExpense": 0,
        "depreciationAndAmortization": 7805000,
        "ebitda": 24797000,
        "ebitdaratio": 0.0938480462,
        "operatingIncome": 16992000,
        "operatingIncomeRatio": 0.0643088277,
        "totalOtherIncomeExpensesNet": -1500000,
        "incomeBeforeTax": 15492000,
        "incomeBeforeTaxRatio": 0.0586318479,
        "incomeTaxExpense": 5776000,
        "netIncome": 9716000,
        "netIncomeRatio": 0.0367716908,
        "eps": 0.14,
        "epsdiluted": 0.14,
        "weightedAverageShsOut": 67258000,
        "weightedAverageShsOutDil": 69060000,
        "link": "https://www.sec.gov/Archives/edgar/data/883569/000110465906036054/0001104659-06-036054-index.htm",
        "finalLink": "https://www.sec.gov/Archives/edgar/data/883569/000110465906036054/a06-9503_110q.htm"
    },
    {
        "date": "2005-12-31",
        "symbol": "FOSL",
        "reportedCurrency": "USD",
        "cik": "0000883569",
        "fillingDate": "2006-03-09",
        "acceptedDate": "2006-03-08 21:00:07",
        "calendarYear": "2005",
        "period": "Q4",
        "revenue": 324204000,
        "costOfRevenue": 163690000,
        "grossProfit": 160514000,
        "grossProfitRatio": 0.4951018495,
        "researchAndDevelopmentExpenses": 0,
        "generalAndAdministrativeExpenses": 0,
        "sellingAndMarketingExpenses": 0,
        "sellingGeneralAndAdministrativeExpenses": 127128000,
        "otherExpenses": 0,
        "operatingExpenses": 127128000,
        "costAndExpenses": 290818000,
        "interestIncome": 0,
        "interestExpense": 0,
        "depreciationAndAmortization": 7674000,
        "ebitda": 41060000,
        "ebitdaratio": 0.1266486533,
        "operatingIncome": 33386000,
        "operatingIncomeRatio": 0.1029783716,
        "totalOtherIncomeExpensesNet": 1314000,
        "incomeBeforeTax": 34700000,
        "incomeBeforeTaxRatio": 0.1070313753,
        "incomeTaxExpense": 12535000,
        "netIncome": 22165000,
        "netIncomeRatio": 0.0683674477,
        "eps": 0.31,
        "epsdiluted": 0.31,
        "weightedAverageShsOut": 69840000,
        "weightedAverageShsOutDil": 72400000,
        "link": "https://www.sec.gov/Archives/edgar/data/883569/000104746906003081/0001047469-06-003081-index.htm",
        "finalLink": "https://www.sec.gov/Archives/edgar/data/883569/000104746906003081/a2168053z10-k.htm"
    },
    {
        "date": "2005-10-01",
        "symbol": "FOSL",
        "reportedCurrency": "USD",
        "cik": "0000883569",
        "fillingDate": "2005-11-10",
        "acceptedDate": "2005-11-10 15:43:10",
        "calendarYear": "2005",
        "period": "Q3",
        "revenue": 260171000,
        "costOfRevenue": 123961000,
        "grossProfit": 136210000,
        "grossProfitRatio": 0.523540287,
        "researchAndDevelopmentExpenses": 0,
        "generalAndAdministrativeExpenses": 0,
        "sellingAndMarketingExpenses": 0,
        "sellingGeneralAndAdministrativeExpenses": 99488000,
        "otherExpenses": 0,
        "operatingExpenses": 99488000,
        "costAndExpenses": 223449000,
        "interestIncome": 0,
        "interestExpense": 0,
        "depreciationAndAmortization": 6218000,
        "ebitda": 42940000,
        "ebitdaratio": 0.1650452971,
        "operatingIncome": 36722000,
        "operatingIncomeRatio": 0.1411456311,
        "totalOtherIncomeExpensesNet": -2337000,
        "incomeBeforeTax": 34385000,
        "incomeBeforeTaxRatio": 0.1321630774,
        "incomeTaxExpense": 12691000,
        "netIncome": 21694000,
        "netIncomeRatio": 0.0833836208,
        "eps": 0.31,
        "epsdiluted": 0.3,
        "weightedAverageShsOut": 70563000,
        "weightedAverageShsOutDil": 72437000,
        "link": "https://www.sec.gov/Archives/edgar/data/883569/000110465905054560/0001104659-05-054560-index.htm",
        "finalLink": "https://www.sec.gov/Archives/edgar/data/883569/000110465905054560/a05-18225_110q.htm"
    },
    {
        "date": "2005-07-02",
        "symbol": "FOSL",
        "reportedCurrency": "USD",
        "cik": "0000883569",
        "fillingDate": "2005-08-11",
        "acceptedDate": "2005-08-11 15:58:41",
        "calendarYear": "2005",
        "period": "Q2",
        "revenue": 226235000,
        "costOfRevenue": 108983000,
        "grossProfit": 117252000,
        "grossProfitRatio": 0.5182752448,
        "researchAndDevelopmentExpenses": 0,
        "generalAndAdministrativeExpenses": 0,
        "sellingAndMarketingExpenses": 0,
        "sellingGeneralAndAdministrativeExpenses": 100959000,
        "otherExpenses": 0,
        "operatingExpenses": 100959000,
        "costAndExpenses": 209942000,
        "interestIncome": 0,
        "interestExpense": 0,
        "depreciationAndAmortization": 6185000,
        "ebitda": 22478000,
        "ebitdaratio": 0.0993568634,
        "operatingIncome": 16293000,
        "operatingIncomeRatio": 0.0720180343,
        "totalOtherIncomeExpensesNet": -2412000,
        "incomeBeforeTax": 13881000,
        "incomeBeforeTaxRatio": 0.061356554,
        "incomeTaxExpense": 4228000,
        "netIncome": 9653000,
        "netIncomeRatio": 0.0426680222,
        "eps": 0.14,
        "epsdiluted": 0.13,
        "weightedAverageShsOut": 71104000,
        "weightedAverageShsOutDil": 73904000,
        "link": "https://www.sec.gov/Archives/edgar/data/883569/000110465905038620/0001104659-05-038620-index.htm",
        "finalLink": "https://www.sec.gov/Archives/edgar/data/883569/000110465905038620/a05-12897_110q.htm"
    },
    {
        "date": "2005-04-02",
        "symbol": "FOSL",
        "reportedCurrency": "USD",
        "cik": "0000883569",
        "fillingDate": "2005-05-12",
        "acceptedDate": "2005-05-12 15:48:47",
        "calendarYear": "2005",
        "period": "Q1",
        "revenue": 232510000,
        "costOfRevenue": 111348000,
        "grossProfit": 121162000,
        "grossProfitRatio": 0.5211044686,
        "researchAndDevelopmentExpenses": 0,
        "generalAndAdministrativeExpenses": 0,
        "sellingAndMarketingExpenses": 0,
        "sellingGeneralAndAdministrativeExpenses": 96647000,
        "otherExpenses": 0,
        "operatingExpenses": 96647000,
        "costAndExpenses": 207995000,
        "interestIncome": 0,
        "interestExpense": 0,
        "depreciationAndAmortization": 6974000,
        "ebitda": 31489000,
        "ebitdaratio": 0.1354307342,
        "operatingIncome": 24515000,
        "operatingIncomeRatio": 0.1054363253,
        "totalOtherIncomeExpensesNet": -2603000,
        "incomeBeforeTax": 21912000,
        "incomeBeforeTaxRatio": 0.0942411079,
        "incomeTaxExpense": -1982000,
        "netIncome": 23894000,
        "netIncomeRatio": 0.1027654725,
        "eps": 0.34,
        "epsdiluted": 0.32,
        "weightedAverageShsOut": 71143000,
        "weightedAverageShsOutDil": 74454000,
        "link": "https://www.sec.gov/Archives/edgar/data/883569/000110465905022958/0001104659-05-022958-index.htm",
        "finalLink": "https://www.sec.gov/Archives/edgar/data/883569/000110465905022958/a05-8304_110q.htm"
    },
    {
        "date": "2004-12-31",
        "symbol": "FOSL",
        "reportedCurrency": "USD",
        "cik": "0000883569",
        "fillingDate": "2005-03-17",
        "acceptedDate": "2005-03-17 17:27:49",
        "calendarYear": "2004",
        "period": "Q4",
        "revenue": 318400000,
        "costOfRevenue": 142492000,
        "grossProfit": 175908000,
        "grossProfitRatio": 0.5524748744,
        "researchAndDevelopmentExpenses": 0,
        "generalAndAdministrativeExpenses": 0,
        "sellingAndMarketingExpenses": 0,
        "sellingGeneralAndAdministrativeExpenses": 123029000,
        "otherExpenses": 0,
        "operatingExpenses": 123029000,
        "costAndExpenses": 265521000,
        "interestIncome": 0,
        "interestExpense": 0,
        "depreciationAndAmortization": 7089000,
        "ebitda": 59968000,
        "ebitdaratio": 0.1883417085,
        "operatingIncome": 52879000,
        "operatingIncomeRatio": 0.1660772613,
        "totalOtherIncomeExpensesNet": 57000,
        "incomeBeforeTax": 52936000,
        "incomeBeforeTaxRatio": 0.1662562814,
        "incomeTaxExpense": 17864000,
        "netIncome": 35072000,
        "netIncomeRatio": 0.1101507538,
        "eps": 0.47,
        "epsdiluted": 0.47,
        "weightedAverageShsOut": 74700000,
        "weightedAverageShsOutDil": 74700000,
        "link": "https://www.sec.gov/Archives/edgar/data/883569/000110465905011874/0001104659-05-011874-index.htm",
        "finalLink": "https://www.sec.gov/Archives/edgar/data/883569/000110465905011874/a05-2355_110k.htm"
    },
    {
        "date": "2004-10-02",
        "symbol": "FOSL",
        "reportedCurrency": "USD",
        "cik": "0000883569",
        "fillingDate": "2004-11-12",
        "acceptedDate": "2004-11-12 15:47:47",
        "calendarYear": "2004",
        "period": "Q3",
        "revenue": 236043000,
        "costOfRevenue": 114682000,
        "grossProfit": 121361000,
        "grossProfitRatio": 0.5141478459,
        "researchAndDevelopmentExpenses": 0,
        "generalAndAdministrativeExpenses": 0,
        "sellingAndMarketingExpenses": 0,
        "sellingGeneralAndAdministrativeExpenses": 83285000,
        "otherExpenses": 0,
        "operatingExpenses": 83285000,
        "costAndExpenses": 197967000,
        "interestIncome": 0,
        "interestExpense": 0,
        "depreciationAndAmortization": 6235000,
        "ebitda": 44311000,
        "ebitdaratio": 0.1877242706,
        "operatingIncome": 38076000,
        "operatingIncomeRatio": 0.1613095919,
        "totalOtherIncomeExpensesNet": -902000,
        "incomeBeforeTax": 37174000,
        "incomeBeforeTaxRatio": 0.1574882543,
        "incomeTaxExpense": 13802000,
        "netIncome": 23372000,
        "netIncomeRatio": 0.0990158573,
        "eps": 0.33,
        "epsdiluted": 0.31,
        "weightedAverageShsOut": 70889000,
        "weightedAverageShsOutDil": 74772000,
        "link": "https://www.sec.gov/Archives/edgar/data/883569/000110465904035592/0001104659-04-035592-index.htm",
        "finalLink": "https://www.sec.gov/Archives/edgar/data/883569/000110465904035592/a04-13393_110q.htm"
    },
    {
        "date": "2004-07-03",
        "symbol": "FOSL",
        "reportedCurrency": "USD",
        "cik": "0000883569",
        "fillingDate": "2004-08-12",
        "acceptedDate": "2004-08-12 16:44:38",
        "calendarYear": "2004",
        "period": "Q2",
        "revenue": 206122000,
        "costOfRevenue": 97101000,
        "grossProfit": 109021000,
        "grossProfitRatio": 0.5289149145,
        "researchAndDevelopmentExpenses": 0,
        "generalAndAdministrativeExpenses": 0,
        "sellingAndMarketingExpenses": 0,
        "sellingGeneralAndAdministrativeExpenses": 84986000,
        "otherExpenses": 0,
        "operatingExpenses": 84986000,
        "costAndExpenses": 182087000,
        "interestIncome": 0,
        "interestExpense": 0,
        "depreciationAndAmortization": 5563000,
        "ebitda": 29598000,
        "ebitdaratio": 0.1435945702,
        "operatingIncome": 24035000,
        "operatingIncomeRatio": 0.1166056995,
        "totalOtherIncomeExpensesNet": 1013000,
        "incomeBeforeTax": 25048000,
        "incomeBeforeTaxRatio": 0.1215202647,
        "incomeTaxExpense": 9268000,
        "netIncome": 15780000,
        "netIncomeRatio": 0.0765566024,
        "eps": 0.22,
        "epsdiluted": 0.21,
        "weightedAverageShsOut": 70641000,
        "weightedAverageShsOutDil": 74518000,
        "link": "https://www.sec.gov/Archives/edgar/data/883569/000110465904024136/0001104659-04-024136-index.htm",
        "finalLink": "https://www.sec.gov/Archives/edgar/data/883569/000110465904024136/a04-9445_110q.htm"
    },
    {
        "date": "2004-04-03",
        "symbol": "FOSL",
        "reportedCurrency": "USD",
        "cik": "0000883569",
        "fillingDate": "2004-05-12",
        "acceptedDate": "2004-05-12 17:27:03",
        "calendarYear": "2004",
        "period": "Q1",
        "revenue": 199395000,
        "costOfRevenue": 97543000,
        "grossProfit": 101852000,
        "grossProfitRatio": 0.5108051857,
        "researchAndDevelopmentExpenses": 0,
        "generalAndAdministrativeExpenses": 0,
        "sellingAndMarketingExpenses": 0,
        "sellingGeneralAndAdministrativeExpenses": 76944000,
        "otherExpenses": 0,
        "operatingExpenses": 76944000,
        "costAndExpenses": 174487000,
        "interestIncome": 0,
        "interestExpense": 0,
        "depreciationAndAmortization": 5772000,
        "ebitda": 30680000,
        "ebitdaratio": 0.153865443,
        "operatingIncome": 24908000,
        "operatingIncomeRatio": 0.1249178766,
        "totalOtherIncomeExpensesNet": 1036000,
        "incomeBeforeTax": 25944000,
        "incomeBeforeTaxRatio": 0.1301135936,
        "incomeTaxExpense": 9599000,
        "netIncome": 16345000,
        "netIncomeRatio": 0.0819729682,
        "eps": 0.23,
        "epsdiluted": 0.22,
        "weightedAverageShsOut": 70007000,
        "weightedAverageShsOutDil": 73744000,
        "link": "https://www.sec.gov/Archives/edgar/data/883569/000110465904014073/0001104659-04-014073-index.htm",
        "finalLink": "https://www.sec.gov/Archives/edgar/data/883569/000110465904014073/a04-5904_110q.htm"
    },
    {
        "date": "2003-12-31",
        "symbol": "FOSL",
        "reportedCurrency": "USD",
        "cik": "0000883569",
        "fillingDate": "2004-03-18",
        "acceptedDate": "2004-03-18 17:05:52",
        "calendarYear": "2003",
        "period": "Q4",
        "revenue": 259199000,
        "costOfRevenue": 122282000,
        "grossProfit": 136917000,
        "grossProfitRatio": 0.5282312046,
        "researchAndDevelopmentExpenses": 0,
        "generalAndAdministrativeExpenses": 0,
        "sellingAndMarketingExpenses": 0,
        "sellingGeneralAndAdministrativeExpenses": 90571000,
        "otherExpenses": 0,
        "operatingExpenses": 90571000,
        "costAndExpenses": 212853000,
        "interestIncome": 0,
        "interestExpense": 0,
        "depreciationAndAmortization": 5954000,
        "ebitda": 52300000,
        "ebitdaratio": 0.2017754698,
        "operatingIncome": 46346000,
        "operatingIncomeRatio": 0.1788047022,
        "totalOtherIncomeExpensesNet": -349000,
        "incomeBeforeTax": 45997000,
        "incomeBeforeTaxRatio": 0.1774582464,
        "incomeTaxExpense": 16994000,
        "netIncome": 29003000,
        "netIncomeRatio": 0.1118947218,
        "eps": 0.39,
        "epsdiluted": 0.39,
        "weightedAverageShsOut": 73500000,
        "weightedAverageShsOutDil": 73500000,
        "link": "https://www.sec.gov/Archives/edgar/data/883569/000104746904008472/0001047469-04-008472-index.htm",
        "finalLink": "https://www.sec.gov/Archives/edgar/data/883569/000104746904008472/a2131352z10-k.htm"
    },
    {
        "date": "2003-10-04",
        "symbol": "FOSL",
        "reportedCurrency": "USD",
        "cik": "0000883569",
        "fillingDate": "2003-11-18",
        "acceptedDate": "2003-11-18 15:52:18",
        "calendarYear": "2003",
        "period": "Q3",
        "revenue": 192616000,
        "costOfRevenue": 95640000,
        "grossProfit": 96976000,
        "grossProfitRatio": 0.50346804,
        "researchAndDevelopmentExpenses": 0,
        "generalAndAdministrativeExpenses": 0,
        "sellingAndMarketingExpenses": 0,
        "sellingGeneralAndAdministrativeExpenses": 69592000,
        "otherExpenses": 0,
        "operatingExpenses": 69592000,
        "costAndExpenses": 165232000,
        "interestIncome": 0,
        "interestExpense": 0,
        "depreciationAndAmortization": 5607000,
        "ebitda": 32991000,
        "ebitdaratio": 0.1712786061,
        "operatingIncome": 27384000,
        "operatingIncomeRatio": 0.1421688749,
        "totalOtherIncomeExpensesNet": -201000,
        "incomeBeforeTax": 27183000,
        "incomeBeforeTaxRatio": 0.1411253478,
        "incomeTaxExpense": 10383000,
        "netIncome": 16800000,
        "netIncomeRatio": 0.0872201686,
        "eps": 0.24,
        "epsdiluted": 0.23,
        "weightedAverageShsOut": 69958500,
        "weightedAverageShsOutDil": 73639500,
        "link": "https://www.sec.gov/Archives/edgar/data/883569/000110465903026959/0001104659-03-026959-index.htm",
        "finalLink": "https://www.sec.gov/Archives/edgar/data/883569/000110465903026959/a03-5644_110q.htm"
    },
    {
        "date": "2003-07-05",
        "symbol": "FOSL",
        "reportedCurrency": "USD",
        "cik": "0000883569",
        "fillingDate": "2003-08-19",
        "acceptedDate": "2003-08-19 16:04:45",
        "calendarYear": "2003",
        "period": "Q2",
        "revenue": 159593000,
        "costOfRevenue": 77725000,
        "grossProfit": 81868000,
        "grossProfitRatio": 0.5129798926,
        "researchAndDevelopmentExpenses": 0,
        "generalAndAdministrativeExpenses": 0,
        "sellingAndMarketingExpenses": 0,
        "sellingGeneralAndAdministrativeExpenses": 65670000,
        "otherExpenses": 0,
        "operatingExpenses": 65670000,
        "costAndExpenses": 143395000,
        "interestIncome": 0,
        "interestExpense": 0,
        "depreciationAndAmortization": 4377000,
        "ebitda": 20575000,
        "ebitdaratio": 0.1289216946,
        "operatingIncome": 16198000,
        "operatingIncomeRatio": 0.1014956796,
        "totalOtherIncomeExpensesNet": 508000,
        "incomeBeforeTax": 16706000,
        "incomeBeforeTaxRatio": 0.1046787766,
        "incomeTaxExpense": 6317000,
        "netIncome": 10389000,
        "netIncomeRatio": 0.0650968401,
        "eps": 0.15,
        "epsdiluted": 0.14,
        "weightedAverageShsOut": 69820000,
        "weightedAverageShsOutDil": 73010000,
        "link": "https://www.sec.gov/Archives/edgar/data/883569/000110465903019160/0001104659-03-019160-index.htm",
        "finalLink": "https://www.sec.gov/Archives/edgar/data/883569/000110465903019160/a03-2831_110q.htm"
    },
    {
        "date": "2003-04-05",
        "symbol": "FOSL",
        "reportedCurrency": "USD",
        "cik": "0000883569",
        "fillingDate": "2003-05-20",
        "acceptedDate": "2003-05-20 16:36:27",
        "calendarYear": "2003",
        "period": "Q1",
        "revenue": 169767000,
        "costOfRevenue": 84151000,
        "grossProfit": 85616000,
        "grossProfitRatio": 0.5043147373,
        "researchAndDevelopmentExpenses": 0,
        "generalAndAdministrativeExpenses": 0,
        "sellingAndMarketingExpenses": 0,
        "sellingGeneralAndAdministrativeExpenses": 65794000,
        "otherExpenses": 0,
        "operatingExpenses": 65794000,
        "costAndExpenses": 149945000,
        "interestIncome": 0,
        "interestExpense": 0,
        "depreciationAndAmortization": 3916000,
        "ebitda": 23738000,
        "ebitdaratio": 0.1398269393,
        "operatingIncome": 19822000,
        "operatingIncomeRatio": 0.1167600299,
        "totalOtherIncomeExpensesNet": -237000,
        "incomeBeforeTax": 19585000,
        "incomeBeforeTaxRatio": 0.1153639989,
        "incomeTaxExpense": 7442000,
        "netIncome": 12143000,
        "netIncomeRatio": 0.0715274464,
        "eps": 0.17,
        "epsdiluted": 0.17,
        "weightedAverageShsOut": 70182909,
        "weightedAverageShsOutDil": 72334333,
        "link": "https://www.sec.gov/Archives/edgar/data/883569/000110465903010836/0001104659-03-010836-index.htm",
        "finalLink": "https://www.sec.gov/Archives/edgar/data/883569/000110465903010836/j1331_10q.htm"
    },
    {
        "date": "2002-12-31",
        "symbol": "FOSL",
        "reportedCurrency": "USD",
        "cik": "0000883569",
        "fillingDate": "2003-04-04",
        "acceptedDate": "2003-04-04 16:46:45",
        "calendarYear": "2002",
        "period": "Q4",
        "revenue": 212377000,
        "costOfRevenue": 102838000,
        "grossProfit": 109539000,
        "grossProfitRatio": 0.5157761905,
        "researchAndDevelopmentExpenses": 0,
        "generalAndAdministrativeExpenses": 0,
        "sellingAndMarketingExpenses": 0,
        "sellingGeneralAndAdministrativeExpenses": 72201000,
        "otherExpenses": 0,
        "operatingExpenses": 72201000,
        "costAndExpenses": 175039000,
        "interestIncome": 0,
        "interestExpense": 0,
        "depreciationAndAmortization": 4589000,
        "ebitda": 41927000,
        "ebitdaratio": 0.1974177995,
        "operatingIncome": 37338000,
        "operatingIncomeRatio": 0.1758099983,
        "totalOtherIncomeExpensesNet": 200000,
        "incomeBeforeTax": 37538000,
        "incomeBeforeTaxRatio": 0.1767517198,
        "incomeTaxExpense": 14280000,
        "netIncome": 23258000,
        "netIncomeRatio": 0.1095128004,
        "eps": 0.32,
        "epsdiluted": 0.32,
        "weightedAverageShsOut": 69461000,
        "weightedAverageShsOutDil": 72600000,
        "link": "https://www.sec.gov/Archives/edgar/data/883569/000110465903006038/0001104659-03-006038-index.htm",
        "finalLink": "https://www.sec.gov/Archives/edgar/data/883569/000110465903006038/j9111_10k.htm"
    },
    {
        "date": "2002-10-05",
        "symbol": "FOSL",
        "reportedCurrency": "USD",
        "cik": "0000883569",
        "fillingDate": "2002-11-19",
        "acceptedDate": "2002-11-19 16:20:05",
        "calendarYear": "2002",
        "period": "Q3",
        "revenue": 164821000,
        "costOfRevenue": 83242000,
        "grossProfit": 81579000,
        "grossProfitRatio": 0.4949551331,
        "researchAndDevelopmentExpenses": 0,
        "generalAndAdministrativeExpenses": 0,
        "sellingAndMarketingExpenses": 0,
        "sellingGeneralAndAdministrativeExpenses": 58419000,
        "otherExpenses": 0,
        "operatingExpenses": 58419000,
        "costAndExpenses": 141661000,
        "interestIncome": 0,
        "interestExpense": 0,
        "depreciationAndAmortization": 3132000,
        "ebitda": 26292000,
        "ebitdaratio": 0.159518508,
        "operatingIncome": 23160000,
        "operatingIncomeRatio": 0.140516075,
        "totalOtherIncomeExpensesNet": -48000,
        "incomeBeforeTax": 23112000,
        "incomeBeforeTaxRatio": 0.14022485,
        "incomeTaxExpense": 9015000,
        "netIncome": 14097000,
        "netIncomeRatio": 0.0855291498,
        "eps": 0.21,
        "epsdiluted": 0.19,
        "weightedAverageShsOut": 69307500,
        "weightedAverageShsOutDil": 72660000,
        "link": "https://www.sec.gov/Archives/edgar/data/883569/000104746902003601/0001047469-02-003601-index.htm",
        "finalLink": "https://www.sec.gov/Archives/edgar/data/883569/000104746902003601/a2094228z10-q.htm"
    },
    {
        "date": "2002-07-06",
        "symbol": "FOSL",
        "reportedCurrency": "USD",
        "cik": "0000883569",
        "fillingDate": "2002-08-20",
        "acceptedDate": "2002-08-20 15:14:46",
        "calendarYear": "2002",
        "period": "Q2",
        "revenue": 142460000,
        "costOfRevenue": 70985000,
        "grossProfit": 71475000,
        "grossProfitRatio": 0.501719781,
        "researchAndDevelopmentExpenses": 0,
        "generalAndAdministrativeExpenses": 0,
        "sellingAndMarketingExpenses": 0,
        "sellingGeneralAndAdministrativeExpenses": 55306000,
        "otherExpenses": 0,
        "operatingExpenses": 55306000,
        "costAndExpenses": 126291000,
        "interestIncome": 0,
        "interestExpense": 0,
        "depreciationAndAmortization": 4000000,
        "ebitda": 20169000,
        "ebitdaratio": 0.1415765829,
        "operatingIncome": 16169000,
        "operatingIncomeRatio": 0.1134985259,
        "totalOtherIncomeExpensesNet": -207000,
        "incomeBeforeTax": 15962000,
        "incomeBeforeTaxRatio": 0.1120454865,
        "incomeTaxExpense": 6224000,
        "netIncome": 9213000,
        "netIncomeRatio": 0.0646707848,
        "eps": 0.14,
        "epsdiluted": 0.13,
        "weightedAverageShsOut": 68916000,
        "weightedAverageShsOutDil": 72730500,
        "link": "https://www.sec.gov/Archives/edgar/data/883569/000091205702032946/0000912057-02-032946-index.htm",
        "finalLink": "https://www.sec.gov/Archives/edgar/data/883569/000091205702032946/a2087694z10-q.htm"
    },
    {
        "date": "2002-04-06",
        "symbol": "FOSL",
        "reportedCurrency": "USD",
        "cik": "0000883569",
        "fillingDate": "2002-05-21",
        "acceptedDate": "2002-05-21 14:19:57",
        "calendarYear": "2002",
        "period": "Q1",
        "revenue": 143680000,
        "costOfRevenue": 72188000,
        "grossProfit": 71492000,
        "grossProfitRatio": 0.497577951,
        "researchAndDevelopmentExpenses": 0,
        "generalAndAdministrativeExpenses": 0,
        "sellingAndMarketingExpenses": 0,
        "sellingGeneralAndAdministrativeExpenses": 52228000,
        "otherExpenses": 0,
        "operatingExpenses": 52228000,
        "costAndExpenses": 124416000,
        "interestIncome": 0,
        "interestExpense": 0,
        "depreciationAndAmortization": 2792000,
        "ebitda": 22056000,
        "ebitdaratio": 0.1535077951,
        "operatingIncome": 19264000,
        "operatingIncomeRatio": 0.1340757238,
        "totalOtherIncomeExpensesNet": 104000,
        "incomeBeforeTax": 19368000,
        "incomeBeforeTaxRatio": 0.1347995546,
        "incomeTaxExpense": 7553000,
        "netIncome": 11815000,
        "netIncomeRatio": 0.0822313474,
        "eps": 0.17,
        "epsdiluted": 0.16,
        "weightedAverageShsOut": 68196786,
        "weightedAverageShsOutDil": 71406576,
        "link": "https://www.sec.gov/Archives/edgar/data/883569/000089907802000344/0000899078-02-000344-index.htm",
        "finalLink": "https://www.sec.gov/Archives/edgar/data/883569/000089907802000344/april62002-10q.txt"
    },
    {
        "date": "2001-12-31",
        "symbol": "FOSL",
        "reportedCurrency": "USD",
        "cik": "0000883569",
        "fillingDate": "2002-04-05",
        "acceptedDate": "2002-04-05 00:00:00",
        "calendarYear": "2001",
        "period": "Q4",
        "revenue": 176079000,
        "costOfRevenue": 86720000,
        "grossProfit": 89359000,
        "grossProfitRatio": 0.5074937954,
        "researchAndDevelopmentExpenses": 0,
        "generalAndAdministrativeExpenses": 0,
        "sellingAndMarketingExpenses": 0,
        "sellingGeneralAndAdministrativeExpenses": 58795000,
        "otherExpenses": 0,
        "operatingExpenses": 58795000,
        "costAndExpenses": 145515000,
        "interestIncome": 0,
        "interestExpense": 0,
        "depreciationAndAmortization": 3002000,
        "ebitda": 33566000,
        "ebitdaratio": 0.1906303421,
        "operatingIncome": 30564000,
        "operatingIncomeRatio": 0.1735811766,
        "totalOtherIncomeExpensesNet": -4424000,
        "incomeBeforeTax": 26140000,
        "incomeBeforeTaxRatio": 0.1484560907,
        "incomeTaxExpense": 10455000,
        "netIncome": 15685000,
        "netIncomeRatio": 0.0890793337,
        "eps": 0.22,
        "epsdiluted": 0.22,
        "weightedAverageShsOut": 68010750,
        "weightedAverageShsOutDil": 70500000,
        "link": "https://www.sec.gov/Archives/edgar/data/883569/000091205702013898/0000912057-02-013898-index.htm",
        "finalLink": "https://www.sec.gov/Archives/edgar/data/883569/000091205702013898/a2074458z10-k.htm"
    },
    {
        "date": "2001-10-06",
        "symbol": "FOSL",
        "reportedCurrency": "USD",
        "cik": "0000883569",
        "fillingDate": "2001-11-20",
        "acceptedDate": "2001-11-20 00:00:00",
        "calendarYear": "2001",
        "period": "Q3",
        "revenue": 135999000,
        "costOfRevenue": 70148000,
        "grossProfit": 65851000,
        "grossProfitRatio": 0.4842020897,
        "researchAndDevelopmentExpenses": 0,
        "generalAndAdministrativeExpenses": 0,
        "sellingAndMarketingExpenses": 0,
        "sellingGeneralAndAdministrativeExpenses": 47486000,
        "otherExpenses": 0,
        "operatingExpenses": 47486000,
        "costAndExpenses": 117634000,
        "interestIncome": 0,
        "interestExpense": 0,
        "depreciationAndAmortization": 2367000,
        "ebitda": 20732000,
        "ebitdaratio": 0.1524422974,
        "operatingIncome": 18365000,
        "operatingIncomeRatio": 0.1350377576,
        "totalOtherIncomeExpensesNet": -507000,
        "incomeBeforeTax": 17858000,
        "incomeBeforeTaxRatio": 0.131309789,
        "incomeTaxExpense": 7143000,
        "netIncome": 10715000,
        "netIncomeRatio": 0.078787344,
        "eps": 0.16,
        "epsdiluted": 0.15,
        "weightedAverageShsOut": 67918500,
        "weightedAverageShsOutDil": 70215750,
        "link": "https://www.sec.gov/Archives/edgar/data/883569/000110465901503539/0001104659-01-503539-index.htm",
        "finalLink": "https://www.sec.gov/Archives/edgar/data/883569/000110465901503539/j2456_10q.htm"
    },
    {
        "date": "2001-07-07",
        "symbol": "FOSL",
        "reportedCurrency": "USD",
        "cik": "0000883569",
        "fillingDate": "2001-08-21",
        "acceptedDate": "2001-08-21 00:00:00",
        "calendarYear": "2001",
        "period": "Q2",
        "revenue": 112357000,
        "costOfRevenue": 55453000,
        "grossProfit": 56904000,
        "grossProfitRatio": 0.5064570966,
        "researchAndDevelopmentExpenses": 0,
        "generalAndAdministrativeExpenses": 0,
        "sellingAndMarketingExpenses": 0,
        "sellingGeneralAndAdministrativeExpenses": 45320000,
        "otherExpenses": 0,
        "operatingExpenses": 45320000,
        "costAndExpenses": 100773000,
        "interestIncome": 0,
        "interestExpense": 0,
        "depreciationAndAmortization": 2233000,
        "ebitda": 13817000,
        "ebitdaratio": 0.1229740915,
        "operatingIncome": 11584000,
        "operatingIncomeRatio": 0.1030999404,
        "totalOtherIncomeExpensesNet": 561000,
        "incomeBeforeTax": 12145000,
        "incomeBeforeTaxRatio": 0.1080929537,
        "incomeTaxExpense": 4862000,
        "netIncome": 7283000,
        "netIncomeRatio": 0.0648201714,
        "eps": 0.11,
        "epsdiluted": 0.1,
        "weightedAverageShsOut": 67664250,
        "weightedAverageShsOutDil": 70332750,
        "link": "https://www.sec.gov/Archives/edgar/data/883569/000089907801500288/0000899078-01-500288-index.htm",
        "finalLink": "https://www.sec.gov/Archives/edgar/data/883569/000089907801500288/form10q_772001.txt"
    },
    {
        "date": "2001-04-07",
        "symbol": "FOSL",
        "reportedCurrency": "USD",
        "cik": "0000883569",
        "fillingDate": "2001-05-22",
        "acceptedDate": "2001-05-22 00:00:00",
        "calendarYear": "2001",
        "period": "Q1",
        "revenue": 121105000,
        "costOfRevenue": 61370000,
        "grossProfit": 59735000,
        "grossProfitRatio": 0.4932496594,
        "researchAndDevelopmentExpenses": 0,
        "generalAndAdministrativeExpenses": 0,
        "sellingAndMarketingExpenses": 0,
        "sellingGeneralAndAdministrativeExpenses": 43394000,
        "otherExpenses": 0,
        "operatingExpenses": 43394000,
        "costAndExpenses": 104764000,
        "interestIncome": 0,
        "interestExpense": 0,
        "depreciationAndAmortization": 2025000,
        "ebitda": 18366000,
        "ebitdaratio": 0.1516535238,
        "operatingIncome": 16341000,
        "operatingIncomeRatio": 0.1349324966,
        "totalOtherIncomeExpensesNet": 321000,
        "incomeBeforeTax": 16662000,
        "incomeBeforeTaxRatio": 0.1375830891,
        "incomeTaxExpense": 6661000,
        "netIncome": 10001000,
        "netIncomeRatio": 0.0825812312,
        "eps": 0.15,
        "epsdiluted": 0.14,
        "weightedAverageShsOut": 67733750,
        "weightedAverageShsOutDil": 70006226,
        "link": "https://www.sec.gov/Archives/edgar/data/883569/000089907801500086/0000899078-01-500086-index.htm",
        "finalLink": "https://www.sec.gov/Archives/edgar/data/883569/000089907801500086/fossil472001_10.txt"
    },
    {
        "date": "2000-12-31",
        "symbol": "FOSL",
        "reportedCurrency": "USD",
        "cik": "0000883569",
        "fillingDate": "2001-03-30",
        "acceptedDate": "2001-03-30 00:00:00",
        "calendarYear": "2000",
        "period": "Q4",
        "revenue": 159259000,
        "costOfRevenue": 75533000,
        "grossProfit": 83726000,
        "grossProfitRatio": 0.5257222512,
        "researchAndDevelopmentExpenses": 0,
        "generalAndAdministrativeExpenses": 0,
        "sellingAndMarketingExpenses": 0,
        "sellingGeneralAndAdministrativeExpenses": 52015000,
        "otherExpenses": 1890000,
        "operatingExpenses": 53905000,
        "costAndExpenses": 129438000,
        "interestIncome": 0,
        "interestExpense": 0,
        "depreciationAndAmortization": 1890000,
        "ebitda": 31711000,
        "ebitdaratio": 0.1991159055,
        "operatingIncome": 29821000,
        "operatingIncomeRatio": 0.1872484444,
        "totalOtherIncomeExpensesNet": 397000,
        "incomeBeforeTax": 30218000,
        "incomeBeforeTaxRatio": 0.1897412391,
        "incomeTaxExpense": 12389000,
        "netIncome": 17829000,
        "netIncomeRatio": 0.1119497171,
        "eps": 0.25,
        "epsdiluted": 0.25,
        "weightedAverageShsOut": 68681574,
        "weightedAverageShsOutDil": 70300000,
        "link": "https://www.sec.gov/Archives/edgar/data/883569/000091205701505762/0000912057-01-505762-index.htm",
        "finalLink": "https://www.sec.gov/Archives/edgar/data/883569/000091205701505762/a2043105z10-k.txt"
    },
    {
        "date": "2000-09-30",
        "symbol": "FOSL",
        "reportedCurrency": "USD",
        "cik": "0000883569",
        "fillingDate": "2000-11-14",
        "acceptedDate": "2000-11-14 00:00:00",
        "calendarYear": "2000",
        "period": "Q3",
        "revenue": 128064000,
        "costOfRevenue": 62763000,
        "grossProfit": 65301000,
        "grossProfitRatio": 0.5099091079,
        "researchAndDevelopmentExpenses": 0,
        "generalAndAdministrativeExpenses": 0,
        "sellingAndMarketingExpenses": 0,
        "sellingGeneralAndAdministrativeExpenses": 41302000,
        "otherExpenses": 1610000,
        "operatingExpenses": 42912000,
        "costAndExpenses": 105675000,
        "interestIncome": 0,
        "interestExpense": 0,
        "depreciationAndAmortization": 1610000,
        "ebitda": 23999000,
        "ebitdaratio": 0.1873984883,
        "operatingIncome": 22389000,
        "operatingIncomeRatio": 0.1748266492,
        "totalOtherIncomeExpensesNet": 456000,
        "incomeBeforeTax": 22845000,
        "incomeBeforeTaxRatio": 0.1783873688,
        "incomeTaxExpense": 9367000,
        "netIncome": 13478000,
        "netIncomeRatio": 0.1052442529,
        "eps": 0.19,
        "epsdiluted": 0.18,
        "weightedAverageShsOut": 72033750,
        "weightedAverageShsOutDil": 74090250,
        "link": "https://www.sec.gov/Archives/edgar/data/883569/000089907800000670/0000899078-00-000670-index.htm",
        "finalLink": "https://www.sec.gov/Archives/edgar/data/883569/000089907800000670/0000899078-00-000670-0001.txt"
    },
    {
        "date": "2000-07-01",
        "symbol": "FOSL",
        "reportedCurrency": "USD",
        "cik": "0000883569",
        "fillingDate": "2000-08-15",
        "acceptedDate": "2000-08-15 00:00:00",
        "calendarYear": "2000",
        "period": "Q2",
        "revenue": 113393000,
        "costOfRevenue": 55653000,
        "grossProfit": 57740000,
        "grossProfitRatio": 0.5092025081,
        "researchAndDevelopmentExpenses": 0,
        "generalAndAdministrativeExpenses": 0,
        "sellingAndMarketingExpenses": 0,
        "sellingGeneralAndAdministrativeExpenses": 36108000,
        "otherExpenses": 1180000,
        "operatingExpenses": 37288000,
        "costAndExpenses": 92941000,
        "interestIncome": 0,
        "interestExpense": 0,
        "depreciationAndAmortization": 1180000,
        "ebitda": 21632000,
        "ebitdaratio": 0.1907701534,
        "operatingIncome": 20452000,
        "operatingIncomeRatio": 0.1803638673,
        "totalOtherIncomeExpensesNet": -203000,
        "incomeBeforeTax": 20249000,
        "incomeBeforeTaxRatio": 0.1785736333,
        "incomeTaxExpense": 8301000,
        "netIncome": 11948000,
        "netIncomeRatio": 0.1053680562,
        "eps": 0.16,
        "epsdiluted": 0.16,
        "weightedAverageShsOut": 72240750,
        "weightedAverageShsOutDil": 74781000,
        "link": "https://www.sec.gov/Archives/edgar/data/883569/000089907800000566/0000899078-00-000566-index.htm",
        "finalLink": "https://www.sec.gov/Archives/edgar/data/883569/000089907800000566/0000899078-00-000566-0001.txt"
    },
    {
        "date": "2000-04-01",
        "symbol": "FOSL",
        "reportedCurrency": "USD",
        "cik": "0000883569",
        "fillingDate": "2000-05-16",
        "acceptedDate": "2000-05-16 00:00:00",
        "calendarYear": "2000",
        "period": "Q1",
        "revenue": 103569000,
        "costOfRevenue": 48154000,
        "grossProfit": 55415000,
        "grossProfitRatio": 0.5350539254,
        "researchAndDevelopmentExpenses": 0,
        "generalAndAdministrativeExpenses": 0,
        "sellingAndMarketingExpenses": 0,
        "sellingGeneralAndAdministrativeExpenses": 32500000,
        "otherExpenses": 1756000,
        "operatingExpenses": 34256000,
        "costAndExpenses": 82410000,
        "interestIncome": 0,
        "interestExpense": 0,
        "depreciationAndAmortization": 1756000,
        "ebitda": 22915000,
        "ebitdaratio": 0.2212534639,
        "operatingIncome": 21159000,
        "operatingIncomeRatio": 0.2042985836,
        "totalOtherIncomeExpensesNet": 246000,
        "incomeBeforeTax": 21405000,
        "incomeBeforeTaxRatio": 0.2066738117,
        "incomeTaxExpense": 8777000,
        "netIncome": 12628000,
        "netIncomeRatio": 0.1219283763,
        "eps": 0.17,
        "epsdiluted": 0.17,
        "weightedAverageShsOut": 72029202,
        "weightedAverageShsOutDil": 74643337,
        "link": "https://www.sec.gov/Archives/edgar/data/883569/000089907800000370/0000899078-00-000370-index.html",
        "finalLink": "https://www.sec.gov/Archives/edgar/data/883569/000089907800000370/"
    },
    {
        "date": "1999-12-31",
        "symbol": "FOSL",
        "reportedCurrency": "USD",
        "cik": "0000883569",
        "fillingDate": "2000-03-31",
        "acceptedDate": "2000-03-31 00:00:00",
        "calendarYear": "1999",
        "period": "Q4",
        "revenue": 140400000,
        "costOfRevenue": 65700000,
        "grossProfit": 74700000,
        "grossProfitRatio": 0.5320512821,
        "researchAndDevelopmentExpenses": 0,
        "generalAndAdministrativeExpenses": 0,
        "sellingAndMarketingExpenses": 0,
        "sellingGeneralAndAdministrativeExpenses": 42300000,
        "otherExpenses": 1900000,
        "operatingExpenses": 44200000,
        "costAndExpenses": 109900000,
        "interestIncome": 0,
        "interestExpense": 0,
        "depreciationAndAmortization": 1900000,
        "ebitda": 32400000,
        "ebitdaratio": 0.2307692308,
        "operatingIncome": 30500000,
        "operatingIncomeRatio": 0.2172364672,
        "totalOtherIncomeExpensesNet": 700000,
        "incomeBeforeTax": 31200000,
        "incomeBeforeTaxRatio": 0.2222222222,
        "incomeTaxExpense": 12800000,
        "netIncome": 18400000,
        "netIncomeRatio": 0.1310541311,
        "eps": 0.24,
        "epsdiluted": 0.24,
        "weightedAverageShsOut": 72600277,
        "weightedAverageShsOutDil": 75800000,
        "link": "https://www.sec.gov/Archives/edgar/data/883569/000091205700015566/0000912057-00-015566-index.html",
        "finalLink": "https://www.sec.gov/Archives/edgar/data/883569/000091205700015566/"
    },
    {
        "date": "1999-10-02",
        "symbol": "FOSL",
        "reportedCurrency": "USD",
        "cik": "0000883569",
        "fillingDate": "1999-11-16",
        "acceptedDate": "1999-11-16 00:00:00",
        "calendarYear": "1999",
        "period": "Q3",
        "revenue": 104800000,
        "costOfRevenue": 50800000,
        "grossProfit": 54000000,
        "grossProfitRatio": 0.5152671756,
        "researchAndDevelopmentExpenses": 0,
        "generalAndAdministrativeExpenses": 0,
        "sellingAndMarketingExpenses": 0,
        "sellingGeneralAndAdministrativeExpenses": 30300000,
        "otherExpenses": 1400000,
        "operatingExpenses": 31700000,
        "costAndExpenses": 82500000,
        "interestIncome": 0,
        "interestExpense": 0,
        "depreciationAndAmortization": 1400000,
        "ebitda": 23700000,
        "ebitdaratio": 0.2261450382,
        "operatingIncome": 22300000,
        "operatingIncomeRatio": 0.2127862595,
        "totalOtherIncomeExpensesNet": -100000,
        "incomeBeforeTax": 22200000,
        "incomeBeforeTaxRatio": 0.2118320611,
        "incomeTaxExpense": 9100000,
        "netIncome": 13100000,
        "netIncomeRatio": 0.125,
        "eps": 0.18,
        "epsdiluted": 0.17,
        "weightedAverageShsOut": 71818600,
        "weightedAverageShsOutDil": 75501277,
        "link": "https://www.sec.gov/Archives/edgar/data/883569/000089907899000439/0000899078-99-000439-index.html",
        "finalLink": "https://www.sec.gov/Archives/edgar/data/883569/000089907899000439/"
    },
    {
        "date": "1999-07-03",
        "symbol": "FOSL",
        "reportedCurrency": "USD",
        "cik": "0000883569",
        "fillingDate": "1999-08-17",
        "acceptedDate": "1999-08-17 00:00:00",
        "calendarYear": "1999",
        "period": "Q2",
        "revenue": 90271000,
        "costOfRevenue": 44300000,
        "grossProfit": 45971000,
        "grossProfitRatio": 0.5092554641,
        "researchAndDevelopmentExpenses": 0,
        "generalAndAdministrativeExpenses": 0,
        "sellingAndMarketingExpenses": 0,
        "sellingGeneralAndAdministrativeExpenses": 28000000,
        "otherExpenses": 1200000,
        "operatingExpenses": 29200000,
        "costAndExpenses": 73500000,
        "interestIncome": 0,
        "interestExpense": 0,
        "depreciationAndAmortization": 1200000,
        "ebitda": 17971000,
        "ebitdaratio": 0.1990783308,
        "operatingIncome": 16771000,
        "operatingIncomeRatio": 0.1857850251,
        "totalOtherIncomeExpensesNet": -71000,
        "incomeBeforeTax": 16700000,
        "incomeBeforeTaxRatio": 0.1849985045,
        "incomeTaxExpense": 6800000,
        "netIncome": 9900000,
        "netIncomeRatio": 0.1096697721,
        "eps": 0.14,
        "epsdiluted": 0.13,
        "weightedAverageShsOut": 71782824,
        "weightedAverageShsOutDil": 76733479,
        "link": "https://www.sec.gov/Archives/edgar/data/883569/000089907899000284/0000899078-99-000284-index.html",
        "finalLink": "https://www.sec.gov/Archives/edgar/data/883569/000089907899000284/"
    },
    {
        "date": "1999-04-03",
        "symbol": "FOSL",
        "reportedCurrency": "USD",
        "cik": "0000883569",
        "fillingDate": "1999-05-18",
        "acceptedDate": "1999-05-18 00:00:00",
        "calendarYear": "1999",
        "period": "Q1",
        "revenue": 83300000,
        "costOfRevenue": 39200000,
        "grossProfit": 44100000,
        "grossProfitRatio": 0.5294117647,
        "researchAndDevelopmentExpenses": 0,
        "generalAndAdministrativeExpenses": 0,
        "sellingAndMarketingExpenses": 0,
        "sellingGeneralAndAdministrativeExpenses": 24800000,
        "otherExpenses": 1400000,
        "operatingExpenses": 26200000,
        "costAndExpenses": 65400000,
        "interestIncome": 0,
        "interestExpense": 0,
        "depreciationAndAmortization": 1400000,
        "ebitda": 19300000,
        "ebitdaratio": 0.2316926771,
        "operatingIncome": 17900000,
        "operatingIncomeRatio": 0.2148859544,
        "totalOtherIncomeExpensesNet": -200000,
        "incomeBeforeTax": 17700000,
        "incomeBeforeTaxRatio": 0.212484994,
        "incomeTaxExpense": 7300000,
        "netIncome": 10400000,
        "netIncomeRatio": 0.12484994,
        "eps": 0.15,
        "epsdiluted": 0.14,
        "weightedAverageShsOut": 70838413,
        "weightedAverageShsOutDil": 75408219,
        "link": "https://www.sec.gov/Archives/edgar/data/883569/000089907899000189/0000899078-99-000189-index.html",
        "finalLink": "https://www.sec.gov/Archives/edgar/data/883569/"
    },
    {
        "date": "1998-12-31",
        "symbol": "FOSL",
        "reportedCurrency": "USD",
        "cik": "0000883569",
        "fillingDate": "1999-04-02",
        "acceptedDate": "1999-04-02 00:00:00",
        "calendarYear": "1998",
        "period": "Q4",
        "revenue": 101100000,
        "costOfRevenue": 48900000,
        "grossProfit": 52200000,
        "grossProfitRatio": 0.5163204748,
        "researchAndDevelopmentExpenses": 0,
        "generalAndAdministrativeExpenses": 0,
        "sellingAndMarketingExpenses": 0,
        "sellingGeneralAndAdministrativeExpenses": 28200000,
        "otherExpenses": 1900000,
        "operatingExpenses": 30100000,
        "costAndExpenses": 79000000,
        "interestIncome": 0,
        "interestExpense": 0,
        "depreciationAndAmortization": 1900000,
        "ebitda": 24000000,
        "ebitdaratio": 0.237388724,
        "operatingIncome": 22100000,
        "operatingIncomeRatio": 0.21859545,
        "totalOtherIncomeExpensesNet": -300000,
        "incomeBeforeTax": 21800000,
        "incomeBeforeTaxRatio": 0.215628091,
        "incomeTaxExpense": 9000000,
        "netIncome": 12800000,
        "netIncomeRatio": 0.1266073195,
        "eps": 0.17,
        "epsdiluted": 0.17,
        "weightedAverageShsOut": 71836875,
        "weightedAverageShsOutDil": 73600000,
        "link": "https://www.sec.gov/Archives/edgar/data/883569/000104746999013422/0001047469-99-013422-index.html",
        "finalLink": "https://www.sec.gov/Archives/edgar/data/883569/"
    },
    {
        "date": "1998-10-03",
        "symbol": "FOSL",
        "reportedCurrency": "USD",
        "cik": "0000883569",
        "fillingDate": "1998-11-16",
        "acceptedDate": "1998-11-16 00:00:00",
        "calendarYear": "1998",
        "period": "Q3",
        "revenue": 82400000,
        "costOfRevenue": 41200000,
        "grossProfit": 41200000,
        "grossProfitRatio": 0.5,
        "researchAndDevelopmentExpenses": 0,
        "generalAndAdministrativeExpenses": 0,
        "sellingAndMarketingExpenses": 0,
        "sellingGeneralAndAdministrativeExpenses": 24800000,
        "otherExpenses": 800000,
        "operatingExpenses": 25600000,
        "costAndExpenses": 66800000,
        "interestIncome": 0,
        "interestExpense": 0,
        "depreciationAndAmortization": 800000,
        "ebitda": 16400000,
        "ebitdaratio": 0.1990291262,
        "operatingIncome": 15600000,
        "operatingIncomeRatio": 0.1893203883,
        "totalOtherIncomeExpensesNet": -100000,
        "incomeBeforeTax": 15500000,
        "incomeBeforeTaxRatio": 0.1881067961,
        "incomeTaxExpense": 6400000,
        "netIncome": 9100000,
        "netIncomeRatio": 0.1104368932,
        "eps": 0.13,
        "epsdiluted": 0.12,
        "weightedAverageShsOut": 70532794,
        "weightedAverageShsOutDil": 75757576,
        "link": "https://www.sec.gov/Archives/edgar/data/883569/000089907898000396/0000899078-98-000396-index.html",
        "finalLink": "https://www.sec.gov/Archives/edgar/data/883569/"
    },
    {
        "date": "1998-07-04",
        "symbol": "FOSL",
        "reportedCurrency": "USD",
        "cik": "0000883569",
        "fillingDate": "1998-08-18",
        "acceptedDate": "1998-08-18 00:00:00",
        "calendarYear": "1998",
        "period": "Q2",
        "revenue": 64400000,
        "costOfRevenue": 31600000,
        "grossProfit": 32800000,
        "grossProfitRatio": 0.5093167702,
        "researchAndDevelopmentExpenses": 0,
        "generalAndAdministrativeExpenses": 0,
        "sellingAndMarketingExpenses": 0,
        "sellingGeneralAndAdministrativeExpenses": 22000000,
        "otherExpenses": 900000,
        "operatingExpenses": 22900000,
        "costAndExpenses": 54500000,
        "interestIncome": 0,
        "interestExpense": 0,
        "depreciationAndAmortization": 900000,
        "ebitda": 10800000,
        "ebitdaratio": 0.1677018634,
        "operatingIncome": 9900000,
        "operatingIncomeRatio": 0.1537267081,
        "totalOtherIncomeExpensesNet": -200000,
        "incomeBeforeTax": 9700000,
        "incomeBeforeTaxRatio": 0.150621118,
        "incomeTaxExpense": 4000000,
        "netIncome": 5700000,
        "netIncomeRatio": 0.0885093168,
        "eps": 0.0845,
        "epsdiluted": 0.0756,
        "weightedAverageShsOut": 67432479,
        "weightedAverageShsOutDil": 75365921,
        "link": "https://www.sec.gov/Archives/edgar/data/883569/000089907898000272/0000899078-98-000272-index.html",
        "finalLink": "https://www.sec.gov/Archives/edgar/data/883569/"
    },
    {
        "date": "1998-04-04",
        "symbol": "FOSL",
        "reportedCurrency": "USD",
        "cik": "0000883569",
        "fillingDate": "1998-05-18",
        "acceptedDate": "1998-05-18 00:00:00",
        "calendarYear": "1998",
        "period": "Q1",
        "revenue": 56900000,
        "costOfRevenue": 28200000,
        "grossProfit": 28700000,
        "grossProfitRatio": 0.5043936731,
        "researchAndDevelopmentExpenses": 0,
        "generalAndAdministrativeExpenses": 0,
        "sellingAndMarketingExpenses": 0,
        "sellingGeneralAndAdministrativeExpenses": 20100000,
        "otherExpenses": 800000,
        "operatingExpenses": 20900000,
        "costAndExpenses": 49100000,
        "interestIncome": 0,
        "interestExpense": 0,
        "depreciationAndAmortization": 800000,
        "ebitda": 8600000,
        "ebitdaratio": 0.151142355,
        "operatingIncome": 7800000,
        "operatingIncomeRatio": 0.1370826011,
        "totalOtherIncomeExpensesNet": 100000,
        "incomeBeforeTax": 7900000,
        "incomeBeforeTaxRatio": 0.1388400703,
        "incomeTaxExpense": 3200000,
        "netIncome": 4700000,
        "netIncomeRatio": 0.0826010545,
        "eps": 0.0667,
        "epsdiluted": 0.0667,
        "weightedAverageShsOut": 70429922,
        "weightedAverageShsOutDil": 70429922,
        "link": "https://www.sec.gov/Archives/edgar/data/883569/000088356998000007/0000883569-98-000007-index.html",
        "finalLink": "https://www.sec.gov/Archives/edgar/data/883569/"
    },
    {
        "date": "1997-12-31",
        "symbol": "FOSL",
        "reportedCurrency": "USD",
        "cik": "0000883569",
        "fillingDate": "1998-04-03",
        "acceptedDate": "1998-04-03 00:00:00",
        "calendarYear": "1997",
        "period": "Q4",
        "revenue": 79400000,
        "costOfRevenue": 40400000,
        "grossProfit": 39000000,
        "grossProfitRatio": 0.4911838791,
        "researchAndDevelopmentExpenses": 0,
        "generalAndAdministrativeExpenses": 0,
        "sellingAndMarketingExpenses": 0,
        "sellingGeneralAndAdministrativeExpenses": 25900000,
        "otherExpenses": 600000,
        "operatingExpenses": 26500000,
        "costAndExpenses": 66900000,
        "interestIncome": 0,
        "interestExpense": 0,
        "depreciationAndAmortization": 600000,
        "ebitda": 13100000,
        "ebitdaratio": 0.1649874055,
        "operatingIncome": 12500000,
        "operatingIncomeRatio": 0.1574307305,
        "totalOtherIncomeExpensesNet": -900000,
        "incomeBeforeTax": 11600000,
        "incomeBeforeTaxRatio": 0.1460957179,
        "incomeTaxExpense": 4800000,
        "netIncome": 6800000,
        "netIncomeRatio": 0.0856423174,
        "eps": 0.0951,
        "epsdiluted": 0.0951,
        "weightedAverageShsOut": 68439542,
        "weightedAverageShsOutDil": 71500000,
        "link": "https://www.sec.gov/Archives/edgar/data/883569/000088356998000005/0000883569-98-000005-index.html",
        "finalLink": "https://www.sec.gov/Archives/edgar/data/883569/"
    },
    {
        "date": "1997-10-04",
        "symbol": "FOSL",
        "reportedCurrency": "USD",
        "cik": "0000883569",
        "fillingDate": "1997-11-18",
        "acceptedDate": "1997-11-18 00:00:00",
        "calendarYear": "1997",
        "period": "Q3",
        "revenue": 61000000,
        "costOfRevenue": 30400000,
        "grossProfit": 30600000,
        "grossProfitRatio": 0.5016393443,
        "researchAndDevelopmentExpenses": 0,
        "generalAndAdministrativeExpenses": 0,
        "sellingAndMarketingExpenses": 0,
        "sellingGeneralAndAdministrativeExpenses": 19900000,
        "otherExpenses": 900000,
        "operatingExpenses": 20800000,
        "costAndExpenses": 51200000,
        "interestIncome": 0,
        "interestExpense": 0,
        "depreciationAndAmortization": 900000,
        "ebitda": 10700000,
        "ebitdaratio": 0.1754098361,
        "operatingIncome": 9800000,
        "operatingIncomeRatio": 0.1606557377,
        "totalOtherIncomeExpensesNet": -500000,
        "incomeBeforeTax": 9300000,
        "incomeBeforeTaxRatio": 0.1524590164,
        "incomeTaxExpense": 3800000,
        "netIncome": 5500000,
        "netIncomeRatio": 0.0901639344,
        "eps": 0.0801,
        "epsdiluted": 0.0756,
        "weightedAverageShsOut": 68681319,
        "weightedAverageShsOutDil": 72721503,
        "link": "https://www.sec.gov/Archives/edgar/data/883569/000088356997000008/0000883569-97-000008-index.html",
        "finalLink": "https://www.sec.gov/Archives/edgar/data/883569/"
    },
    {
        "date": "1997-07-05",
        "symbol": "FOSL",
        "reportedCurrency": "USD",
        "cik": "0000883569",
        "fillingDate": "1997-08-19",
        "acceptedDate": "1997-08-19 00:00:00",
        "calendarYear": "1997",
        "period": "Q2",
        "revenue": 56900000,
        "costOfRevenue": 29800000,
        "grossProfit": 27100000,
        "grossProfitRatio": 0.4762741652,
        "researchAndDevelopmentExpenses": 0,
        "generalAndAdministrativeExpenses": 0,
        "sellingAndMarketingExpenses": 0,
        "sellingGeneralAndAdministrativeExpenses": 19500000,
        "otherExpenses": 800000,
        "operatingExpenses": 20300000,
        "costAndExpenses": 50100000,
        "interestIncome": 0,
        "interestExpense": 0,
        "depreciationAndAmortization": 800000,
        "ebitda": 7600000,
        "ebitdaratio": 0.1335676626,
        "operatingIncome": 6800000,
        "operatingIncomeRatio": 0.1195079086,
        "totalOtherIncomeExpensesNet": -700000,
        "incomeBeforeTax": 6100000,
        "incomeBeforeTaxRatio": 0.1072056239,
        "incomeTaxExpense": 2500000,
        "netIncome": 3600000,
        "netIncomeRatio": 0.0632688928,
        "eps": 0.0534,
        "epsdiluted": 0.0534,
        "weightedAverageShsOut": 67432146,
        "weightedAverageShsOutDil": 67432146,
        "link": "https://www.sec.gov/Archives/edgar/data/883569/000089907897000272/0000899078-97-000272-index.html",
        "finalLink": "https://www.sec.gov/Archives/edgar/data/883569/"
    },
    {
        "date": "1997-04-05",
        "symbol": "FOSL",
        "reportedCurrency": "USD",
        "cik": "0000883569",
        "fillingDate": "1997-05-19",
        "acceptedDate": "1997-05-19 00:00:00",
        "calendarYear": "1997",
        "period": "Q1",
        "revenue": 47400000,
        "costOfRevenue": 23500000,
        "grossProfit": 23900000,
        "grossProfitRatio": 0.5042194093,
        "researchAndDevelopmentExpenses": 0,
        "generalAndAdministrativeExpenses": 0,
        "sellingAndMarketingExpenses": 0,
        "sellingGeneralAndAdministrativeExpenses": 17700000,
        "otherExpenses": 700000,
        "operatingExpenses": 18400000,
        "costAndExpenses": 41900000,
        "interestIncome": 0,
        "interestExpense": 0,
        "depreciationAndAmortization": 700000,
        "ebitda": 6200000,
        "ebitdaratio": 0.1308016878,
        "operatingIncome": 5500000,
        "operatingIncomeRatio": 0.1160337553,
        "totalOtherIncomeExpensesNet": -400000,
        "incomeBeforeTax": 5100000,
        "incomeBeforeTaxRatio": 0.1075949367,
        "incomeTaxExpense": 2100000,
        "netIncome": 3000000,
        "netIncomeRatio": 0.0632911392,
        "eps": 0.0445,
        "epsdiluted": 0.0445,
        "weightedAverageShsOut": 67432399,
        "weightedAverageShsOutDil": 67432399,
        "link": "https://www.sec.gov/Archives/edgar/data/883569/000089907897000150/0000899078-97-000150-index.html",
        "finalLink": "https://www.sec.gov/Archives/edgar/data/883569/"
    },
    {
        "date": "1996-12-31",
        "symbol": "FOSL",
        "reportedCurrency": "USD",
        "cik": "0000883569",
        "fillingDate": "1997-03-31",
        "acceptedDate": "1997-03-31 00:00:00",
        "calendarYear": "1996",
        "period": "Q4",
        "revenue": 64900000,
        "costOfRevenue": 33300000,
        "grossProfit": 31600000,
        "grossProfitRatio": 0.4869029276,
        "researchAndDevelopmentExpenses": 0,
        "generalAndAdministrativeExpenses": 0,
        "sellingAndMarketingExpenses": 0,
        "sellingGeneralAndAdministrativeExpenses": 22600000,
        "otherExpenses": 800000,
        "operatingExpenses": 23400000,
        "costAndExpenses": 56700000,
        "interestIncome": 0,
        "interestExpense": 0,
        "depreciationAndAmortization": 800000,
        "ebitda": 9000000,
        "ebitdaratio": 0.1386748844,
        "operatingIncome": 8200000,
        "operatingIncomeRatio": 0.126348228,
        "totalOtherIncomeExpensesNet": -100000,
        "incomeBeforeTax": 8100000,
        "incomeBeforeTaxRatio": 0.124807396,
        "incomeTaxExpense": 3300000,
        "netIncome": 4800000,
        "netIncomeRatio": 0.0739599384,
        "eps": 0.0731,
        "epsdiluted": 0.0731,
        "weightedAverageShsOut": 65703022,
        "weightedAverageShsOutDil": 65703022,
        "link": "https://www.sec.gov/Archives/edgar/data/883569/000091205797011284/0000912057-97-011284-index.html",
        "finalLink": "https://www.sec.gov/Archives/edgar/data/883569/"
    },
    {
        "date": "1996-09-30",
        "symbol": "FOSL",
        "reportedCurrency": "USD",
        "cik": "0000883569",
        "fillingDate": "1996-11-12",
        "acceptedDate": "1996-11-12 00:00:00",
        "calendarYear": "1996",
        "period": "Q3",
        "revenue": 52800000,
        "costOfRevenue": 26300000,
        "grossProfit": 26500000,
        "grossProfitRatio": 0.5018939394,
        "researchAndDevelopmentExpenses": 0,
        "generalAndAdministrativeExpenses": 0,
        "sellingAndMarketingExpenses": 0,
        "sellingGeneralAndAdministrativeExpenses": 18500000,
        "otherExpenses": 800000,
        "operatingExpenses": 19300000,
        "costAndExpenses": 45600000,
        "interestIncome": 0,
        "interestExpense": 0,
        "depreciationAndAmortization": 800000,
        "ebitda": 8000000,
        "ebitdaratio": 0.1515151515,
        "operatingIncome": 7200000,
        "operatingIncomeRatio": 0.1363636364,
        "totalOtherIncomeExpensesNet": -700000,
        "incomeBeforeTax": 6500000,
        "incomeBeforeTaxRatio": 0.1231060606,
        "incomeTaxExpense": 2700000,
        "netIncome": 3800000,
        "netIncomeRatio": 0.071969697,
        "eps": 0.0578,
        "epsdiluted": 0.0578,
        "weightedAverageShsOut": 65703022,
        "weightedAverageShsOutDil": 65703022,
        "link": "https://www.sec.gov/Archives/edgar/data/883569/000091205796025571/0000912057-96-025571-index.html",
        "finalLink": "https://www.sec.gov/Archives/edgar/data/883569/"
    },
    {
        "date": "1996-06-30",
        "symbol": "FOSL",
        "reportedCurrency": "USD",
        "cik": "0000883569",
        "fillingDate": "1996-08-14",
        "acceptedDate": "1996-08-14 00:00:00",
        "calendarYear": "1996",
        "period": "Q2",
        "revenue": 45200000,
        "costOfRevenue": 22000000,
        "grossProfit": 23200000,
        "grossProfitRatio": 0.5132743363,
        "researchAndDevelopmentExpenses": 0,
        "generalAndAdministrativeExpenses": 0,
        "sellingAndMarketingExpenses": 0,
        "sellingGeneralAndAdministrativeExpenses": 17900000,
        "otherExpenses": 800000,
        "operatingExpenses": 18700000,
        "costAndExpenses": 40700000,
        "interestIncome": 0,
        "interestExpense": 0,
        "depreciationAndAmortization": 800000,
        "ebitda": 5300000,
        "ebitdaratio": 0.1172566372,
        "operatingIncome": 4500000,
        "operatingIncomeRatio": 0.0995575221,
        "totalOtherIncomeExpensesNet": 0,
        "incomeBeforeTax": 4500000,
        "incomeBeforeTaxRatio": 0.0995575221,
        "incomeTaxExpense": 1900000,
        "netIncome": 2600000,
        "netIncomeRatio": 0.0575221239,
        "eps": 0.04,
        "epsdiluted": 0.04,
        "weightedAverageShsOut": 64935065,
        "weightedAverageShsOutDil": 64935065,
        "link": "https://www.sec.gov/Archives/edgar/data/883569/000091205796017950/0000912057-96-017950-index.html",
        "finalLink": "https://www.sec.gov/Archives/edgar/data/883569/"
    },
    {
        "date": "1996-03-31",
        "symbol": "FOSL",
        "reportedCurrency": "USD",
        "cik": "0000883569",
        "fillingDate": "1996-05-15",
        "acceptedDate": "1996-05-15 00:00:00",
        "calendarYear": "1996",
        "period": "Q1",
        "revenue": 42900000,
        "costOfRevenue": 23200000,
        "grossProfit": 19700000,
        "grossProfitRatio": 0.4592074592,
        "researchAndDevelopmentExpenses": 0,
        "generalAndAdministrativeExpenses": 0,
        "sellingAndMarketingExpenses": 0,
        "sellingGeneralAndAdministrativeExpenses": 14800000,
        "otherExpenses": 700000,
        "operatingExpenses": 15500000,
        "costAndExpenses": 38700000,
        "interestIncome": 0,
        "interestExpense": 0,
        "depreciationAndAmortization": 700000,
        "ebitda": 4900000,
        "ebitdaratio": 0.1142191142,
        "operatingIncome": 4200000,
        "operatingIncomeRatio": 0.0979020979,
        "totalOtherIncomeExpensesNet": -300000,
        "incomeBeforeTax": 3900000,
        "incomeBeforeTaxRatio": 0.0909090909,
        "incomeTaxExpense": 1600000,
        "netIncome": 2300000,
        "netIncomeRatio": 0.0536130536,
        "eps": 0.0356,
        "epsdiluted": 0.0356,
        "weightedAverageShsOut": 64623079,
        "weightedAverageShsOutDil": 64623079,
        "link": "https://www.sec.gov/Archives/edgar/data/883569/000091205796009998/0000912057-96-009998-index.html",
        "finalLink": "https://www.sec.gov/Archives/edgar/data/883569/"
    },
    {
        "date": "1995-12-31",
        "symbol": "FOSL",
        "reportedCurrency": "USD",
        "cik": "0000883569",
        "fillingDate": "1995-12-31",
        "acceptedDate": "1995-12-30 19:00:00",
        "calendarYear": "1995",
        "period": "Q4",
        "revenue": 58700000,
        "costOfRevenue": 31200000,
        "grossProfit": 27500000,
        "grossProfitRatio": 0.468483816,
        "researchAndDevelopmentExpenses": 0,
        "generalAndAdministrativeExpenses": 0,
        "sellingAndMarketingExpenses": 0,
        "sellingGeneralAndAdministrativeExpenses": 20400000,
        "otherExpenses": 700000,
        "operatingExpenses": 21100000,
        "costAndExpenses": 52300000,
        "interestIncome": 0,
        "interestExpense": 0,
        "depreciationAndAmortization": 700000,
        "ebitda": 7100000,
        "ebitdaratio": 0.1209540034,
        "operatingIncome": 6400000,
        "operatingIncomeRatio": 0.1090289608,
        "totalOtherIncomeExpensesNet": 300000,
        "incomeBeforeTax": 6700000,
        "incomeBeforeTaxRatio": 0.1141396934,
        "incomeTaxExpense": 2800000,
        "netIncome": 3900000,
        "netIncomeRatio": 0.066439523,
        "eps": 0.0558,
        "epsdiluted": 0.0558,
        "weightedAverageShsOut": 68265068,
        "weightedAverageShsOutDil": 69930070,
        "link": "",
        "finalLink": ""
    },
    {
        "date": "1995-09-30",
        "symbol": "FOSL",
        "reportedCurrency": "USD",
        "cik": "0000883569",
        "fillingDate": "1995-09-30",
        "acceptedDate": "1995-09-29 20:00:00",
        "calendarYear": "1995",
        "period": "Q3",
        "revenue": 43500000,
        "costOfRevenue": 23500000,
        "grossProfit": 20000000,
        "grossProfitRatio": 0.4597701149,
        "researchAndDevelopmentExpenses": 0,
        "generalAndAdministrativeExpenses": 0,
        "sellingAndMarketingExpenses": 0,
        "sellingGeneralAndAdministrativeExpenses": 14800000,
        "otherExpenses": 600000,
        "operatingExpenses": 15400000,
        "costAndExpenses": 38900000,
        "interestIncome": 0,
        "interestExpense": 0,
        "depreciationAndAmortization": 600000,
        "ebitda": 5200000,
        "ebitdaratio": 0.1195402299,
        "operatingIncome": 4600000,
        "operatingIncomeRatio": 0.1057471264,
        "totalOtherIncomeExpensesNet": 100000,
        "incomeBeforeTax": 4700000,
        "incomeBeforeTaxRatio": 0.108045977,
        "incomeTaxExpense": 1900000,
        "netIncome": 2800000,
        "netIncomeRatio": 0.0643678161,
        "eps": 0.04,
        "epsdiluted": 0.04,
        "weightedAverageShsOut": 69930070,
        "weightedAverageShsOutDil": 69930070,
        "link": "",
        "finalLink": ""
    },
    {
        "date": "1995-06-30",
        "symbol": "FOSL",
        "reportedCurrency": "USD",
        "cik": "0000883569",
        "fillingDate": "1995-06-30",
        "acceptedDate": "1995-06-29 20:00:00",
        "calendarYear": "1995",
        "period": "Q2",
        "revenue": 43300000,
        "costOfRevenue": 22800000,
        "grossProfit": 20500000,
        "grossProfitRatio": 0.4734411085,
        "researchAndDevelopmentExpenses": 0,
        "generalAndAdministrativeExpenses": 0,
        "sellingAndMarketingExpenses": 0,
        "sellingGeneralAndAdministrativeExpenses": 14800000,
        "otherExpenses": 600000,
        "operatingExpenses": 15400000,
        "costAndExpenses": 38200000,
        "interestIncome": 0,
        "interestExpense": 0,
        "depreciationAndAmortization": 600000,
        "ebitda": 5700000,
        "ebitdaratio": 0.1316397229,
        "operatingIncome": 5100000,
        "operatingIncomeRatio": 0.1177829099,
        "totalOtherIncomeExpensesNet": -200000,
        "incomeBeforeTax": 4900000,
        "incomeBeforeTaxRatio": 0.1131639723,
        "incomeTaxExpense": 1900000,
        "netIncome": 3000000,
        "netIncomeRatio": 0.0692840647,
        "eps": 0.0445,
        "epsdiluted": 0.0445,
        "weightedAverageShsOut": 67432399,
        "weightedAverageShsOutDil": 67432399,
        "link": "",
        "finalLink": ""
    },
    {
        "date": "1995-03-31",
        "symbol": "FOSL",
        "reportedCurrency": "USD",
        "cik": "0000883569",
        "fillingDate": "1995-03-31",
        "acceptedDate": "1995-03-30 19:00:00",
        "calendarYear": "1995",
        "period": "Q1",
        "revenue": 35500000,
        "costOfRevenue": 18200000,
        "grossProfit": 17300000,
        "grossProfitRatio": 0.4873239437,
        "researchAndDevelopmentExpenses": 0,
        "generalAndAdministrativeExpenses": 0,
        "sellingAndMarketingExpenses": 0,
        "sellingGeneralAndAdministrativeExpenses": 12300000,
        "otherExpenses": 600000,
        "operatingExpenses": 12900000,
        "costAndExpenses": 31100000,
        "interestIncome": 0,
        "interestExpense": 0,
        "depreciationAndAmortization": 600000,
        "ebitda": 5000000,
        "ebitdaratio": 0.1408450704,
        "operatingIncome": 4400000,
        "operatingIncomeRatio": 0.123943662,
        "totalOtherIncomeExpensesNet": -500000,
        "incomeBeforeTax": 3900000,
        "incomeBeforeTaxRatio": 0.1098591549,
        "incomeTaxExpense": 1500000,
        "netIncome": 2400000,
        "netIncomeRatio": 0.0676056338,
        "eps": 0.0356,
        "epsdiluted": 0.0356,
        "weightedAverageShsOut": 67432778,
        "weightedAverageShsOutDil": 67432778,
        "link": "",
        "finalLink": ""
    },
    {
        "date": "1994-12-31",
        "symbol": "FOSL",
        "reportedCurrency": "USD",
        "cik": "0000883569",
        "fillingDate": "1994-12-31",
        "acceptedDate": "1994-12-30 19:00:00",
        "calendarYear": "1994",
        "period": "Q4",
        "revenue": 57600000,
        "costOfRevenue": 30900000,
        "grossProfit": 26700000,
        "grossProfitRatio": 0.4635416667,
        "researchAndDevelopmentExpenses": 0,
        "generalAndAdministrativeExpenses": 0,
        "sellingAndMarketingExpenses": 0,
        "sellingGeneralAndAdministrativeExpenses": 15500000,
        "otherExpenses": 200000,
        "operatingExpenses": 15700000,
        "costAndExpenses": 46600000,
        "interestIncome": 0,
        "interestExpense": 0,
        "depreciationAndAmortization": 200000,
        "ebitda": 11200000,
        "ebitdaratio": 0.1944444444,
        "operatingIncome": 11000000,
        "operatingIncomeRatio": 0.1909722222,
        "totalOtherIncomeExpensesNet": -1000000,
        "incomeBeforeTax": 10000000,
        "incomeBeforeTaxRatio": 0.1736111111,
        "incomeTaxExpense": 3900000,
        "netIncome": 6100000,
        "netIncomeRatio": 0.1059027778,
        "eps": 0.0885,
        "epsdiluted": 0.0885,
        "weightedAverageShsOut": 68931413,
        "weightedAverageShsOutDil": 68931413,
        "link": "",
        "finalLink": ""
    },
    {
        "date": "1994-09-30",
        "symbol": "FOSL",
        "reportedCurrency": "USD",
        "cik": "0000883569",
        "fillingDate": "1994-09-30",
        "acceptedDate": "1994-09-29 20:00:00",
        "calendarYear": "1994",
        "period": "Q3",
        "revenue": 44500000,
        "costOfRevenue": 23900000,
        "grossProfit": 20600000,
        "grossProfitRatio": 0.4629213483,
        "researchAndDevelopmentExpenses": 0,
        "generalAndAdministrativeExpenses": 0,
        "sellingAndMarketingExpenses": 0,
        "sellingGeneralAndAdministrativeExpenses": 12100000,
        "otherExpenses": 700000,
        "operatingExpenses": 12800000,
        "costAndExpenses": 36700000,
        "interestIncome": 0,
        "interestExpense": 0,
        "depreciationAndAmortization": 700000,
        "ebitda": 8500000,
        "ebitdaratio": 0.191011236,
        "operatingIncome": 7800000,
        "operatingIncomeRatio": 0.1752808989,
        "totalOtherIncomeExpensesNet": -300000,
        "incomeBeforeTax": 7500000,
        "incomeBeforeTaxRatio": 0.1685393258,
        "incomeTaxExpense": 2900000,
        "netIncome": 4600000,
        "netIncomeRatio": 0.1033707865,
        "eps": 0.0667,
        "epsdiluted": 0.0667,
        "weightedAverageShsOut": 68931413,
        "weightedAverageShsOutDil": 68931413,
        "link": "",
        "finalLink": ""
    },
    {
        "date": "1994-06-30",
        "symbol": "FOSL",
        "reportedCurrency": "USD",
        "cik": "0000883569",
        "fillingDate": "1994-06-30",
        "acceptedDate": "1994-06-29 20:00:00",
        "calendarYear": "1994",
        "period": "Q2",
        "revenue": 34300000,
        "costOfRevenue": 19500000,
        "grossProfit": 14800000,
        "grossProfitRatio": 0.4314868805,
        "researchAndDevelopmentExpenses": 0,
        "generalAndAdministrativeExpenses": 0,
        "sellingAndMarketingExpenses": 0,
        "sellingGeneralAndAdministrativeExpenses": 10600000,
        "otherExpenses": 300000,
        "operatingExpenses": 10900000,
        "costAndExpenses": 30400000,
        "interestIncome": 0,
        "interestExpense": 0,
        "depreciationAndAmortization": 300000,
        "ebitda": 4200000,
        "ebitdaratio": 0.1224489796,
        "operatingIncome": 3900000,
        "operatingIncomeRatio": 0.1137026239,
        "totalOtherIncomeExpensesNet": 200000,
        "incomeBeforeTax": 4100000,
        "incomeBeforeTaxRatio": 0.1195335277,
        "incomeTaxExpense": 1600000,
        "netIncome": 2500000,
        "netIncomeRatio": 0.0728862974,
        "eps": 0.04,
        "epsdiluted": 0.04,
        "weightedAverageShsOut": 62437562,
        "weightedAverageShsOutDil": 62437562,
        "link": "",
        "finalLink": ""
    },
    {
        "date": "1994-03-31",
        "symbol": "FOSL",
        "reportedCurrency": "USD",
        "cik": "0000883569",
        "fillingDate": "1994-03-31",
        "acceptedDate": "1994-03-30 19:00:00",
        "calendarYear": "1994",
        "period": "Q1",
        "revenue": 25400000,
        "costOfRevenue": 14300000,
        "grossProfit": 11100000,
        "grossProfitRatio": 0.437007874,
        "researchAndDevelopmentExpenses": 0,
        "generalAndAdministrativeExpenses": 0,
        "sellingAndMarketingExpenses": 0,
        "sellingGeneralAndAdministrativeExpenses": 7400000,
        "otherExpenses": 300000,
        "operatingExpenses": 7700000,
        "costAndExpenses": 22000000,
        "interestIncome": 0,
        "interestExpense": 0,
        "depreciationAndAmortization": 300000,
        "ebitda": 3700000,
        "ebitdaratio": 0.1456692913,
        "operatingIncome": 3400000,
        "operatingIncomeRatio": 0.1338582677,
        "totalOtherIncomeExpensesNet": 0,
        "incomeBeforeTax": 3400000,
        "incomeBeforeTaxRatio": 0.1338582677,
        "incomeTaxExpense": 1300000,
        "netIncome": 2100000,
        "netIncomeRatio": 0.0826771654,
        "eps": 0.0311,
        "epsdiluted": 0.0311,
        "weightedAverageShsOut": 67433049,
        "weightedAverageShsOutDil": 67433049,
        "link": "",
        "finalLink": ""
    },
    {
        "date": "1993-12-31",
        "symbol": "FOSL",
        "reportedCurrency": "USD",
        "cik": "0000883569",
        "fillingDate": "1993-12-31",
        "acceptedDate": "1993-12-30 19:00:00",
        "calendarYear": "1993",
        "period": "Q4",
        "revenue": 40900000,
        "costOfRevenue": 22800000,
        "grossProfit": 18100000,
        "grossProfitRatio": 0.4425427873,
        "researchAndDevelopmentExpenses": 0,
        "generalAndAdministrativeExpenses": 0,
        "sellingAndMarketingExpenses": 0,
        "sellingGeneralAndAdministrativeExpenses": 10500000,
        "otherExpenses": 300000,
        "operatingExpenses": 10800000,
        "costAndExpenses": 33600000,
        "interestIncome": 0,
        "interestExpense": 0,
        "depreciationAndAmortization": 300000,
        "ebitda": 7600000,
        "ebitdaratio": 0.1858190709,
        "operatingIncome": 7300000,
        "operatingIncomeRatio": 0.1784841076,
        "totalOtherIncomeExpensesNet": 100000,
        "incomeBeforeTax": 7400000,
        "incomeBeforeTaxRatio": 0.1809290954,
        "incomeTaxExpense": 3100000,
        "netIncome": 4300000,
        "netIncomeRatio": 0.1051344743,
        "eps": 0.0672,
        "epsdiluted": 0.0672,
        "weightedAverageShsOut": 63973995,
        "weightedAverageShsOutDil": 63973995,
        "link": "",
        "finalLink": ""
    },
    {
        "date": "1993-09-30",
        "symbol": "FOSL",
        "reportedCurrency": "USD",
        "cik": "0000883569",
        "fillingDate": "1993-09-30",
        "acceptedDate": "1993-09-29 20:00:00",
        "calendarYear": "1993",
        "period": "Q3",
        "revenue": 28800000,
        "costOfRevenue": 15500000,
        "grossProfit": 13300000,
        "grossProfitRatio": 0.4618055556,
        "researchAndDevelopmentExpenses": 0,
        "generalAndAdministrativeExpenses": 0,
        "sellingAndMarketingExpenses": 0,
        "sellingGeneralAndAdministrativeExpenses": 7300000,
        "otherExpenses": 200000,
        "operatingExpenses": 7500000,
        "costAndExpenses": 23000000,
        "interestIncome": 0,
        "interestExpense": 0,
        "depreciationAndAmortization": 200000,
        "ebitda": 6000000,
        "ebitdaratio": 0.2083333333,
        "operatingIncome": 5800000,
        "operatingIncomeRatio": 0.2013888889,
        "totalOtherIncomeExpensesNet": -100000,
        "incomeBeforeTax": 5700000,
        "incomeBeforeTaxRatio": 0.1979166667,
        "incomeTaxExpense": 2000000,
        "netIncome": 3700000,
        "netIncomeRatio": 0.1284722222,
        "eps": 0.0578,
        "epsdiluted": 0.0578,
        "weightedAverageShsOut": 63973995,
        "weightedAverageShsOutDil": 63973995,
        "link": "",
        "finalLink": ""
    },
    {
        "date": "1993-06-30",
        "symbol": "FOSL",
        "reportedCurrency": "USD",
        "cik": "0000883569",
        "fillingDate": "1993-06-30",
        "acceptedDate": "1993-06-29 20:00:00",
        "calendarYear": "1993",
        "period": "Q2",
        "revenue": 19800000,
        "costOfRevenue": 10800000,
        "grossProfit": 9000000,
        "grossProfitRatio": 0.4545454545,
        "researchAndDevelopmentExpenses": 0,
        "generalAndAdministrativeExpenses": 0,
        "sellingAndMarketingExpenses": 0,
        "sellingGeneralAndAdministrativeExpenses": 6800000,
        "otherExpenses": 200000,
        "operatingExpenses": 7000000,
        "costAndExpenses": 17800000,
        "interestIncome": 0,
        "interestExpense": 0,
        "depreciationAndAmortization": 200000,
        "ebitda": 2200000,
        "ebitdaratio": 0.1111111111,
        "operatingIncome": 2000000,
        "operatingIncomeRatio": 0.101010101,
        "totalOtherIncomeExpensesNet": 0,
        "incomeBeforeTax": 2000000,
        "incomeBeforeTaxRatio": 0.101010101,
        "incomeTaxExpense": -400000,
        "netIncome": 2400000,
        "netIncomeRatio": 0.1212121212,
        "eps": 0.04,
        "epsdiluted": 0.04,
        "weightedAverageShsOut": 59940060,
        "weightedAverageShsOutDil": 59940060,
        "link": "",
        "finalLink": ""
    },
    {
        "date": "1993-03-31",
        "symbol": "FOSL",
        "reportedCurrency": "USD",
        "cik": "0000883569",
        "fillingDate": "1993-03-31",
        "acceptedDate": "1993-03-30 19:00:00",
        "calendarYear": "1993",
        "period": "Q1",
        "revenue": 15700000,
        "costOfRevenue": 9600000,
        "grossProfit": 6100000,
        "grossProfitRatio": 0.3885350318,
        "researchAndDevelopmentExpenses": 0,
        "generalAndAdministrativeExpenses": 0,
        "sellingAndMarketingExpenses": 0,
        "sellingGeneralAndAdministrativeExpenses": 4100000,
        "otherExpenses": 200000,
        "operatingExpenses": 4300000,
        "costAndExpenses": 13900000,
        "interestIncome": 0,
        "interestExpense": 0,
        "depreciationAndAmortization": 200000,
        "ebitda": 2000000,
        "ebitdaratio": 0.127388535,
        "operatingIncome": 1800000,
        "operatingIncomeRatio": 0.1146496815,
        "totalOtherIncomeExpensesNet": -100000,
        "incomeBeforeTax": 1700000,
        "incomeBeforeTaxRatio": 0.1082802548,
        "incomeTaxExpense": 600000,
        "netIncome": 1100000,
        "netIncomeRatio": 0.0700636943,
        "eps": 0.0222,
        "epsdiluted": 0.0222,
        "weightedAverageShsOut": 49451537,
        "weightedAverageShsOutDil": 49451537,
        "link": "",
        "finalLink": ""
    }
]